instruction,price,side,qty,time
newOrder,289,0,520,1686917236
newOrder,294,1,520,1686917236
cancel,289,,,1686917813
cancel,294,,,1686917813
newOrder,290,0,533,1686917837
newOrder,295,1,533,1686917837
newOrder,288,0,411,1686917837
newOrder,299,1,411,1686917837
cancel,288,,,1686918413
cancel,290,,,1686918413
cancel,295,,,1686918413
cancel,299,,,1686918413
newOrder,290,0,539,1686918434
newOrder,295,1,539,1686918434
cancel,290,,,1686919013
cancel,295,,,1686919013
newOrder,290,0,539,1686919035
newOrder,295,1,539,1686919035
cancel,290,,,1686919612
cancel,295,,,1686919612
newOrder,290,0,539,1686919635
newOrder,295,1,539,1686919635
cancel,290,,,1686920212
cancel,295,,,1686920212
newOrder,291,0,547,1686920236
newOrder,296,1,547,1686920236
cancel,291,,,1686920812
cancel,296,,,1686920812
newOrder,291,0,546,1686920834
newOrder,296,1,546,1686920834
cancel,291,,,1686921412
cancel,296,,,1686921412
newOrder,291,0,542,1686921435
newOrder,296,1,542,1686921435
cancel,291,,,1686922012
cancel,296,,,1686922012
newOrder,290,0,534,1686922034
newOrder,295,1,534,1686922034
cancel,290,,,1686922613
cancel,295,,,1686922613
newOrder,290,0,535,1686922635
newOrder,295,1,535,1686922635
cancel,290,,,1686923213
cancel,295,,,1686923213
newOrder,290,0,527,1686923237
newOrder,295,1,527,1686923237
cancel,290,,,1686923813
cancel,295,,,1686923813
newOrder,289,0,524,1686923834
newOrder,295,1,524,1686923834
cancel,289,,,1686924413
cancel,295,,,1686924413
newOrder,290,0,531,1686924431
newOrder,295,1,531,1686924431
cancel,290,,,1686925014
cancel,295,,,1686925014
newOrder,290,0,532,1686925035
newOrder,295,1,532,1686925035
cancel,290,,,1686925613
cancel,295,,,1686925613
newOrder,290,0,534,1686925635
newOrder,296,1,534,1686925635
cancel,290,,,1686926214
cancel,296,,,1686926214
newOrder,290,0,533,1686926236
newOrder,296,1,533,1686926236
cancel,290,,,1686926814
cancel,296,,,1686926814
newOrder,288,0,496,1686926840
newOrder,293,1,496,1686926840
newOrder,273,0,929,1686926840
newOrder,303,1,929,1686926840
cancel,273,,,1686927413
cancel,288,,,1686927413
cancel,293,,,1686927413
cancel,303,,,1686927413
newOrder,288,0,502,1686927438
newOrder,293,1,502,1686927438
newOrder,289,0,50,1686927438
cancel,288,,,1686927721
cancel,289,,,1686927721
cancel,293,,,1686927721
newOrder,290,0,532,1686927730
newOrder,296,1,532,1686927730
newOrder,296,1,281,1686927730
cancel,290,,,1686928013
cancel,296,,,1686928013
cancel,296,,,1686928013
newOrder,295,0,595,1686928639
newOrder,300,1,595,1686928639
newOrder,290,0,1245,1686928639
newOrder,308,1,2044,1686928639
cancel,290,,,1686929214
cancel,295,,,1686929214
cancel,300,,,1686929214
cancel,308,,,1686929214
newOrder,296,0,618,1686929238
newOrder,301,1,618,1686929238
newOrder,297,0,20,1686929238
cancel,296,,,1686929813
cancel,297,,,1686929813
cancel,301,,,1686929813
newOrder,295,0,596,1686929840
newOrder,300,1,596,1686929840
cancel,295,,,1686930413
cancel,300,,,1686930413
newOrder,295,0,606,1686930438
newOrder,301,1,606,1686930438
newOrder,296,0,93,1686930438
cancel,295,,,1686931012
cancel,296,,,1686931012
cancel,301,,,1686931012
newOrder,296,0,610,1686931040
newOrder,301,1,610,1686931040
newOrder,291,0,1319,1686931040
newOrder,306,1,1353,1686931040
cancel,291,,,1686931300
cancel,296,,,1686931300
cancel,306,,,1686931300
newOrder,298,0,652,1686931314
newOrder,304,1,652,1686931314
newOrder,298,0,318,1686931314
cancel,298,,,1686931613
cancel,298,,,1686931613
cancel,304,,,1686931613
newOrder,297,0,625,1686931638
newOrder,302,1,625,1686931638
cancel,297,,,1686932213
cancel,302,,,1686932213
newOrder,297,0,623,1686932237
newOrder,302,1,623,1686932237
cancel,297,,,1686932812
cancel,302,,,1686932812
newOrder,297,0,623,1686932839
newOrder,302,1,623,1686932839
newOrder,294,0,666,1686932839
newOrder,308,1,666,1686932839
cancel,294,,,1686933413
cancel,297,,,1686933413
cancel,302,,,1686933413
cancel,308,,,1686933413
newOrder,297,0,628,1686933437
newOrder,302,1,628,1686933437
cancel,297,,,1686934012
cancel,302,,,1686934012
newOrder,297,0,619,1686934038
newOrder,302,1,619,1686934038
cancel,297,,,1686934613
cancel,302,,,1686934613
newOrder,297,0,632,1686934640
newOrder,303,1,632,1686934640
newOrder,297,0,325,1686934640
newOrder,302,1,61,1686934640
cancel,297,,,1686935214
cancel,297,,,1686935214
cancel,302,,,1686935214
cancel,303,,,1686935214
newOrder,298,0,646,1686935241
newOrder,304,1,646,1686935241
newOrder,299,0,68,1686935241
cancel,298,,,1686935813
cancel,304,,,1686935813
newOrder,297,0,627,1686935839
newOrder,303,1,627,1686935839
newOrder,298,0,37,1686935839
cancel,297,,,1686936413
cancel,298,,,1686936413
cancel,303,,,1686936413
newOrder,299,0,658,1686936440
newOrder,304,1,658,1686936440
newOrder,300,0,16,1686936440
cancel,299,,,1686937013
cancel,300,,,1686937013
cancel,304,,,1686937013
newOrder,298,0,647,1686937038
newOrder,304,1,647,1686937038
cancel,298,,,1686937613
cancel,304,,,1686937613
newOrder,298,0,643,1686937639
newOrder,304,1,643,1686937639
newOrder,303,1,85,1686937639
cancel,298,,,1686938213
cancel,303,,,1686938213
cancel,304,,,1686938213
newOrder,299,0,653,1686938236
newOrder,304,1,653,1686938236
cancel,299,,,1686938814
cancel,304,,,1686938814
newOrder,301,0,686,1686938840
newOrder,306,1,686,1686938840
newOrder,296,0,1498,1686938840
newOrder,310,1,1176,1686938840
cancel,296,,,1686939413
cancel,301,,,1686939413
cancel,306,,,1686939413
cancel,310,,,1686939413
newOrder,300,0,672,1686939439
newOrder,306,1,672,1686939439
newOrder,305,1,101,1686939439
cancel,300,,,1686940012
cancel,305,,,1686940012
cancel,306,,,1686940012
newOrder,300,0,670,1686940038
newOrder,306,1,670,1686940038
newOrder,294,0,1762,1686940038
newOrder,318,1,3107,1686940038
cancel,294,,,1686940571
cancel,300,,,1686940571
cancel,318,,,1686940571
newOrder,303,0,725,1686940582
newOrder,309,1,725,1686940582
newOrder,309,1,336,1686940582
cancel,303,,,1686940614
cancel,309,,,1686940614
cancel,309,,,1686940614
newOrder,305,0,752,1686940642
newOrder,310,1,752,1686940642
cancel,305,,,1686941214
cancel,310,,,1686941214
newOrder,305,0,756,1686941245
newOrder,311,1,756,1686941245
newOrder,305,0,286,1686941245
newOrder,316,1,1776,1686941245
cancel,305,,,1686941703
cancel,305,,,1686941703
cancel,316,,,1686941703
newOrder,308,0,814,1686941710
newOrder,314,1,814,1686941710
cancel,308,,,1686941814
cancel,314,,,1686941814
newOrder,308,0,812,1686941839
newOrder,314,1,812,1686941839
newOrder,313,1,91,1686941839
cancel,308,,,1686942413
cancel,313,,,1686942413
cancel,314,,,1686942413
newOrder,307,0,783,1686942438
newOrder,312,1,783,1686942438
newOrder,306,0,450,1686942438
newOrder,314,1,817,1686942438
cancel,306,,,1686943013
cancel,307,,,1686943013
cancel,312,,,1686943013
cancel,314,,,1686943013
newOrder,308,0,799,1686943037
newOrder,313,1,799,1686943037
cancel,308,,,1686943613
cancel,313,,,1686943613
newOrder,316,0,963,1686943639
newOrder,321,1,963,1686943639
newOrder,311,0,1960,1686943639
newOrder,328,1,2540,1686943639
cancel,311,,,1686944213
cancel,316,,,1686944213
cancel,321,,,1686944213
cancel,328,,,1686944213
newOrder,318,0,998,1686944238
newOrder,323,1,998,1686944238
newOrder,317,0,532,1686944238
newOrder,325,1,959,1686944238
cancel,317,,,1686944813
cancel,318,,,1686944813
cancel,323,,,1686944813
cancel,325,,,1686944813
newOrder,320,0,1053,1686944839
newOrder,326,1,1053,1686944839
newOrder,316,0,1866,1686944839
newOrder,334,1,3325,1686944839
cancel,316,,,1686945413
cancel,320,,,1686945413
cancel,326,,,1686945413
cancel,334,,,1686945413
newOrder,320,0,1054,1686945438
newOrder,326,1,1054,1686945438
newOrder,317,0,1546,1686945438
cancel,317,,,1686945950
cancel,326,,,1686945950
newOrder,317,0,987,1686945957
newOrder,323,1,987,1686945957
newOrder,315,0,1085,1686945957
cancel,315,,,1686946012
cancel,317,,,1686946012
cancel,323,,,1686946012
newOrder,318,0,1010,1686946038
newOrder,324,1,1010,1686946038
newOrder,314,0,1830,1686946038
newOrder,323,1,23,1686946038
cancel,314,,,1686946592
cancel,323,,,1686946592
cancel,324,,,1686946592
newOrder,315,0,945,1686946602
newOrder,321,1,945,1686946602
newOrder,313,0,1051,1686946602
newOrder,321,1,386,1686946602
cancel,313,,,1686946614
cancel,315,,,1686946614
cancel,321,,,1686946614
cancel,321,,,1686946614
newOrder,316,0,967,1686946640
newOrder,322,1,967,1686946640
newOrder,315,0,758,1686946640
cancel,315,,,1686947213
cancel,316,,,1686947213
cancel,322,,,1686947213
newOrder,317,0,972,1686947236
newOrder,322,1,972,1686947236
cancel,317,,,1686947812
cancel,322,,,1686947812
newOrder,319,0,1027,1686947837
newOrder,325,1,1027,1686947837
cancel,319,,,1686948413
cancel,325,,,1686948413
newOrder,320,0,1042,1686948438
newOrder,326,1,1042,1686948438
cancel,320,,,1686949014
cancel,326,,,1686949014
newOrder,320,0,1041,1686949039
newOrder,326,1,1041,1686949039
cancel,320,,,1686949613
cancel,326,,,1686949613
newOrder,320,0,1035,1686949637
newOrder,325,1,1035,1686949637
cancel,320,,,1686950213
cancel,325,,,1686950213
newOrder,320,0,1048,1686950237
newOrder,326,1,1048,1686950237
cancel,320,,,1686950813
cancel,326,,,1686950813
newOrder,319,0,1022,1686950839
newOrder,325,1,1022,1686950839
newOrder,313,0,862,1686950839
newOrder,328,1,862,1686950839
cancel,313,,,1686951414
cancel,319,,,1686951414
cancel,325,,,1686951414
cancel,328,,,1686951414
newOrder,318,0,1004,1686951440
newOrder,324,1,1004,1686951440
newOrder,317,0,801,1686951440
cancel,324,,,1686951856
newOrder,315,0,937,1686951865
newOrder,321,1,937,1686951865
newOrder,311,0,1702,1686951865
newOrder,322,1,712,1686951865
cancel,311,,,1686952013
cancel,315,,,1686952013
cancel,321,,,1686952013
cancel,322,,,1686952013
newOrder,316,0,956,1686952038
newOrder,322,1,956,1686952038
newOrder,311,0,2038,1686952038
cancel,311,,,1686952613
cancel,316,,,1686952613
cancel,322,,,1686952613
newOrder,314,0,911,1686952636
newOrder,320,1,911,1686952636
cancel,314,,,1686953212
cancel,320,,,1686953212
newOrder,315,0,926,1686953236
newOrder,320,1,926,1686953236
cancel,315,,,1686953813
cancel,320,,,1686953813
newOrder,314,0,917,1686953839
newOrder,320,1,917,1686953839
newOrder,304,0,905,1686953839
newOrder,336,1,905,1686953839
cancel,304,,,1686954413
cancel,314,,,1686954413
cancel,320,,,1686954413
cancel,336,,,1686954413
newOrder,314,0,917,1686954437
newOrder,320,1,917,1686954437
cancel,314,,,1686955013
cancel,320,,,1686955013
newOrder,314,0,917,1686955037
newOrder,320,1,917,1686955037
cancel,314,,,1686955615
cancel,320,,,1686955615
newOrder,315,0,934,1686955639
newOrder,321,1,934,1686955639
newOrder,321,1,333,1686955639
cancel,315,,,1686956212
cancel,321,,,1686956212
cancel,321,,,1686956212
newOrder,315,0,925,1686956238
newOrder,321,1,925,1686956238
newOrder,315,0,288,1686956238
newOrder,320,1,144,1686956238
cancel,315,,,1686956813
cancel,315,,,1686956813
cancel,320,,,1686956813
cancel,321,,,1686956813
newOrder,315,0,918,1686956838
newOrder,320,1,918,1686956838
newOrder,312,0,1170,1686956838
newOrder,325,1,1851,1686956838
cancel,312,,,1686957412
cancel,315,,,1686957412
cancel,320,,,1686957412
cancel,325,,,1686957412
newOrder,315,0,935,1686957437
newOrder,321,1,935,1686957437
cancel,315,,,1686958013
cancel,321,,,1686958013
newOrder,315,0,932,1686958037
newOrder,321,1,932,1686958037
cancel,315,,,1686958613
cancel,321,,,1686958613
newOrder,316,0,939,1686958638
newOrder,321,1,939,1686958638
cancel,316,,,1686959213
cancel,321,,,1686959213
newOrder,315,0,916,1686959238
newOrder,320,1,916,1686959238
cancel,315,,,1686959813
cancel,320,,,1686959813
newOrder,315,0,924,1686959838
newOrder,321,1,924,1686959838
newOrder,320,1,67,1686959838
cancel,315,,,1686960412
cancel,320,,,1686960412
cancel,321,,,1686960412
newOrder,314,0,910,1686960436
newOrder,320,1,910,1686960436
cancel,314,,,1686961013
cancel,320,,,1686961013
newOrder,315,0,914,1686961036
newOrder,320,1,914,1686961036
cancel,320,,,1686961529
newOrder,312,0,862,1686961537
newOrder,318,1,862,1686961537
newOrder,318,1,363,1686961537
cancel,312,,,1686961612
cancel,318,,,1686961612
cancel,318,,,1686961612
newOrder,314,0,902,1686961638
newOrder,320,1,902,1686961638
cancel,314,,,1686962213
cancel,320,,,1686962213
newOrder,314,0,893,1686962237
newOrder,319,1,893,1686962237
cancel,314,,,1686962813
cancel,319,,,1686962813
newOrder,314,0,896,1686962838
newOrder,320,1,896,1686962838
cancel,314,,,1686963413
cancel,320,,,1686963413
newOrder,314,0,890,1686963438
newOrder,319,1,890,1686963438
cancel,314,,,1686964013
cancel,319,,,1686964013
newOrder,312,0,861,1686964038
newOrder,318,1,861,1686964038
newOrder,317,1,22,1686964038
cancel,317,,,1686964389
cancel,318,,,1686964389
newOrder,309,0,800,1686964396
newOrder,315,1,800,1686964396
newOrder,309,0,348,1686964396
cancel,309,,,1686964612
cancel,309,,,1686964612
cancel,315,,,1686964612
newOrder,309,0,787,1686964638
newOrder,314,1,787,1686964638
newOrder,309,0,154,1686964638
cancel,309,,,1686965213
cancel,309,,,1686965213
cancel,314,,,1686965213
newOrder,309,0,793,1686965237
newOrder,314,1,793,1686965237
cancel,309,,,1686965813
cancel,314,,,1686965813
newOrder,311,0,829,1686965838
newOrder,316,1,829,1686965838
cancel,311,,,1686966413
cancel,316,,,1686966413
newOrder,311,0,825,1686966436
newOrder,316,1,825,1686966436
cancel,311,,,1686967013
cancel,316,,,1686967013
newOrder,309,0,796,1686967037
newOrder,315,1,796,1686967037
cancel,309,,,1686967613
cancel,315,,,1686967613
newOrder,309,0,793,1686967636
newOrder,315,1,793,1686967636
cancel,309,,,1686968213
cancel,315,,,1686968213
newOrder,310,0,800,1686968236
newOrder,315,1,800,1686968236
cancel,310,,,1686968814
cancel,315,,,1686968814
newOrder,310,0,804,1686968839
newOrder,315,1,804,1686968839
cancel,310,,,1686969412
cancel,315,,,1686969412
newOrder,310,0,817,1686969437
newOrder,316,1,817,1686969437
cancel,310,,,1686970012
cancel,316,,,1686970012
newOrder,311,0,821,1686970036
newOrder,316,1,821,1686970036
cancel,311,,,1686970613
cancel,316,,,1686970613
newOrder,309,0,789,1686970636
newOrder,315,1,789,1686970636
cancel,309,,,1686971213
cancel,315,,,1686971213
newOrder,309,0,793,1686971236
newOrder,315,1,793,1686971236
cancel,309,,,1686971813
cancel,315,,,1686971813
newOrder,309,0,790,1686971837
newOrder,315,1,790,1686971837
cancel,309,,,1686972413
cancel,315,,,1686972413
newOrder,309,0,792,1686972437
newOrder,315,1,792,1686972437
newOrder,310,0,127,1686972437
cancel,309,,,1686973013
cancel,310,,,1686973013
cancel,315,,,1686973013
newOrder,309,0,785,1686973039
newOrder,315,1,785,1686973039
newOrder,304,0,1725,1686973039
newOrder,315,1,368,1686973039
cancel,304,,,1686973612
cancel,309,,,1686973612
cancel,315,,,1686973612
cancel,315,,,1686973612
newOrder,309,0,773,1686973637
newOrder,314,1,773,1686973637
cancel,309,,,1686974213
cancel,314,,,1686974213
newOrder,310,0,793,1686974238
newOrder,315,1,793,1686974238
newOrder,309,0,462,1686974238
cancel,309,,,1686974812
cancel,310,,,1686974812
cancel,315,,,1686974812
newOrder,309,0,789,1686974839
newOrder,315,1,789,1686974839
cancel,309,,,1686975413
cancel,315,,,1686975413
newOrder,309,0,785,1686975440
newOrder,315,1,785,1686975440
newOrder,305,0,1498,1686975440
newOrder,317,1,875,1686975440
cancel,305,,,1686976013
cancel,309,,,1686976013
cancel,315,,,1686976013
cancel,317,,,1686976013
newOrder,310,0,806,1686976039
newOrder,316,1,806,1686976039
newOrder,310,0,408,1686976039
newOrder,316,1,284,1686976039
cancel,310,,,1686976613
cancel,310,,,1686976613
cancel,316,,,1686976613
cancel,316,,,1686976613
newOrder,311,0,819,1686976638
newOrder,317,1,819,1686976638
cancel,311,,,1686977213
cancel,317,,,1686977213
newOrder,311,0,814,1686977238
newOrder,317,1,814,1686977238
newOrder,311,0,276,1686977238
newOrder,317,1,419,1686977238
cancel,311,,,1686977812
cancel,311,,,1686977812
cancel,317,,,1686977812
cancel,317,,,1686977812
newOrder,311,0,805,1686977836
newOrder,316,1,805,1686977836
cancel,311,,,1686978413
cancel,316,,,1686978413
newOrder,311,0,810,1686978437
newOrder,316,1,810,1686978437
cancel,311,,,1686979013
cancel,316,,,1686979013
newOrder,311,0,817,1686979037
newOrder,317,1,817,1686979037
cancel,311,,,1686979613
cancel,317,,,1686979613
newOrder,312,0,824,1686979637
newOrder,317,1,824,1686979637
cancel,312,,,1686980213
cancel,317,,,1686980213
newOrder,311,0,814,1686980237
newOrder,317,1,814,1686980237
cancel,311,,,1686980524
cancel,317,,,1686980524
newOrder,314,0,873,1686980536
newOrder,320,1,873,1686980536
newOrder,305,0,1196,1686980536
newOrder,335,1,1196,1686980536
cancel,305,,,1686980628
cancel,314,,,1686980628
cancel,335,,,1686980628
newOrder,317,0,934,1686980638
newOrder,323,1,934,1686980638
newOrder,317,0,373,1686980638
cancel,317,,,1686980813
cancel,317,,,1686980813
cancel,323,,,1686980813
newOrder,317,0,933,1686980840
newOrder,323,1,933,1686980840
cancel,317,,,1686981415
cancel,323,,,1686981415
newOrder,319,0,971,1686981442
newOrder,325,1,971,1686981442
newOrder,314,0,2009,1686981442
newOrder,326,1,778,1686981442
cancel,314,,,1686981960
cancel,325,,,1686981960
cancel,326,,,1686981960
newOrder,316,0,911,1686981967
newOrder,322,1,911,1686981967
cancel,316,,,1686982014
cancel,322,,,1686982014
newOrder,316,0,908,1686982039
newOrder,322,1,908,1686982039
cancel,316,,,1686982614
cancel,322,,,1686982614
newOrder,318,0,950,1686982640
newOrder,324,1,950,1686982640
newOrder,313,0,2011,1686982640
newOrder,327,1,1393,1686982640
cancel,313,,,1686983213
cancel,318,,,1686983213
cancel,324,,,1686983213
cancel,327,,,1686983213
newOrder,318,0,947,1686983239
newOrder,324,1,947,1686983239
newOrder,313,0,1965,1686983239
newOrder,330,1,2419,1686983239
cancel,313,,,1686983813
cancel,318,,,1686983813
cancel,324,,,1686983813
cancel,330,,,1686983813
newOrder,318,0,944,1686983839
newOrder,324,1,944,1686983839
newOrder,318,0,278,1686983839
cancel,324,,,1686983972
newOrder,315,0,888,1686983978
newOrder,321,1,888,1686983978
cancel,315,,,1686984413
cancel,321,,,1686984413
newOrder,315,0,874,1686984437
newOrder,320,1,874,1686984437
cancel,315,,,1686985013
cancel,320,,,1686985013
newOrder,315,0,880,1686985037
newOrder,321,1,880,1686985037
newOrder,320,1,148,1686985037
cancel,315,,,1686985613
cancel,320,,,1686985613
cancel,321,,,1686985613
newOrder,316,0,895,1686985636
newOrder,321,1,895,1686985636
newOrder,316,0,203,1686985636
cancel,316,,,1686986213
cancel,316,,,1686986213
cancel,321,,,1686986213
newOrder,315,0,879,1686986239
newOrder,321,1,879,1686986239
newOrder,310,0,1450,1686986239
newOrder,326,1,1450,1686986239
cancel,310,,,1686986813
cancel,315,,,1686986813
cancel,321,,,1686986813
cancel,326,,,1686986813
newOrder,316,0,904,1686986837
newOrder,322,1,904,1686986837
newOrder,321,1,35,1686986837
cancel,316,,,1686987413
cancel,321,,,1686987413
cancel,322,,,1686987413
newOrder,316,0,902,1686987438
newOrder,322,1,902,1686987438
newOrder,321,1,57,1686987438
cancel,316,,,1686988012
cancel,321,,,1686988012
cancel,322,,,1686988012
newOrder,316,0,900,1686988036
newOrder,322,1,900,1686988036
cancel,316,,,1686988613
cancel,322,,,1686988613
newOrder,316,0,907,1686988636
newOrder,322,1,907,1686988636
cancel,316,,,1686989213
cancel,322,,,1686989213
newOrder,316,0,906,1686989237
newOrder,322,1,906,1686989237
cancel,316,,,1686989813
cancel,322,,,1686989813
newOrder,316,0,903,1686989836
newOrder,322,1,903,1686989836
cancel,316,,,1686990413
cancel,322,,,1686990413
newOrder,316,0,888,1686990437
newOrder,321,1,888,1686990437
newOrder,315,0,528,1686990437
newOrder,323,1,817,1686990437
cancel,315,,,1686991013
cancel,316,,,1686991013
cancel,321,,,1686991013
cancel,323,,,1686991013
newOrder,316,0,898,1686991035
newOrder,322,1,898,1686991035
cancel,316,,,1686991614
cancel,322,,,1686991614
newOrder,316,0,883,1686991638
newOrder,321,1,883,1686991638
cancel,316,,,1686992213
cancel,321,,,1686992213
newOrder,316,0,901,1686992238
newOrder,322,1,901,1686992238
newOrder,313,0,1398,1686992238
newOrder,325,1,1222,1686992238
cancel,313,,,1686992812
cancel,316,,,1686992812
cancel,322,,,1686992812
cancel,325,,,1686992812
newOrder,317,0,903,1686992835
newOrder,322,1,903,1686992835
cancel,317,,,1686993414
cancel,322,,,1686993414
newOrder,317,0,901,1686993438
newOrder,322,1,901,1686993438
cancel,317,,,1686994013
cancel,322,,,1686994013
newOrder,317,0,918,1686994036
newOrder,323,1,918,1686994036
cancel,317,,,1686994613
cancel,323,,,1686994613
newOrder,317,0,915,1686994637
newOrder,323,1,915,1686994637
cancel,317,,,1686995213
cancel,323,,,1686995213
newOrder,317,0,912,1686995236
newOrder,323,1,912,1686995236
cancel,317,,,1686995813
cancel,323,,,1686995813
newOrder,317,0,906,1686995838
newOrder,323,1,906,1686995838
cancel,317,,,1686996413
cancel,323,,,1686996413
newOrder,316,0,886,1686996437
newOrder,322,1,886,1686996437
newOrder,317,0,14,1686996437
cancel,316,,,1686997013
cancel,317,,,1686997013
cancel,322,,,1686997013
newOrder,317,0,911,1686997039
newOrder,323,1,911,1686997039
newOrder,317,0,403,1686997039
newOrder,322,1,5,1686997039
cancel,317,,,1686997614
cancel,317,,,1686997614
cancel,323,,,1686997614
newOrder,318,0,916,1686997638
newOrder,323,1,916,1686997638
cancel,318,,,1686998213
cancel,323,,,1686998213
newOrder,318,0,920,1686998238
newOrder,324,1,920,1686998238
newOrder,316,0,909,1686998238
cancel,316,,,1686998812
cancel,318,,,1686998812
cancel,324,,,1686998812
newOrder,318,0,917,1686998836
newOrder,323,1,917,1686998836
cancel,318,,,1686999413
cancel,323,,,1686999413
newOrder,318,0,913,1686999436
newOrder,323,1,913,1686999436
cancel,318,,,1687000013
cancel,323,,,1687000013
newOrder,317,0,898,1687000035
newOrder,323,1,898,1687000035
cancel,317,,,1687000612
cancel,323,,,1687000612
newOrder,317,0,892,1687000636
newOrder,322,1,892,1687000636
cancel,317,,,1687001213
cancel,322,,,1687001213
newOrder,316,0,881,1687001238
newOrder,322,1,881,1687001238
newOrder,317,0,58,1687001238
cancel,316,,,1687001813
cancel,317,,,1687001813
cancel,322,,,1687001813
newOrder,316,0,879,1687001837
newOrder,322,1,879,1687001837
newOrder,317,0,33,1687001837
newOrder,321,1,60,1687001837
cancel,316,,,1687002413
cancel,317,,,1687002413
cancel,321,,,1687002413
cancel,322,,,1687002413
newOrder,316,0,874,1687002438
newOrder,322,1,874,1687002438
newOrder,304,0,528,1687002438
newOrder,331,1,528,1687002438
cancel,304,,,1687003012
cancel,316,,,1687003012
cancel,322,,,1687003012
cancel,331,,,1687003012
newOrder,316,0,866,1687003039
newOrder,321,1,866,1687003039
newOrder,316,0,185,1687003039
cancel,316,,,1687003613
cancel,316,,,1687003613
cancel,321,,,1687003613