instruction,price,side,qty,time
cancel,397,,,1683807141
cancel,605,,,1683807141
newOrder,398,0,26,1683807172
newOrder,605,1,26,1683807172
cancel,398,,,1683807741
cancel,605,,,1683807741
newOrder,396,0,25,1683807771
newOrder,605,1,25,1683807771
cancel,396,,,1683808341
cancel,605,,,1683808341
newOrder,398,0,26,1683808375
newOrder,605,1,26,1683808375
newOrder,345,0,118,1683808375
newOrder,749,1,118,1683808375
cancel,345,,,1683808941
cancel,398,,,1683808941
cancel,605,,,1683808941
cancel,749,,,1683808941
newOrder,396,0,25,1683808973
newOrder,605,1,25,1683808973
newOrder,345,0,108,1683808973
newOrder,749,1,108,1683808973
cancel,345,,,1683809541
cancel,396,,,1683809541
cancel,605,,,1683809541
cancel,749,,,1683809541
newOrder,396,0,25,1683809573
newOrder,605,1,25,1683809573
newOrder,345,0,18,1683809573
newOrder,749,1,18,1683809573
cancel,345,,,1683810141
cancel,396,,,1683810141
cancel,605,,,1683810141
cancel,749,,,1683810141
newOrder,395,0,25,1683810174
newOrder,605,1,25,1683810174
cancel,395,,,1683810741
cancel,605,,,1683810741
newOrder,394,0,25,1683810773
newOrder,605,1,25,1683810773
newOrder,394,0,9,1683810773
cancel,394,,,1683811341
cancel,394,,,1683811341
cancel,605,,,1683811341
newOrder,393,0,24,1683811371
newOrder,605,1,24,1683811371
cancel,393,,,1683811941
cancel,605,,,1683811941
newOrder,393,0,24,1683811972
newOrder,605,1,24,1683811972
cancel,393,,,1683812541
cancel,605,,,1683812541
newOrder,394,0,24,1683812572
newOrder,605,1,24,1683812572
cancel,394,,,1683813142
cancel,605,,,1683813142
newOrder,392,0,24,1683813174
newOrder,605,1,24,1683813174
cancel,392,,,1683813741
cancel,605,,,1683813741
newOrder,391,0,23,1683813772
newOrder,605,1,23,1683813772
cancel,391,,,1683814340
cancel,605,,,1683814340
newOrder,391,0,23,1683814371
newOrder,605,1,23,1683814371
cancel,391,,,1683814941
cancel,605,,,1683814941
newOrder,393,0,24,1683814970
newOrder,605,1,24,1683814970
cancel,393,,,1683815540
cancel,605,,,1683815540
newOrder,393,0,24,1683815573
newOrder,605,1,24,1683815573
cancel,393,,,1683816142
cancel,605,,,1683816142
newOrder,392,0,24,1683816175
newOrder,605,1,24,1683816175
newOrder,391,0,15,1683816175
cancel,391,,,1683816741
cancel,392,,,1683816741
cancel,605,,,1683816741
newOrder,392,0,23,1683816773
newOrder,605,1,23,1683816773
cancel,392,,,1683817341
cancel,605,,,1683817341
newOrder,393,0,24,1683817372
newOrder,605,1,24,1683817372
cancel,393,,,1683817941
cancel,605,,,1683817941
newOrder,391,0,23,1683817974
newOrder,605,1,23,1683817974
newOrder,392,0,1,1683817974
cancel,391,,,1683818539
cancel,392,,,1683818539
cancel,605,,,1683818539
newOrder,392,0,23,1683818576
newOrder,605,1,23,1683818576
cancel,392,,,1683819141
cancel,605,,,1683819141
newOrder,392,0,23,1683819175
newOrder,605,1,23,1683819175
cancel,392,,,1683819741
cancel,605,,,1683819741
newOrder,390,0,23,1683819772
newOrder,605,1,23,1683819772
cancel,390,,,1683820341
cancel,605,,,1683820341
newOrder,390,0,23,1683820371
newOrder,605,1,23,1683820371
cancel,390,,,1683820941
cancel,605,,,1683820941
newOrder,389,0,22,1683820972
newOrder,605,1,22,1683820972
cancel,389,,,1683821541
cancel,605,,,1683821541
newOrder,386,0,21,1683821572
newOrder,605,1,21,1683821572
cancel,386,,,1683822141
cancel,605,,,1683822141
newOrder,386,0,21,1683822177
newOrder,605,1,21,1683822177
cancel,386,,,1683822740
cancel,605,,,1683822740
newOrder,386,0,21,1683822773
newOrder,605,1,21,1683822773
cancel,386,,,1683823341
cancel,605,,,1683823341
newOrder,386,0,21,1683823373
newOrder,605,1,21,1683823373
cancel,386,,,1683823941
cancel,605,,,1683823941
newOrder,386,0,21,1683823971
newOrder,605,1,21,1683823971
cancel,386,,,1683824540
cancel,605,,,1683824540
newOrder,384,0,20,1683824573
newOrder,605,1,20,1683824573
cancel,384,,,1683825141
cancel,605,,,1683825141
newOrder,382,0,20,1683825172
newOrder,605,1,20,1683825172
newOrder,381,0,12,1683825172
cancel,381,,,1683825692
cancel,605,,,1683825692
newOrder,378,0,19,1683825699
newOrder,606,1,19,1683825699
cancel,378,,,1683825742
cancel,606,,,1683825742
newOrder,378,0,19,1683825811
newOrder,605,1,19,1683825811
newOrder,345,0,72,1683825811
newOrder,749,1,72,1683825811
cancel,345,,,1683825903
cancel,605,,,1683825903
cancel,749,,,1683825903
newOrder,374,0,18,1683825909
newOrder,606,1,18,1683825909
cancel,374,,,1683826340
cancel,606,,,1683826340
newOrder,379,0,19,1683826373
newOrder,605,1,19,1683826373
cancel,379,,,1683826941
cancel,605,,,1683826941
newOrder,379,0,19,1683826973
newOrder,605,1,19,1683826973
cancel,379,,,1683827541
cancel,605,,,1683827541
newOrder,379,0,19,1683827573
newOrder,605,1,19,1683827573
cancel,379,,,1683828140
cancel,605,,,1683828140
newOrder,379,0,19,1683828173
newOrder,605,1,19,1683828173
newOrder,345,0,83,1683828173
cancel,345,,,1683828741
cancel,379,,,1683828741
cancel,605,,,1683828741
newOrder,379,0,19,1683828773
newOrder,605,1,19,1683828773
newOrder,345,0,14,1683828773
cancel,345,,,1683829341
cancel,379,,,1683829341
cancel,605,,,1683829341
newOrder,378,0,18,1683829374
newOrder,605,1,18,1683829374
newOrder,345,0,53,1683829374
cancel,345,,,1683829941
cancel,378,,,1683829941
cancel,605,,,1683829941
newOrder,379,0,19,1683829974
newOrder,605,1,19,1683829974
newOrder,345,0,28,1683829974
cancel,345,,,1683830541
cancel,379,,,1683830541
cancel,605,,,1683830541
newOrder,379,0,19,1683830572
newOrder,605,1,19,1683830572
newOrder,345,0,71,1683830572
cancel,345,,,1683831141
cancel,379,,,1683831141
cancel,605,,,1683831141
newOrder,380,0,19,1683831172
newOrder,605,1,19,1683831172
newOrder,345,0,42,1683831172
cancel,345,,,1683831740
cancel,380,,,1683831740
cancel,605,,,1683831740
newOrder,379,0,19,1683831772
newOrder,605,1,19,1683831772
newOrder,345,0,84,1683831772
cancel,345,,,1683831996
cancel,605,,,1683831996
newOrder,375,0,18,1683832004
newOrder,606,1,18,1683832004
newOrder,345,0,24,1683832004
newOrder,749,1,24,1683832004
cancel,345,,,1683832340
cancel,375,,,1683832340
cancel,606,,,1683832340
cancel,749,,,1683832340
newOrder,376,0,18,1683832372
newOrder,605,1,18,1683832372
cancel,376,,,1683832940
cancel,605,,,1683832940
newOrder,377,0,18,1683832973
newOrder,605,1,18,1683832973
cancel,377,,,1683833540
cancel,605,,,1683833540
newOrder,375,0,17,1683833573
newOrder,605,1,17,1683833573
newOrder,375,0,6,1683833573
cancel,605,,,1683833789
newOrder,371,0,16,1683833800
newOrder,606,1,16,1683833800
newOrder,367,0,28,1683833800
cancel,367,,,1683833883
cancel,606,,,1683833883
newOrder,367,0,15,1683833891
newOrder,606,1,15,1683833891
newOrder,355,0,26,1683833891
cancel,355,,,1683833908
cancel,606,,,1683833908
newOrder,363,0,14,1683833914
newOrder,607,1,14,1683833914
newOrder,361,0,16,1683833914
cancel,361,,,1683834141
cancel,363,,,1683834141
cancel,607,,,1683834141
newOrder,362,0,14,1683834174
newOrder,605,1,14,1683834174
cancel,362,,,1683834741
cancel,605,,,1683834741
newOrder,362,0,14,1683834770
newOrder,605,1,14,1683834770
cancel,362,,,1683835341
cancel,605,,,1683835341
newOrder,361,0,14,1683835376
newOrder,605,1,14,1683835376
cancel,361,,,1683835941
cancel,605,,,1683835941
newOrder,360,0,14,1683835972
newOrder,605,1,14,1683835972
newOrder,345,0,21,1683835972
cancel,345,,,1683836541
cancel,360,,,1683836541
cancel,605,,,1683836541
newOrder,359,0,13,1683836572
newOrder,605,1,13,1683836572
newOrder,345,0,63,1683836572
cancel,345,,,1683837141
cancel,359,,,1683837141
cancel,605,,,1683837141
newOrder,360,0,13,1683837172
newOrder,605,1,13,1683837172
newOrder,345,0,67,1683837172
cancel,345,,,1683837741
cancel,360,,,1683837741
cancel,605,,,1683837741
newOrder,361,0,14,1683837775
newOrder,605,1,14,1683837775
newOrder,345,0,29,1683837775
cancel,345,,,1683838341
cancel,361,,,1683838341
cancel,605,,,1683838341
newOrder,360,0,13,1683838371
newOrder,605,1,13,1683838371
newOrder,345,0,52,1683838371
cancel,345,,,1683838941
cancel,360,,,1683838941
cancel,605,,,1683838941
newOrder,360,0,13,1683838973
newOrder,605,1,13,1683838973
newOrder,345,0,48,1683838973
cancel,345,,,1683839541
cancel,360,,,1683839541
cancel,605,,,1683839541
newOrder,362,0,14,1683839571
newOrder,605,1,14,1683839571
newOrder,345,0,69,1683839571
cancel,345,,,1683840142
cancel,362,,,1683840142
cancel,605,,,1683840142
newOrder,362,0,14,1683840173
newOrder,605,1,14,1683840173
newOrder,345,0,31,1683840173
cancel,345,,,1683840741
cancel,362,,,1683840741
cancel,605,,,1683840741
newOrder,362,0,14,1683840773
newOrder,605,1,14,1683840773
newOrder,345,0,67,1683840773
cancel,345,,,1683841341
cancel,362,,,1683841341
cancel,605,,,1683841341
newOrder,363,0,14,1683841372
newOrder,605,1,14,1683841372
newOrder,345,0,25,1683841372
cancel,345,,,1683841941
cancel,363,,,1683841941
cancel,605,,,1683841941
newOrder,364,0,14,1683841972
newOrder,605,1,14,1683841972
newOrder,345,0,11,1683841972
cancel,345,,,1683842541
cancel,364,,,1683842541
cancel,605,,,1683842541
newOrder,365,0,15,1683842574
newOrder,605,1,15,1683842574
newOrder,345,0,37,1683842574
cancel,345,,,1683843141
cancel,365,,,1683843141
cancel,605,,,1683843141
newOrder,365,0,15,1683843171
newOrder,605,1,15,1683843171
cancel,365,,,1683843741
cancel,605,,,1683843741
newOrder,367,0,15,1683843772
newOrder,605,1,15,1683843772
cancel,367,,,1683844341
cancel,605,,,1683844341
newOrder,366,0,15,1683844371
newOrder,605,1,15,1683844371
cancel,366,,,1683844941
cancel,605,,,1683844941
newOrder,365,0,14,1683844972
newOrder,605,1,14,1683844972
newOrder,365,0,3,1683844972
cancel,365,,,1683845541
cancel,365,,,1683845541
cancel,605,,,1683845541
newOrder,364,0,14,1683845571
newOrder,605,1,14,1683845571
cancel,364,,,1683846741
cancel,605,,,1683846741
newOrder,363,0,14,1683846770
newOrder,605,1,14,1683846770
cancel,363,,,1683847340
cancel,605,,,1683847340
newOrder,364,0,14,1683847371
newOrder,605,1,14,1683847371
cancel,364,,,1683847941
cancel,605,,,1683847941
newOrder,365,0,14,1683847972
newOrder,605,1,14,1683847972
cancel,365,,,1683848541
cancel,605,,,1683848541
newOrder,369,0,16,1683848572
newOrder,605,1,16,1683848572
cancel,369,,,1683849140
cancel,605,,,1683849140
newOrder,370,0,16,1683849172
newOrder,605,1,16,1683849172
newOrder,345,0,60,1683849172
cancel,345,,,1683849741
cancel,370,,,1683849741
cancel,605,,,1683849741
newOrder,370,0,16,1683849773
newOrder,605,1,16,1683849773
newOrder,345,0,68,1683849773
cancel,345,,,1683850340
cancel,370,,,1683850340
cancel,605,,,1683850340
newOrder,369,0,15,1683850370
newOrder,605,1,15,1683850370
cancel,369,,,1683850944
cancel,605,,,1683850944
newOrder,369,0,15,1683850977
newOrder,605,1,15,1683850977
cancel,369,,,1683851540
cancel,605,,,1683851540
newOrder,369,0,15,1683851573
newOrder,605,1,15,1683851573
cancel,369,,,1683852141
cancel,605,,,1683852141
newOrder,369,0,15,1683852171
newOrder,605,1,15,1683852171
cancel,369,,,1683852741
cancel,605,,,1683852741
newOrder,369,0,15,1683852773
newOrder,605,1,15,1683852773
cancel,369,,,1683853342
cancel,605,,,1683853342
newOrder,370,0,16,1683853371
newOrder,605,1,16,1683853371
cancel,370,,,1683853941
cancel,605,,,1683853941
newOrder,372,0,16,1683853971
newOrder,605,1,16,1683853971
cancel,372,,,1683854540
cancel,605,,,1683854540
newOrder,370,0,15,1683854573
newOrder,605,1,15,1683854573
cancel,370,,,1683855140
cancel,605,,,1683855140
newOrder,369,0,15,1683855172
newOrder,605,1,15,1683855172
cancel,369,,,1683855739
cancel,605,,,1683855739
newOrder,368,0,15,1683855777
newOrder,605,1,15,1683855777
cancel,368,,,1683856341
cancel,605,,,1683856341
newOrder,367,0,15,1683856370
newOrder,605,1,15,1683856370
cancel,367,,,1683856944
cancel,605,,,1683856944
newOrder,366,0,14,1683856991
newOrder,605,1,14,1683856991
cancel,366,,,1683857540
cancel,605,,,1683857540
newOrder,366,0,14,1683857572
newOrder,605,1,14,1683857572
cancel,366,,,1683858141
cancel,605,,,1683858141
newOrder,366,0,14,1683858169
newOrder,605,1,14,1683858169
cancel,366,,,1683858740
cancel,605,,,1683858740
newOrder,366,0,15,1683858770
newOrder,605,1,15,1683858770
cancel,366,,,1683859340
cancel,605,,,1683859340
newOrder,365,0,14,1683859371
newOrder,605,1,14,1683859371
cancel,365,,,1683859940
cancel,605,,,1683859940
newOrder,365,0,14,1683859971
newOrder,605,1,14,1683859971
cancel,605,,,1683860180
newOrder,361,0,13,1683860189
newOrder,606,1,13,1683860189
newOrder,362,0,3,1683860189
cancel,361,,,1683860541
cancel,362,,,1683860541
cancel,606,,,1683860541
newOrder,362,0,13,1683860572
newOrder,605,1,13,1683860572
cancel,362,,,1683861141
cancel,605,,,1683861141
newOrder,361,0,13,1683861171
newOrder,605,1,13,1683861171
cancel,361,,,1683861741
cancel,605,,,1683861741
newOrder,362,0,13,1683861771
newOrder,605,1,13,1683861771
cancel,362,,,1683862340
cancel,605,,,1683862340
newOrder,363,0,14,1683862371
newOrder,605,1,14,1683862371
cancel,363,,,1683862941
cancel,605,,,1683862941
newOrder,363,0,14,1683862972
newOrder,605,1,14,1683862972
cancel,363,,,1683863541
cancel,605,,,1683863541
newOrder,364,0,14,1683863571
newOrder,605,1,14,1683863571
cancel,364,,,1683864142
cancel,605,,,1683864142
newOrder,362,0,13,1683864174
newOrder,605,1,13,1683864174
cancel,362,,,1683864741
cancel,605,,,1683864741
newOrder,365,0,14,1683864777
newOrder,605,1,14,1683864777
cancel,365,,,1683865341
cancel,605,,,1683865341
newOrder,365,0,14,1683865375
newOrder,605,1,14,1683865375
cancel,365,,,1683865940
cancel,605,,,1683865940
newOrder,364,0,14,1683865971
newOrder,605,1,14,1683865971
cancel,364,,,1683866540
cancel,605,,,1683866540
newOrder,364,0,14,1683866573
newOrder,605,1,14,1683866573
cancel,364,,,1683867142
cancel,605,,,1683867142
newOrder,364,0,14,1683867171
newOrder,605,1,14,1683867171
cancel,364,,,1683867741
cancel,605,,,1683867741
newOrder,365,0,14,1683867771
newOrder,605,1,14,1683867771
cancel,365,,,1683868341
cancel,605,,,1683868341
newOrder,365,0,14,1683868370
newOrder,605,1,14,1683868370
cancel,365,,,1683868941
cancel,605,,,1683868941
newOrder,364,0,14,1683868974
newOrder,605,1,14,1683868974
cancel,364,,,1683869541
cancel,605,,,1683869541
newOrder,364,0,14,1683869574
newOrder,605,1,14,1683869574
newOrder,345,0,17,1683869574
newOrder,749,1,17,1683869574
cancel,345,,,1683870141
cancel,364,,,1683870141
cancel,605,,,1683870141
cancel,749,,,1683870141
newOrder,363,0,13,1683870172
newOrder,605,1,13,1683870172
newOrder,345,0,42,1683870172
newOrder,749,1,42,1683870172
cancel,345,,,1683870742
cancel,363,,,1683870742
cancel,605,,,1683870742
cancel,749,,,1683870742
newOrder,357,0,12,1683870776
newOrder,605,1,12,1683870776
newOrder,345,0,22,1683870776
newOrder,749,1,22,1683870776
cancel,345,,,1683871341
cancel,357,,,1683871341
cancel,605,,,1683871341
cancel,749,,,1683871341
newOrder,357,0,12,1683871373
newOrder,605,1,12,1683871373
newOrder,345,0,39,1683871373
newOrder,749,1,39,1683871373
cancel,345,,,1683871941
cancel,357,,,1683871941
cancel,605,,,1683871941
cancel,749,,,1683871941
newOrder,357,0,12,1683871973
newOrder,605,1,12,1683871973
newOrder,345,0,41,1683871973
newOrder,749,1,41,1683871973
cancel,345,,,1683872541
cancel,357,,,1683872541
cancel,605,,,1683872541
cancel,749,,,1683872541
newOrder,355,0,12,1683872574
newOrder,605,1,12,1683872574
newOrder,345,0,41,1683872574
newOrder,749,1,63,1683872574
cancel,345,,,1683873141
cancel,355,,,1683873141
cancel,605,,,1683873141
cancel,749,,,1683873141
newOrder,355,0,12,1683873172
newOrder,605,1,12,1683873172
newOrder,345,0,41,1683873172
newOrder,749,1,54,1683873172
cancel,345,,,1683873741
cancel,355,,,1683873741
cancel,605,,,1683873741
cancel,749,,,1683873741
newOrder,357,0,12,1683873773
newOrder,605,1,12,1683873773
newOrder,345,0,36,1683873773
newOrder,749,1,36,1683873773
cancel,345,,,1683874341
cancel,357,,,1683874341
cancel,605,,,1683874341
cancel,749,,,1683874341
newOrder,359,0,12,1683874372
newOrder,605,1,12,1683874372
newOrder,345,0,48,1683874372
newOrder,749,1,48,1683874372
cancel,345,,,1683874941
cancel,359,,,1683874941
cancel,605,,,1683874941
cancel,749,,,1683874941
newOrder,360,0,13,1683874973
newOrder,605,1,13,1683874973
newOrder,345,0,62,1683874973
newOrder,749,1,65,1683874973
cancel,345,,,1683875541
cancel,360,,,1683875541
cancel,605,,,1683875541
cancel,749,,,1683875541
newOrder,359,0,12,1683875573
newOrder,605,1,12,1683875573
newOrder,345,0,58,1683875573
newOrder,749,1,58,1683875573
cancel,345,,,1683876140
cancel,359,,,1683876140
cancel,605,,,1683876140
cancel,749,,,1683876140
newOrder,361,0,13,1683876172
newOrder,605,1,13,1683876172
newOrder,345,0,58,1683876172
newOrder,749,1,58,1683876172
cancel,345,,,1683876741
cancel,361,,,1683876741
cancel,605,,,1683876741
cancel,749,,,1683876741
newOrder,362,0,13,1683876772
newOrder,605,1,13,1683876772
newOrder,345,0,11,1683876772
newOrder,749,1,11,1683876772
cancel,345,,,1683877341
cancel,362,,,1683877341
cancel,605,,,1683877341
cancel,749,,,1683877341
newOrder,362,0,13,1683877374
newOrder,605,1,13,1683877374
newOrder,345,0,59,1683877374
newOrder,749,1,59,1683877374
cancel,345,,,1683877941
cancel,362,,,1683877941
cancel,605,,,1683877941
cancel,749,,,1683877941
newOrder,362,0,13,1683877971
newOrder,605,1,13,1683877971
newOrder,345,0,60,1683877971
newOrder,749,1,60,1683877971
cancel,345,,,1683878540
cancel,362,,,1683878540
cancel,605,,,1683878540
cancel,749,,,1683878540
newOrder,362,0,13,1683878571
newOrder,605,1,13,1683878571
newOrder,345,0,51,1683878571
newOrder,749,1,51,1683878571
cancel,345,,,1683879141
cancel,362,,,1683879141
cancel,605,,,1683879141
cancel,749,,,1683879141
newOrder,362,0,13,1683879173
newOrder,605,1,13,1683879173
newOrder,345,0,61,1683879173
newOrder,749,1,61,1683879173
cancel,345,,,1683879741
cancel,362,,,1683879741
cancel,605,,,1683879741
cancel,749,,,1683879741
newOrder,361,0,13,1683879773
newOrder,605,1,13,1683879773
newOrder,345,0,20,1683879773
newOrder,749,1,20,1683879773
cancel,345,,,1683880340
cancel,361,,,1683880340
cancel,605,,,1683880340
cancel,749,,,1683880340
newOrder,360,0,13,1683880372
newOrder,605,1,13,1683880372
newOrder,345,0,44,1683880372
newOrder,749,1,44,1683880372
cancel,345,,,1683880941
cancel,360,,,1683880941
cancel,605,,,1683880941
cancel,749,,,1683880941
newOrder,361,0,13,1683880970
newOrder,605,1,13,1683880970
cancel,361,,,1683881541
cancel,605,,,1683881541
newOrder,362,0,13,1683881580
newOrder,605,1,13,1683881580
cancel,362,,,1683882140
cancel,605,,,1683882140
newOrder,362,0,13,1683882172
newOrder,605,1,13,1683882172
cancel,362,,,1683882740
cancel,605,,,1683882740
newOrder,363,0,13,1683882770
newOrder,605,1,13,1683882770
cancel,363,,,1683883341
cancel,605,,,1683883341
newOrder,364,0,13,1683883373
newOrder,605,1,13,1683883373
cancel,364,,,1683883941
cancel,605,,,1683883941
newOrder,364,0,13,1683883972
newOrder,605,1,13,1683883972
cancel,364,,,1683884541
cancel,605,,,1683884541
newOrder,366,0,14,1683884572
newOrder,605,1,14,1683884572
cancel,366,,,1683885140
cancel,605,,,1683885140
newOrder,366,0,14,1683885170
newOrder,605,1,14,1683885170
cancel,366,,,1683885740
cancel,605,,,1683885740
newOrder,366,0,14,1683885773
newOrder,605,1,14,1683885773
newOrder,345,0,31,1683885773
newOrder,749,1,31,1683885773
cancel,345,,,1683886340
cancel,366,,,1683886340
cancel,605,,,1683886340
cancel,749,,,1683886340
newOrder,366,0,14,1683886372
newOrder,605,1,14,1683886372
newOrder,345,0,60,1683886372
newOrder,749,1,60,1683886372
cancel,345,,,1683886941
cancel,366,,,1683886941
cancel,605,,,1683886941
cancel,749,,,1683886941
newOrder,371,0,15,1683886971
newOrder,605,1,15,1683886971
cancel,371,,,1683887540
cancel,605,,,1683887540
newOrder,371,0,15,1683887570
newOrder,605,1,15,1683887570
cancel,371,,,1683888140
cancel,605,,,1683888140
newOrder,370,0,15,1683888176
newOrder,605,1,15,1683888176
cancel,370,,,1683888741
cancel,605,,,1683888741
newOrder,370,0,15,1683888771
newOrder,605,1,15,1683888771
cancel,370,,,1683889341
cancel,605,,,1683889341
newOrder,370,0,15,1683889373
newOrder,605,1,15,1683889373
cancel,370,,,1683889940
cancel,605,,,1683889940
newOrder,370,0,15,1683889972
newOrder,605,1,15,1683889972
cancel,370,,,1683890541
cancel,605,,,1683890541
newOrder,371,0,15,1683890570
newOrder,605,1,15,1683890570
cancel,371,,,1683891141
cancel,605,,,1683891141
newOrder,371,0,15,1683891170
newOrder,605,1,15,1683891170
cancel,371,,,1683891741
cancel,605,,,1683891741
newOrder,370,0,15,1683891771
newOrder,605,1,15,1683891771
cancel,370,,,1683892341
cancel,605,,,1683892341
newOrder,371,0,15,1683892373
newOrder,605,1,15,1683892373
cancel,371,,,1683892940
cancel,605,,,1683892940
newOrder,369,0,14,1683892973
newOrder,605,1,14,1683892973
newOrder,369,0,5,1683892973