instruction,price,side,qty,time
cancel,501,,,1683202482
cancel,595,,,1683202482
cancel,606,,,1683202482
newOrder,595,0,171,1683202511
newOrder,606,1,171,1683202511
newOrder,501,0,536,1683202511
cancel,501,,,1683203082
cancel,595,,,1683203082
cancel,606,,,1683203082
newOrder,595,0,171,1683203111
newOrder,606,1,171,1683203111
cancel,595,,,1683203682
cancel,606,,,1683203682
newOrder,595,0,171,1683203711
newOrder,606,1,171,1683203711
cancel,595,,,1683204282
cancel,606,,,1683204282
newOrder,593,0,170,1683204311
newOrder,605,1,170,1683204311
cancel,593,,,1683204882
cancel,605,,,1683204882
newOrder,595,0,171,1683204910
newOrder,606,1,171,1683204910
cancel,595,,,1683205482
cancel,606,,,1683205482
newOrder,594,0,171,1683205510
newOrder,605,1,171,1683205510
cancel,594,,,1683206082
cancel,605,,,1683206082
newOrder,594,0,171,1683206113
newOrder,605,1,171,1683206113
cancel,594,,,1683206682
cancel,605,,,1683206682
newOrder,591,0,169,1683206711
newOrder,605,1,169,1683206711
cancel,591,,,1683207283
cancel,605,,,1683207283
newOrder,589,0,168,1683207311
newOrder,605,1,168,1683207311
cancel,589,,,1683207881
cancel,605,,,1683207881
newOrder,587,0,166,1683207910
newOrder,605,1,166,1683207910
cancel,587,,,1683208482
cancel,605,,,1683208482
newOrder,586,0,166,1683208510
newOrder,605,1,166,1683208510
cancel,586,,,1683209081
cancel,605,,,1683209081
newOrder,586,0,166,1683209110
newOrder,605,1,166,1683209110
cancel,605,,,1683209585
newOrder,580,0,163,1683209591
newOrder,606,1,163,1683209591
cancel,580,,,1683209682
cancel,606,,,1683209682
newOrder,582,0,163,1683209713
newOrder,605,1,163,1683209713
newOrder,501,0,377,1683209713
cancel,501,,,1683209854
cancel,582,,,1683209854
newOrder,594,0,174,1683209862
newOrder,611,1,174,1683209862
newOrder,586,0,470,1683209862
cancel,586,,,1683209869
cancel,611,,,1683209869
newOrder,585,0,166,1683209875
newOrder,606,1,166,1683209875
cancel,585,,,1683210280
cancel,606,,,1683210280
newOrder,585,0,165,1683210311
newOrder,605,1,165,1683210311
cancel,605,,,1683210444
newOrder,579,0,162,1683210451
newOrder,606,1,162,1683210451
cancel,579,,,1683210882
cancel,606,,,1683210882
newOrder,586,0,166,1683210909
newOrder,605,1,166,1683210909
cancel,586,,,1683211482
cancel,605,,,1683211482
newOrder,587,0,167,1683211512
newOrder,605,1,167,1683211512
cancel,587,,,1683212081
cancel,605,,,1683212081
newOrder,587,0,166,1683212109
newOrder,605,1,166,1683212109
cancel,587,,,1683212682
cancel,605,,,1683212682
newOrder,585,0,165,1683212709
newOrder,605,1,165,1683212709
cancel,585,,,1683213282
cancel,605,,,1683213282
newOrder,584,0,165,1683213310
newOrder,605,1,165,1683213310
cancel,584,,,1683213882
cancel,605,,,1683213882
newOrder,582,0,163,1683213910
newOrder,605,1,163,1683213910
cancel,582,,,1683214482
cancel,605,,,1683214482
newOrder,581,0,162,1683214510
newOrder,605,1,162,1683214510
cancel,581,,,1683215082
cancel,605,,,1683215082
newOrder,580,0,162,1683215110
newOrder,605,1,162,1683215110
cancel,580,,,1683215682
cancel,605,,,1683215682
newOrder,581,0,163,1683215711
newOrder,605,1,163,1683215711
cancel,581,,,1683216282
cancel,605,,,1683216282
newOrder,580,0,162,1683216310
newOrder,605,1,162,1683216310
cancel,580,,,1683216885
cancel,605,,,1683216885
newOrder,581,0,163,1683216916
newOrder,605,1,163,1683216916
cancel,581,,,1683217482
cancel,605,,,1683217482
newOrder,581,0,163,1683217511
newOrder,605,1,163,1683217511
cancel,581,,,1683218082
cancel,605,,,1683218082
newOrder,583,0,164,1683218110
newOrder,605,1,164,1683218110
cancel,583,,,1683218682
cancel,605,,,1683218682
newOrder,582,0,163,1683218711
newOrder,605,1,163,1683218711
cancel,582,,,1683219282
cancel,605,,,1683219282
newOrder,581,0,163,1683219310
newOrder,605,1,163,1683219310
cancel,581,,,1683219882
cancel,605,,,1683219882
newOrder,581,0,163,1683219911
newOrder,605,1,163,1683219911
cancel,605,,,1683220313
newOrder,575,0,159,1683220317
newOrder,606,1,159,1683220317
cancel,575,,,1683220485
cancel,606,,,1683220485
newOrder,580,0,162,1683220515
newOrder,605,1,162,1683220515
cancel,580,,,1683221083
cancel,605,,,1683221083
newOrder,579,0,161,1683221111
newOrder,605,1,161,1683221111
cancel,579,,,1683221682
cancel,605,,,1683221682
newOrder,579,0,161,1683221710
newOrder,605,1,161,1683221710
cancel,579,,,1683222282
cancel,605,,,1683222282
newOrder,579,0,161,1683222310
newOrder,605,1,161,1683222310
cancel,579,,,1683222882
cancel,605,,,1683222882
newOrder,579,0,161,1683222909
newOrder,605,1,161,1683222909
cancel,579,,,1683223482
cancel,605,,,1683223482
newOrder,580,0,162,1683223509
newOrder,605,1,162,1683223509
cancel,580,,,1683224082
cancel,605,,,1683224082
newOrder,580,0,162,1683224109
newOrder,605,1,162,1683224109
cancel,580,,,1683224682
cancel,605,,,1683224682
newOrder,575,0,159,1683224710
newOrder,605,1,159,1683224710
cancel,575,,,1683225282
cancel,605,,,1683225282
newOrder,574,0,158,1683225309
newOrder,605,1,158,1683225309
cancel,574,,,1683225882
cancel,605,,,1683225882
newOrder,576,0,159,1683225909
newOrder,605,1,159,1683225909
cancel,576,,,1683226482
cancel,605,,,1683226482
newOrder,575,0,159,1683226509
newOrder,605,1,159,1683226509
cancel,575,,,1683227082
cancel,605,,,1683227082
newOrder,577,0,160,1683227111
newOrder,605,1,160,1683227111
cancel,577,,,1683227682
cancel,605,,,1683227682
newOrder,576,0,160,1683227709
newOrder,605,1,160,1683227709
cancel,576,,,1683228107
cancel,605,,,1683228107
newOrder,574,0,158,1683228140
newOrder,605,1,158,1683228140
newOrder,501,0,835,1683228140
cancel,501,,,1683228741
cancel,574,,,1683228741
cancel,605,,,1683228741
newOrder,574,0,158,1683228769
newOrder,605,1,158,1683228769
cancel,574,,,1683229340
cancel,605,,,1683229340
newOrder,575,0,159,1683229369
newOrder,605,1,159,1683229369
cancel,575,,,1683229941
cancel,605,,,1683229941
newOrder,575,0,159,1683229970
newOrder,605,1,159,1683229970
cancel,575,,,1683230540
cancel,605,,,1683230540
newOrder,574,0,158,1683230567
newOrder,605,1,158,1683230567
cancel,574,,,1683231140
cancel,605,,,1683231140
newOrder,574,0,158,1683231169
newOrder,605,1,158,1683231169
cancel,574,,,1683231740
cancel,605,,,1683231740
newOrder,574,0,158,1683231768
newOrder,605,1,158,1683231768
cancel,574,,,1683232340
cancel,605,,,1683232340
newOrder,575,0,159,1683232369
newOrder,605,1,159,1683232369
cancel,575,,,1683232940
cancel,605,,,1683232940
newOrder,576,0,159,1683232968
newOrder,605,1,159,1683232968
cancel,576,,,1683233541
cancel,605,,,1683233541
newOrder,576,0,159,1683233567
newOrder,605,1,159,1683233567
cancel,576,,,1683234141
cancel,605,,,1683234141
newOrder,576,0,159,1683234169
newOrder,605,1,159,1683234169
cancel,576,,,1683234741
cancel,605,,,1683234741
newOrder,575,0,159,1683234770
newOrder,605,1,159,1683234770
newOrder,501,0,194,1683234770
cancel,501,,,1683235341
cancel,575,,,1683235341
cancel,605,,,1683235341
newOrder,574,0,158,1683235369
newOrder,605,1,158,1683235369
cancel,574,,,1683235940
cancel,605,,,1683235940
newOrder,574,0,158,1683235969
newOrder,605,1,158,1683235969
cancel,574,,,1683236540
cancel,605,,,1683236540
newOrder,573,0,157,1683236569
newOrder,605,1,157,1683236569
cancel,573,,,1683237141
cancel,605,,,1683237141
newOrder,573,0,157,1683237169
newOrder,605,1,157,1683237169
cancel,573,,,1683237740
cancel,605,,,1683237740
newOrder,573,0,157,1683237768
newOrder,605,1,157,1683237768
cancel,573,,,1683238341
cancel,605,,,1683238341
newOrder,573,0,158,1683238374
newOrder,605,1,158,1683238374
cancel,573,,,1683238940
cancel,605,,,1683238940
newOrder,574,0,158,1683238968
newOrder,605,1,158,1683238968
cancel,574,,,1683239540
cancel,605,,,1683239540
newOrder,572,0,157,1683239569
newOrder,605,1,157,1683239569
cancel,572,,,1683240140
cancel,605,,,1683240140
newOrder,572,0,157,1683240168
newOrder,605,1,157,1683240168
cancel,572,,,1683240740
cancel,605,,,1683240740
newOrder,571,0,156,1683240769
newOrder,605,1,156,1683240769
cancel,571,,,1683241340
cancel,605,,,1683241340
newOrder,570,0,156,1683241369
newOrder,605,1,156,1683241369
cancel,570,,,1683241940
cancel,605,,,1683241940
newOrder,572,0,159,1683241968
newOrder,605,1,159,1683241968
cancel,572,,,1683242541
cancel,605,,,1683242541
newOrder,571,0,158,1683242568
newOrder,605,1,158,1683242568
cancel,571,,,1683243140
cancel,605,,,1683243140
newOrder,570,0,158,1683243167
newOrder,605,1,158,1683243167
cancel,570,,,1683243740
cancel,605,,,1683243740
newOrder,569,0,157,1683243770
newOrder,605,1,157,1683243770
cancel,569,,,1683244341
cancel,605,,,1683244341
newOrder,569,0,157,1683244370
newOrder,605,1,157,1683244370
cancel,569,,,1683244940
cancel,605,,,1683244940
newOrder,568,0,156,1683244971
newOrder,605,1,156,1683244971
newOrder,568,0,16,1683244971
cancel,568,,,1683245542
cancel,568,,,1683245542
cancel,605,,,1683245542
newOrder,567,0,156,1683245569
newOrder,605,1,156,1683245569
cancel,567,,,1683246140
cancel,605,,,1683246140
newOrder,568,0,156,1683246169
newOrder,605,1,156,1683246169
cancel,568,,,1683246740
cancel,605,,,1683246740
newOrder,568,0,156,1683246768
newOrder,605,1,156,1683246768
cancel,568,,,1683247341
cancel,605,,,1683247341
newOrder,569,0,157,1683247369
newOrder,605,1,157,1683247369
newOrder,501,0,188,1683247369
cancel,501,,,1683247940
cancel,569,,,1683247940
cancel,605,,,1683247940
newOrder,568,0,157,1683247968
newOrder,605,1,157,1683247968
newOrder,501,0,541,1683247968
cancel,501,,,1683248540
cancel,568,,,1683248540
cancel,605,,,1683248540
newOrder,567,0,156,1683248570
newOrder,605,1,156,1683248570
newOrder,501,0,115,1683248570
cancel,501,,,1683248645
cancel,605,,,1683248645
newOrder,561,0,152,1683248651
newOrder,606,1,152,1683248651
newOrder,559,0,118,1683248651
cancel,559,,,1683249024
cancel,606,,,1683249024
newOrder,555,0,149,1683249029
newOrder,606,1,149,1683249029
cancel,555,,,1683249140
cancel,606,,,1683249140
newOrder,557,0,149,1683249169
newOrder,605,1,149,1683249169
cancel,557,,,1683249740
cancel,605,,,1683249740
newOrder,559,0,150,1683249767
newOrder,605,1,150,1683249767
cancel,559,,,1683250340
cancel,605,,,1683250340
newOrder,559,0,151,1683250369
newOrder,605,1,151,1683250369
cancel,559,,,1683250941
cancel,605,,,1683250941
newOrder,563,0,153,1683250970
newOrder,605,1,153,1683250970
cancel,563,,,1683251540
cancel,605,,,1683251540
newOrder,566,0,155,1683251569
newOrder,605,1,155,1683251569
cancel,566,,,1683252140
cancel,605,,,1683252140
newOrder,566,0,155,1683252170
newOrder,605,1,155,1683252170
cancel,566,,,1683252740
cancel,605,,,1683252740
newOrder,569,0,157,1683252770
newOrder,605,1,157,1683252770
cancel,605,,,1683253182
newOrder,563,0,154,1683253192
newOrder,606,1,154,1683253192
cancel,563,,,1683253340
cancel,606,,,1683253340
newOrder,564,0,154,1683253369
newOrder,605,1,154,1683253369
cancel,564,,,1683253940
cancel,605,,,1683253940
newOrder,566,0,155,1683253969
newOrder,605,1,155,1683253969
cancel,566,,,1683254541
cancel,605,,,1683254541
newOrder,567,0,155,1683254569
newOrder,605,1,155,1683254569
cancel,567,,,1683255141
cancel,605,,,1683255141
newOrder,567,0,155,1683255168
newOrder,605,1,155,1683255168
cancel,567,,,1683255741
cancel,605,,,1683255741
newOrder,565,0,155,1683255769
newOrder,605,1,155,1683255769
cancel,565,,,1683256340
cancel,605,,,1683256340
newOrder,565,0,154,1683256367
newOrder,605,1,154,1683256367
cancel,565,,,1683256940
cancel,605,,,1683256940
newOrder,564,0,153,1683256969
newOrder,605,1,153,1683256969
cancel,564,,,1683257541
cancel,605,,,1683257541
newOrder,564,0,154,1683257572
newOrder,605,1,154,1683257572
cancel,564,,,1683258140
cancel,605,,,1683258140
newOrder,565,0,154,1683258169
newOrder,605,1,154,1683258169
cancel,565,,,1683258740
cancel,605,,,1683258740
newOrder,564,0,154,1683258769
newOrder,605,1,154,1683258769
cancel,564,,,1683259341
cancel,605,,,1683259341
newOrder,563,0,153,1683259369
newOrder,605,1,153,1683259369
cancel,563,,,1683259941
cancel,605,,,1683259941
newOrder,562,0,152,1683259968
newOrder,605,1,152,1683259968
cancel,562,,,1683260540
cancel,605,,,1683260540
newOrder,565,0,154,1683260569
newOrder,605,1,154,1683260569
cancel,565,,,1683261141
cancel,605,,,1683261141
newOrder,564,0,154,1683261169
newOrder,605,1,154,1683261169
cancel,564,,,1683261740
cancel,605,,,1683261740
newOrder,564,0,153,1683261770
newOrder,605,1,153,1683261770
cancel,564,,,1683262341
cancel,605,,,1683262341
newOrder,563,0,153,1683262370
newOrder,605,1,153,1683262370
newOrder,562,0,56,1683262370
cancel,562,,,1683262941
cancel,563,,,1683262941
cancel,605,,,1683262941
newOrder,563,0,153,1683262968
newOrder,605,1,153,1683262968
cancel,563,,,1683263541
cancel,605,,,1683263541
newOrder,560,0,151,1683263569
newOrder,605,1,151,1683263569
cancel,560,,,1683264140
cancel,605,,,1683264140
newOrder,557,0,149,1683264169
newOrder,605,1,149,1683264169
cancel,557,,,1683264739
cancel,605,,,1683264739
newOrder,557,0,149,1683264770
newOrder,605,1,149,1683264770
cancel,557,,,1683265340
cancel,605,,,1683265340
newOrder,557,0,149,1683265368
newOrder,605,1,149,1683265368
cancel,557,,,1683265941
cancel,605,,,1683265941
newOrder,557,0,149,1683265967
newOrder,605,1,149,1683265967
cancel,557,,,1683266539
cancel,605,,,1683266539
newOrder,560,0,151,1683266576
newOrder,605,1,151,1683266576
cancel,560,,,1683267140
cancel,605,,,1683267140
newOrder,560,0,151,1683267169
newOrder,605,1,151,1683267169
cancel,560,,,1683267740
cancel,605,,,1683267740
newOrder,560,0,151,1683267769
newOrder,605,1,151,1683267769
cancel,560,,,1683268350
cancel,605,,,1683268350
newOrder,559,0,150,1683268384
newOrder,605,1,150,1683268384
cancel,559,,,1683268940
cancel,605,,,1683268940
newOrder,560,0,151,1683268968
newOrder,605,1,151,1683268968
cancel,560,,,1683269541
cancel,605,,,1683269541
newOrder,559,0,150,1683269570
newOrder,605,1,150,1683269570
cancel,559,,,1683270141
cancel,605,,,1683270141
newOrder,559,0,150,1683270169
newOrder,605,1,150,1683270169
cancel,605,,,1683270553
newOrder,554,0,147,1683270562
newOrder,606,1,147,1683270562
cancel,554,,,1683270741
cancel,606,,,1683270741
newOrder,559,0,150,1683270767
newOrder,605,1,150,1683270767
cancel,559,,,1683271341
cancel,605,,,1683271341
newOrder,559,0,150,1683271369
newOrder,605,1,150,1683271369
cancel,559,,,1683271940
cancel,605,,,1683271940
newOrder,559,0,150,1683271968
newOrder,605,1,150,1683271968
cancel,559,,,1683272540
cancel,605,,,1683272540
newOrder,560,0,151,1683272568
newOrder,605,1,151,1683272568
cancel,560,,,1683273141
cancel,605,,,1683273141
newOrder,559,0,150,1683273170
newOrder,605,1,150,1683273170
cancel,559,,,1683273741
cancel,605,,,1683273741
newOrder,558,0,150,1683273769
newOrder,605,1,150,1683273769
cancel,558,,,1683274341
cancel,605,,,1683274341
newOrder,559,0,150,1683274369
newOrder,605,1,150,1683274369
cancel,559,,,1683274941
cancel,605,,,1683274941
newOrder,563,0,153,1683274969
newOrder,605,1,153,1683274969
cancel,563,,,1683275540
cancel,605,,,1683275540
newOrder,564,0,153,1683275568
newOrder,605,1,153,1683275568
cancel,564,,,1683276144
cancel,605,,,1683276144
newOrder,564,0,154,1683276174
newOrder,605,1,154,1683276174
cancel,564,,,1683276741
cancel,605,,,1683276741
newOrder,564,0,153,1683276768
newOrder,605,1,153,1683276768
cancel,564,,,1683277342
cancel,605,,,1683277342
newOrder,562,0,152,1683277368
newOrder,605,1,152,1683277368
cancel,562,,,1683277940
cancel,605,,,1683277940
newOrder,562,0,152,1683277970
newOrder,605,1,152,1683277970
cancel,562,,,1683278541
cancel,605,,,1683278541
newOrder,562,0,152,1683278570
newOrder,605,1,152,1683278570
cancel,562,,,1683279143
cancel,605,,,1683279143
newOrder,562,0,152,1683279171
newOrder,605,1,152,1683279171
cancel,562,,,1683279740
cancel,605,,,1683279740
newOrder,562,0,152,1683279769
newOrder,605,1,152,1683279769
cancel,562,,,1683280340
cancel,605,,,1683280340
newOrder,562,0,152,1683280369
newOrder,605,1,152,1683280369
cancel,562,,,1683280940
cancel,605,,,1683280940
newOrder,562,0,152,1683280967
newOrder,605,1,152,1683280967
cancel,562,,,1683281539
cancel,605,,,1683281539
newOrder,562,0,152,1683281578
newOrder,605,1,152,1683281578
cancel,562,,,1683282140
cancel,605,,,1683282140
newOrder,560,0,151,1683282168
newOrder,605,1,151,1683282168
cancel,560,,,1683282741
cancel,605,,,1683282741
newOrder,561,0,151,1683282768
newOrder,605,1,151,1683282768
cancel,561,,,1683283340
cancel,605,,,1683283340
newOrder,561,0,151,1683283368
newOrder,605,1,151,1683283368
cancel,561,,,1683283940
cancel,605,,,1683283940
newOrder,558,0,150,1683283968
newOrder,605,1,150,1683283968
cancel,558,,,1683284541
cancel,605,,,1683284541
newOrder,557,0,149,1683284570
newOrder,605,1,149,1683284570
cancel,557,,,1683285140
cancel,605,,,1683285140
newOrder,557,0,148,1683285179
newOrder,605,1,148,1683285179
cancel,557,,,1683285742
cancel,605,,,1683285742
newOrder,557,0,149,1683285770
newOrder,605,1,149,1683285770
cancel,557,,,1683286340
cancel,605,,,1683286340
newOrder,557,0,149,1683286371
newOrder,605,1,149,1683286371
cancel,557,,,1683286940
cancel,605,,,1683286940
newOrder,556,0,148,1683286968
newOrder,605,1,148,1683286968
cancel,556,,,1683287540
cancel,605,,,1683287540
newOrder,556,0,148,1683287566
newOrder,605,1,148,1683287566
cancel,556,,,1683288140
cancel,605,,,1683288140
newOrder,562,0,152,1683288169
newOrder,605,1,152,1683288169