instruction,price,side,qty,time
cancel,842,,,1681401489
cancel,881,,,1681401489
newOrder,839,0,4963,1681401565
newOrder,878,1,4963,1681401565
cancel,839,,,1681402088
cancel,878,,,1681402088
newOrder,842,0,4921,1681402174
newOrder,881,1,4921,1681402174
cancel,842,,,1681402688
cancel,881,,,1681402688
newOrder,839,0,4969,1681402793
newOrder,877,1,4969,1681402793
cancel,839,,,1681403288
cancel,877,,,1681403288
cancel,846,,,1681403417
newOrder,816,0,5347,1681403448
newOrder,853,1,5347,1681403448
newOrder,939,1,22441,1681403448
cancel,816,,,1681403887
cancel,853,,,1681403887
cancel,939,,,1681403887
cancel,829,,,1681403982
newOrder,813,0,5397,1681404014
newOrder,850,1,5397,1681404014
cancel,813,,,1681404488
cancel,850,,,1681404488
cancel,830,,,1681404585
newOrder,811,0,5430,1681404615
newOrder,848,1,5430,1681404615
cancel,811,,,1681405088
cancel,848,,,1681405088
cancel,833,,,1681405186
newOrder,813,0,5393,1681405216
newOrder,850,1,5393,1681405216
cancel,813,,,1681405688
cancel,850,,,1681405688
cancel,832,,,1681405783
newOrder,812,0,5402,1681405814
newOrder,850,1,5402,1681405814
cancel,812,,,1681406288
cancel,850,,,1681406288
cancel,831,,,1681406381
newOrder,813,0,5397,1681406410
newOrder,850,1,5397,1681406410
cancel,813,,,1681406888
cancel,850,,,1681406888
cancel,836,,,1681406973
newOrder,817,0,5322,1681407000
newOrder,855,1,5322,1681407000
cancel,817,,,1681407488
cancel,855,,,1681407488
newOrder,816,0,5344,1681407587
newOrder,854,1,5344,1681407587
cancel,816,,,1681408088
cancel,854,,,1681408088
newOrder,819,0,5288,1681408171
newOrder,857,1,5288,1681408171
cancel,819,,,1681408688
cancel,857,,,1681408688
cancel,841,,,1681408750
newOrder,824,0,5210,1681408781
newOrder,862,1,5210,1681408781
newOrder,494,0,22895,1681408781
newOrder,939,1,21387,1681408781
cancel,494,,,1681409288
cancel,824,,,1681409288
cancel,862,,,1681409288
cancel,939,,,1681409288
newOrder,833,0,5063,1681409360
newOrder,872,1,5063,1681409360
cancel,833,,,1681409887
cancel,872,,,1681409887
newOrder,830,0,5109,1681409995
newOrder,869,1,5109,1681409995
cancel,830,,,1681410488
cancel,869,,,1681410488
cancel,848,,,1681410553
newOrder,828,0,5146,1681410584
newOrder,866,1,5146,1681410584
cancel,828,,,1681411088
cancel,866,,,1681411088
cancel,842,,,1681411180
newOrder,824,0,5222,1681411209
newOrder,861,1,5222,1681411209
cancel,824,,,1681411689
cancel,861,,,1681411689
newOrder,823,0,5226,1681411777
newOrder,861,1,5226,1681411777
cancel,823,,,1681412288
cancel,861,,,1681412288
newOrder,823,0,5231,1681412343
newOrder,861,1,5231,1681412343
cancel,823,,,1681412888
cancel,861,,,1681412888
newOrder,824,0,5209,1681412949
newOrder,862,1,5209,1681412949
cancel,824,,,1681413488
cancel,862,,,1681413488
newOrder,823,0,5237,1681413547
newOrder,861,1,5237,1681413547
cancel,823,,,1681414088
cancel,861,,,1681414088
cancel,838,,,1681414181
newOrder,821,0,5266,1681414214
newOrder,859,1,5266,1681414214
cancel,821,,,1681414263
cancel,859,,,1681414263
newOrder,824,0,4358,1681414335
newOrder,854,1,4358,1681414335
cancel,824,,,1681414896
cancel,854,,,1681414896
newOrder,824,0,4359,1681414953
newOrder,854,1,4359,1681414953
cancel,854,,,1681415496
newOrder,807,0,4719,1681415574
newOrder,836,1,4719,1681415574
cancel,807,,,1681416096
cancel,836,,,1681416096
newOrder,809,0,4678,1681416154
newOrder,838,1,4678,1681416154
newOrder,485,0,23808,1681416154
newOrder,939,1,23808,1681416154
cancel,485,,,1681416696
cancel,809,,,1681416696
cancel,838,,,1681416696
cancel,939,,,1681416696
newOrder,808,0,4679,1681416751
newOrder,838,1,4679,1681416751
cancel,808,,,1681417295
cancel,838,,,1681417295
newOrder,807,0,4706,1681417352
newOrder,837,1,4706,1681417352
cancel,807,,,1681417895
cancel,837,,,1681417895
newOrder,808,0,4690,1681417951
newOrder,838,1,4690,1681417951
cancel,808,,,1681418496
cancel,838,,,1681418496
newOrder,807,0,4699,1681418556
newOrder,837,1,4699,1681418556
cancel,807,,,1681419095
cancel,837,,,1681419095
newOrder,808,0,4679,1681419151
newOrder,838,1,4679,1681419151
cancel,808,,,1681419840
cancel,838,,,1681419840
newOrder,816,0,4534,1681424834
newOrder,845,1,4534,1681424834
cancel,816,,,1681425392
cancel,845,,,1681425392
cancel,839,,,1681425476
newOrder,824,0,4352,1681425507
newOrder,855,1,4352,1681425507
cancel,824,,,1681425993
cancel,855,,,1681425993
newOrder,824,0,4371,1681426065
newOrder,854,1,4371,1681426065
cancel,824,,,1681426592
cancel,854,,,1681426592
cancel,843,,,1681426676
newOrder,828,0,4275,1681426706
newOrder,859,1,4275,1681426706
cancel,828,,,1681427191
cancel,859,,,1681427191
newOrder,827,0,4300,1681427265
newOrder,857,1,4300,1681427265
cancel,827,,,1681427792
cancel,857,,,1681427792
newOrder,828,0,4285,1681427849
newOrder,858,1,4285,1681427849
cancel,828,,,1681428393
cancel,858,,,1681428393
cancel,839,,,1681428486
newOrder,823,0,4386,1681428515
newOrder,853,1,4386,1681428515
cancel,823,,,1681428991
cancel,853,,,1681428991
cancel,840,,,1681429086
newOrder,830,0,4240,1681429118
newOrder,860,1,4240,1681429118
newOrder,498,0,4267,1681429118
newOrder,939,1,4267,1681429118
cancel,498,,,1681429592
cancel,830,,,1681429592
cancel,860,,,1681429592
cancel,939,,,1681429592
newOrder,833,0,4185,1681429687
newOrder,863,1,4185,1681429687
cancel,833,,,1681430192
cancel,863,,,1681430192
newOrder,832,0,4202,1681430250
newOrder,862,1,4202,1681430250
cancel,832,,,1681430792
cancel,862,,,1681430792
newOrder,831,0,4217,1681430849
newOrder,862,1,4217,1681430849
cancel,831,,,1681431392
cancel,862,,,1681431392
cancel,857,,,1681431479
newOrder,842,0,4001,1681431509
newOrder,873,1,4001,1681431509
cancel,842,,,1681431992
cancel,873,,,1681431992
newOrder,841,0,4029,1681432104
newOrder,872,1,4029,1681432104
cancel,841,,,1681432616
cancel,872,,,1681432616
cancel,841,,,1681432666
newOrder,859,0,3697,1681432701
newOrder,890,1,3697,1681432701
newOrder,515,0,7217,1681432701
cancel,515,,,1681433192
cancel,859,,,1681433192
cancel,890,,,1681433192
cancel,882,,,1681433278
newOrder,860,0,3675,1681433310
newOrder,891,1,3675,1681433310
newOrder,851,0,2267,1681433310
cancel,851,,,1681433793
cancel,860,,,1681433793
cancel,891,,,1681433793
newOrder,860,0,3663,1681433892
newOrder,892,1,3663,1681433892
cancel,860,,,1681434392
newOrder,865,0,3571,1681434469
newOrder,897,1,3571,1681434469
cancel,865,,,1681434992
cancel,897,,,1681434992
newOrder,866,0,3558,1681435052
newOrder,898,1,3558,1681435052
newOrder,904,1,1572,1681435052
cancel,866,,,1681435592
cancel,898,,,1681435592
cancel,904,,,1681435592
cancel,892,,,1681435714
newOrder,876,0,3382,1681435744
newOrder,908,1,3382,1681435744
newOrder,913,1,1178,1681435744
cancel,876,,,1681436192
cancel,908,,,1681436192
cancel,913,,,1681436192
cancel,904,,,1681436279
newOrder,891,0,3136,1681436307
newOrder,924,1,3136,1681436307
cancel,891,,,1681436792
cancel,924,,,1681436792
cancel,924,,,1681436908
newOrder,907,0,2892,1681436941
newOrder,940,1,2892,1681436941
newOrder,544,0,12486,1681436941
newOrder,939,1,40,1681436941
cancel,544,,,1681437393
cancel,907,,,1681437393
cancel,939,,,1681437393
cancel,940,,,1681437393
newOrder,902,0,2965,1681437471
newOrder,935,1,2965,1681437471
cancel,902,,,1681437992
cancel,935,,,1681437992
cancel,916,,,1681438057
newOrder,900,0,2989,1681438087
newOrder,933,1,2989,1681438087
cancel,900,,,1681438591
cancel,933,,,1681438591
newOrder,911,0,2827,1681438665
newOrder,944,1,2827,1681438665
cancel,911,,,1681439192
cancel,944,,,1681439192
cancel,939,,,1681439278
newOrder,923,0,2649,1681439308
newOrder,957,1,2649,1681439308
cancel,923,,,1681439792
cancel,957,,,1681439792
cancel,938,,,1681439877
newOrder,921,0,2676,1681439906
newOrder,955,1,2676,1681439906
cancel,921,,,1681440392
cancel,955,,,1681440392
cancel,921,,,1681440489
newOrder,905,0,2918,1681440518
newOrder,938,1,2918,1681440518
cancel,905,,,1681440992
cancel,938,,,1681440992
cancel,928,,,1681441113
newOrder,911,0,2821,1681441146
newOrder,944,1,2821,1681441146
cancel,944,,,1681441591
newOrder,900,0,2983,1681441666
newOrder,933,1,2983,1681441666
cancel,900,,,1681442192
cancel,933,,,1681442192
newOrder,906,0,2895,1681442264
newOrder,939,1,2895,1681442264
cancel,906,,,1681442792
cancel,939,,,1681442792
newOrder,914,0,2779,1681442870
newOrder,947,1,2779,1681442870
cancel,914,,,1681443392
cancel,947,,,1681443392
newOrder,914,0,2773,1681443469
newOrder,948,1,2773,1681443469
cancel,914,,,1681443992
cancel,948,,,1681443992
newOrder,914,0,2775,1681444049
newOrder,947,1,2775,1681444049
cancel,914,,,1681444591
cancel,947,,,1681444591
newOrder,914,0,2773,1681444651
newOrder,948,1,2773,1681444651
cancel,914,,,1681445192
cancel,948,,,1681445192
newOrder,913,0,2792,1681445251
newOrder,946,1,2792,1681445251
cancel,913,,,1681445792
cancel,946,,,1681445792
newOrder,915,0,2762,1681445850
newOrder,948,1,2762,1681445850
cancel,915,,,1681446392
cancel,948,,,1681446392
newOrder,916,0,2736,1681446529
newOrder,950,1,2736,1681446529
cancel,916,,,1681446993
cancel,950,,,1681446993
newOrder,930,0,2535,1681447099
newOrder,965,1,2535,1681447099
cancel,930,,,1681447591
cancel,965,,,1681447591
cancel,941,,,1681447689
newOrder,925,0,2615,1681447719
newOrder,959,1,2615,1681447719
cancel,925,,,1681448192
cancel,959,,,1681448192
cancel,932,,,1681448286
newOrder,916,0,2741,1681448317
newOrder,950,1,2741,1681448317
cancel,916,,,1681448792
cancel,950,,,1681448792
cancel,928,,,1681448888
newOrder,911,0,2807,1681448918
newOrder,945,1,2807,1681448918
cancel,911,,,1681449392
cancel,945,,,1681449392
cancel,928,,,1681449485
newOrder,910,0,2823,1681449513
newOrder,944,1,2823,1681449513
cancel,910,,,1681449992
cancel,944,,,1681449992
newOrder,917,0,2722,1681450067
newOrder,951,1,2722,1681450067
cancel,917,,,1681450593
cancel,951,,,1681450593
newOrder,918,0,2711,1681450649
newOrder,951,1,2711,1681450649
cancel,918,,,1681451192
cancel,951,,,1681451192
newOrder,920,0,2673,1681451295
newOrder,954,1,2673,1681451295
cancel,920,,,1681451792
cancel,954,,,1681451792
cancel,932,,,1681451839
cancel,931,,,1681451934
newOrder,915,0,2750,1681451965
newOrder,949,1,2750,1681451965
cancel,915,,,1681452392
cancel,949,,,1681452392
cancel,929,,,1681452486
newOrder,913,0,2778,1681452514
newOrder,947,1,2778,1681452514
cancel,913,,,1681452991
cancel,947,,,1681452991
cancel,928,,,1681453086
newOrder,911,0,2812,1681453116
newOrder,944,1,2812,1681453116
cancel,911,,,1681453592
cancel,944,,,1681453592
cancel,928,,,1681453687
newOrder,911,0,2806,1681453717
newOrder,945,1,2806,1681453717
cancel,911,,,1681454192
cancel,945,,,1681454192
cancel,926,,,1681454288
newOrder,908,0,2846,1681454318
newOrder,942,1,2846,1681454318
cancel,908,,,1681454792
cancel,942,,,1681454792
cancel,922,,,1681454886
newOrder,905,0,2901,1681454916
newOrder,938,1,2901,1681454916
cancel,905,,,1681455392
cancel,938,,,1681455392
newOrder,907,0,2874,1681455469
newOrder,940,1,2874,1681455469
cancel,907,,,1681455993
cancel,940,,,1681455993
newOrder,907,0,2866,1681456053
newOrder,940,1,2866,1681456053
cancel,907,,,1681456592
cancel,940,,,1681456592
cancel,924,,,1681456678
newOrder,908,0,2852,1681456708
newOrder,941,1,2852,1681456708
cancel,908,,,1681457192
cancel,941,,,1681457192
newOrder,902,0,2938,1681457272
newOrder,935,1,2938,1681457272
newOrder,541,0,4704,1681457272
newOrder,949,1,2587,1681457272
cancel,541,,,1681457792
cancel,902,,,1681457792
cancel,935,,,1681457792
cancel,949,,,1681457792
newOrder,888,0,3173,1681457901
newOrder,920,1,3173,1681457901
cancel,888,,,1681458393
cancel,920,,,1681458393
newOrder,880,0,3293,1681458472
newOrder,913,1,3293,1681458472
cancel,880,,,1681458992
cancel,913,,,1681458992
newOrder,886,0,3201,1681459066
newOrder,918,1,3201,1681459066
cancel,886,,,1681459592
cancel,918,,,1681459592
cancel,907,,,1681459679
newOrder,886,0,3204,1681459708
newOrder,918,1,3204,1681459708
cancel,886,,,1681460192
cancel,918,,,1681460192
newOrder,887,0,3177,1681460267
newOrder,920,1,3177,1681460267
cancel,887,,,1681460792
cancel,920,,,1681460792
cancel,907,,,1681460854
newOrder,891,0,3113,1681460887
newOrder,924,1,3113,1681460887
newOrder,999,1,14513,1681460887
cancel,891,,,1681461391
cancel,924,,,1681461391
cancel,999,,,1681461391
cancel,905,,,1681461487
newOrder,888,0,3172,1681461517
newOrder,920,1,3172,1681461517
cancel,888,,,1681461992
cancel,920,,,1681461992
newOrder,869,0,3499,1681462099
newOrder,900,1,3499,1681462099
cancel,869,,,1681462592
cancel,900,,,1681462592
cancel,872,,,1681462686
newOrder,857,0,3716,1681462716
newOrder,888,1,3716,1681462716
cancel,857,,,1681463193
cancel,888,,,1681463193
cancel,886,,,1681463260
newOrder,870,0,3479,1681463291
newOrder,901,1,3479,1681463291
cancel,870,,,1681463792
cancel,901,,,1681463792
newOrder,870,0,3479,1681463870
newOrder,901,1,3479,1681463870
cancel,870,,,1681464392
cancel,901,,,1681464392
cancel,884,,,1681464459
newOrder,868,0,3497,1681464491
newOrder,900,1,3497,1681464491
cancel,868,,,1681464992
cancel,900,,,1681464992
newOrder,871,0,3454,1681465065
newOrder,903,1,3454,1681465065
cancel,871,,,1681465592
cancel,903,,,1681465592
newOrder,879,0,3314,1681465663
newOrder,911,1,3314,1681465663
cancel,879,,,1681466199
cancel,911,,,1681466199
newOrder,882,0,3268,1681466271
newOrder,914,1,3268,1681466271
cancel,882,,,1681466793
cancel,914,,,1681466793
newOrder,890,0,3133,1681466917
newOrder,922,1,3133,1681466917
cancel,890,,,1681467392
cancel,922,,,1681467392
newOrder,890,0,3124,1681467451
newOrder,923,1,3124,1681467451
cancel,890,,,1681467994
cancel,923,,,1681467994
newOrder,890,0,3133,1681468051
newOrder,922,1,3133,1681468051
cancel,890,,,1681468592
cancel,922,,,1681468592
newOrder,889,0,3135,1681468648
newOrder,922,1,3135,1681468648
cancel,889,,,1681469192
cancel,922,,,1681469192
newOrder,894,0,3062,1681469263
newOrder,927,1,3062,1681469263
cancel,894,,,1681469792
cancel,927,,,1681469792
cancel,911,,,1681469880
newOrder,895,0,3044,1681469910
newOrder,928,1,3044,1681469910
cancel,895,,,1681470392
cancel,928,,,1681470392
cancel,901,,,1681470489
newOrder,885,0,3204,1681470519
newOrder,918,1,3204,1681470519
cancel,885,,,1681470992
cancel,918,,,1681470992
cancel,903,,,1681471087
newOrder,886,0,3186,1681471118
newOrder,919,1,3186,1681471118
cancel,886,,,1681471592
cancel,919,,,1681471592
cancel,903,,,1681471688
newOrder,887,0,3167,1681471716
newOrder,920,1,3167,1681471716
cancel,887,,,1681472192
cancel,920,,,1681472192
cancel,902,,,1681472286
newOrder,886,0,3192,1681472316
newOrder,918,1,3192,1681472316
cancel,886,,,1681472792
cancel,918,,,1681472792
newOrder,888,0,3149,1681472868
newOrder,921,1,3149,1681472868
cancel,888,,,1681473392
cancel,921,,,1681473392
cancel,912,,,1681473455
newOrder,898,0,2991,1681473486
newOrder,931,1,2991,1681473486
cancel,898,,,1681473992
cancel,931,,,1681473992
cancel,909,,,1681474076
newOrder,892,0,3087,1681474106
newOrder,925,1,3087,1681474106
cancel,892,,,1681474592
cancel,925,,,1681474592
cancel,910,,,1681474679
newOrder,894,0,3048,1681474707
newOrder,927,1,3048,1681474707
cancel,894,,,1681475191
cancel,927,,,1681475191
cancel,905,,,1681475253
newOrder,890,0,3116,1681475281
newOrder,923,1,3116,1681475281
cancel,890,,,1681475792
cancel,923,,,1681475792
newOrder,888,0,3144,1681475848
newOrder,921,1,3144,1681475848
cancel,888,,,1681476394
cancel,921,,,1681476394
newOrder,883,0,3238,1681476472
newOrder,915,1,3238,1681476472
cancel,883,,,1681476993
cancel,915,,,1681476993
newOrder,878,0,3322,1681477071
newOrder,910,1,3322,1681477071
cancel,878,,,1681477592
cancel,910,,,1681477592
cancel,880,,,1681477687
newOrder,864,0,3574,1681477718
newOrder,895,1,3574,1681477718
newOrder,518,0,12493,1681477718
newOrder,949,1,12320,1681477718
cancel,518,,,1681478192
cancel,864,,,1681478192
cancel,895,,,1681478192
cancel,949,,,1681478192
cancel,879,,,1681478286
newOrder,864,0,3564,1681478316
newOrder,896,1,3564,1681478316
cancel,864,,,1681478792
cancel,896,,,1681478792
newOrder,858,0,3675,1681478870
newOrder,890,1,3675,1681478870
cancel,858,,,1681479392
cancel,890,,,1681479392
newOrder,871,0,3443,1681479488
newOrder,903,1,3443,1681479488
cancel,871,,,1681479993
cancel,903,,,1681479993
newOrder,873,0,3399,1681480083
newOrder,905,1,3399,1681480083
cancel,873,,,1681480592
cancel,905,,,1681480592
newOrder,873,0,3409,1681480652
newOrder,905,1,3409,1681480652
cancel,873,,,1681481192
cancel,905,,,1681481192
newOrder,873,0,3408,1681481252
newOrder,905,1,3408,1681481252
cancel,873,,,1681481792
cancel,905,,,1681481792
newOrder,874,0,3392,1681481852
newOrder,906,1,3392,1681481852
cancel,874,,,1681482393
cancel,906,,,1681482393
cancel,880,,,1681482486
newOrder,864,0,3557,1681482517
newOrder,896,1,3557,1681482517
cancel,864,,,1681482992
cancel,896,,,1681482992
cancel,882,,,1681483088
newOrder,866,0,3534,1681483117
newOrder,897,1,3534,1681483117
cancel,866,,,1681483591
cancel,897,,,1681483591
cancel,877,,,1681483720
newOrder,867,0,3513,1681483751
newOrder,899,1,3513,1681483751
cancel,867,,,1681484192
cancel,899,,,1681484192
newOrder,853,0,3766,1681484272
newOrder,885,1,3766,1681484272
cancel,853,,,1681484794
cancel,885,,,1681484794
cancel,855,,,1681484924
newOrder,841,0,4002,1681484962
newOrder,872,1,4002,1681484962
cancel,841,,,1681485391
cancel,872,,,1681485391
newOrder,843,0,3967,1681485464
newOrder,874,1,3967,1681485464
cancel,843,,,1681485992
cancel,874,,,1681485992
newOrder,845,0,3924,1681486067
newOrder,876,1,3924,1681486067
cancel,876,,,1681486592
cancel,843,,,1681486685
newOrder,827,0,4280,1681486717
newOrder,858,1,4280,1681486717
cancel,827,,,1681487192
cancel,858,,,1681487192
newOrder,831,0,4211,1681487248
newOrder,861,1,4211,1681487248