instruction,price,side,qty,time
cancel,349,,,1684498340
cancel,421,,,1684498340
cancel,807,,,1684498340
newOrder,420,0,10,1684498371
newOrder,807,1,10,1684498371
cancel,420,,,1684498941
cancel,807,,,1684498941
newOrder,421,0,10,1684498974
newOrder,807,1,10,1684498974
cancel,421,,,1684499541
cancel,807,,,1684499541
newOrder,420,0,10,1684499571
newOrder,807,1,10,1684499571
cancel,420,,,1684500141
cancel,807,,,1684500141
newOrder,420,0,10,1684500171
newOrder,807,1,10,1684500171
cancel,420,,,1684500741
cancel,807,,,1684500741
newOrder,420,0,10,1684500773
newOrder,807,1,10,1684500773
cancel,420,,,1684501341
cancel,807,,,1684501341
newOrder,420,0,10,1684501372
newOrder,807,1,10,1684501372
cancel,420,,,1684501941
cancel,807,,,1684501941
newOrder,420,0,10,1684501972
newOrder,807,1,10,1684501972
cancel,420,,,1684502541
cancel,807,,,1684502541
newOrder,420,0,10,1684502571
newOrder,807,1,10,1684502571
cancel,420,,,1684503141
cancel,807,,,1684503141
newOrder,420,0,10,1684503171
newOrder,807,1,10,1684503171
cancel,420,,,1684503741
cancel,807,,,1684503741
newOrder,420,0,10,1684503769
newOrder,807,1,10,1684503769
cancel,420,,,1684504340
cancel,807,,,1684504340
newOrder,420,0,10,1684504372
newOrder,807,1,10,1684504372
cancel,420,,,1684504941
cancel,807,,,1684504941
newOrder,419,0,9,1684504972
newOrder,807,1,9,1684504972
cancel,419,,,1684505540
cancel,807,,,1684505540
newOrder,418,0,9,1684505572
newOrder,807,1,9,1684505572
cancel,418,,,1684506142
cancel,807,,,1684506142
newOrder,417,0,9,1684506172
newOrder,807,1,9,1684506172
cancel,417,,,1684506740
cancel,807,,,1684506740
newOrder,417,0,9,1684506771
newOrder,807,1,9,1684506771
cancel,417,,,1684507342
cancel,807,,,1684507342
newOrder,416,0,9,1684507374
newOrder,807,1,9,1684507374
cancel,416,,,1684507940
cancel,807,,,1684507940
newOrder,415,0,9,1684507971
newOrder,807,1,9,1684507971
cancel,415,,,1684508540
cancel,807,,,1684508540
newOrder,417,0,9,1684508570
newOrder,807,1,9,1684508570
cancel,417,,,1684509140
cancel,807,,,1684509140
newOrder,417,0,9,1684509171
newOrder,807,1,9,1684509171
cancel,417,,,1684509740
cancel,807,,,1684509740
newOrder,420,0,9,1684509771
newOrder,807,1,9,1684509771
cancel,420,,,1684510341
cancel,807,,,1684510341
newOrder,419,0,9,1684510373
newOrder,807,1,9,1684510373
cancel,419,,,1684510940
cancel,807,,,1684510940
newOrder,419,0,9,1684510972
newOrder,807,1,9,1684510972
cancel,419,,,1684511541
cancel,807,,,1684511541
newOrder,421,0,10,1684511571
newOrder,807,1,10,1684511571
cancel,421,,,1684512142
cancel,807,,,1684512142
newOrder,420,0,10,1684512172
newOrder,807,1,10,1684512172
cancel,420,,,1684512741
cancel,807,,,1684512741
newOrder,420,0,9,1684512774
newOrder,807,1,9,1684512774
cancel,420,,,1684513340
cancel,807,,,1684513340
newOrder,420,0,9,1684513372
newOrder,807,1,9,1684513372
cancel,420,,,1684513941
cancel,807,,,1684513941
newOrder,418,0,9,1684513973
newOrder,807,1,9,1684513973
newOrder,419,0,1,1684513973
cancel,418,,,1684514541
cancel,419,,,1684514541
cancel,807,,,1684514541
newOrder,417,0,9,1684514571
newOrder,807,1,9,1684514571
cancel,417,,,1684515141
cancel,807,,,1684515141
newOrder,417,0,9,1684515174
newOrder,807,1,9,1684515174
cancel,417,,,1684515740
cancel,807,,,1684515740
newOrder,417,0,9,1684515773
newOrder,807,1,9,1684515773
cancel,417,,,1684516340
cancel,807,,,1684516340
newOrder,417,0,9,1684516371
newOrder,807,1,9,1684516371
cancel,417,,,1684516941
cancel,807,,,1684516941
newOrder,419,0,9,1684516974
newOrder,807,1,9,1684516974
cancel,419,,,1684517541
cancel,807,,,1684517541
newOrder,420,0,9,1684517572
newOrder,807,1,9,1684517572
cancel,420,,,1684518141
cancel,807,,,1684518141
newOrder,420,0,9,1684518172
newOrder,807,1,9,1684518172
cancel,420,,,1684518741
cancel,807,,,1684518741
newOrder,419,0,9,1684518772
newOrder,807,1,9,1684518772
cancel,419,,,1684519341
cancel,807,,,1684519341
newOrder,420,0,9,1684519372
newOrder,807,1,9,1684519372
cancel,420,,,1684519941
cancel,807,,,1684519941
newOrder,420,0,9,1684519973
newOrder,807,1,9,1684519973
cancel,420,,,1684520543
cancel,807,,,1684520543
newOrder,419,0,9,1684520574
newOrder,807,1,9,1684520574
cancel,419,,,1684521141
cancel,807,,,1684521141
newOrder,419,0,9,1684521173
newOrder,807,1,9,1684521173
cancel,419,,,1684521741
cancel,807,,,1684521741
newOrder,419,0,9,1684521772
newOrder,807,1,9,1684521772
cancel,419,,,1684522341
cancel,807,,,1684522341
newOrder,419,0,9,1684522372
newOrder,807,1,9,1684522372
cancel,419,,,1684522941
cancel,807,,,1684522941
newOrder,420,0,9,1684522971
newOrder,807,1,9,1684522971
cancel,420,,,1684523540
cancel,807,,,1684523540
newOrder,420,0,9,1684523572
newOrder,807,1,9,1684523572
cancel,420,,,1684524140
cancel,807,,,1684524140
newOrder,420,0,9,1684524172
newOrder,807,1,9,1684524172
cancel,420,,,1684524741
cancel,807,,,1684524741
newOrder,420,0,9,1684524774
newOrder,807,1,9,1684524774
cancel,420,,,1684525342
cancel,807,,,1684525342
newOrder,420,0,9,1684525371
newOrder,807,1,9,1684525371
cancel,420,,,1684525942
cancel,807,,,1684525942
newOrder,419,0,9,1684525974
newOrder,807,1,9,1684525974
cancel,419,,,1684526541
cancel,807,,,1684526541
newOrder,422,0,9,1684526574
newOrder,807,1,9,1684526574
cancel,422,,,1684527140
cancel,807,,,1684527140
newOrder,421,0,9,1684527172
newOrder,807,1,9,1684527172
cancel,421,,,1684527741
cancel,807,,,1684527741
newOrder,421,0,9,1684527772
newOrder,807,1,9,1684527772
cancel,421,,,1684528341
cancel,807,,,1684528341
newOrder,423,0,10,1684528372
newOrder,807,1,10,1684528372
cancel,423,,,1684528940
cancel,807,,,1684528940
newOrder,425,0,10,1684528972
newOrder,807,1,10,1684528972
cancel,425,,,1684529542
cancel,807,,,1684529542
newOrder,425,0,10,1684529573
newOrder,807,1,10,1684529573
cancel,425,,,1684530141
cancel,807,,,1684530141
newOrder,424,0,10,1684530172
newOrder,807,1,10,1684530172
cancel,424,,,1684530740
cancel,807,,,1684530740
newOrder,425,0,10,1684530771
newOrder,807,1,10,1684530771
cancel,425,,,1684531342
cancel,807,,,1684531342
newOrder,426,0,10,1684531374
newOrder,807,1,10,1684531374
cancel,426,,,1684531941
cancel,807,,,1684531941
newOrder,426,0,10,1684531973
newOrder,807,1,10,1684531973
cancel,426,,,1684532542
cancel,807,,,1684532542
newOrder,426,0,10,1684532572
newOrder,807,1,10,1684532572
cancel,426,,,1684533140
cancel,807,,,1684533140
newOrder,427,0,10,1684533171
newOrder,807,1,10,1684533171
cancel,427,,,1684533741
cancel,807,,,1684533741
newOrder,426,0,10,1684533773
newOrder,807,1,10,1684533773
cancel,426,,,1684534341
cancel,807,,,1684534341
newOrder,426,0,10,1684534373
newOrder,807,1,10,1684534373
cancel,426,,,1684534941
cancel,807,,,1684534941
newOrder,425,0,10,1684534970
newOrder,807,1,10,1684534970
cancel,425,,,1684535541
cancel,807,,,1684535541
newOrder,427,0,10,1684535572
newOrder,807,1,10,1684535572
cancel,427,,,1684536141
cancel,807,,,1684536141
newOrder,426,0,10,1684536171
newOrder,807,1,10,1684536171
cancel,426,,,1684536741
cancel,807,,,1684536741
newOrder,426,0,10,1684536772
newOrder,807,1,10,1684536772
cancel,426,,,1684537340
cancel,807,,,1684537340
newOrder,426,0,10,1684537372
newOrder,807,1,10,1684537372
cancel,426,,,1684537941
cancel,807,,,1684537941
newOrder,426,0,10,1684537974
newOrder,807,1,10,1684537974
cancel,426,,,1684538540
cancel,807,,,1684538540
newOrder,426,0,10,1684538571
newOrder,807,1,10,1684538571
cancel,426,,,1684539140
cancel,807,,,1684539140
newOrder,425,0,10,1684539172
newOrder,807,1,10,1684539172
cancel,425,,,1684539741
cancel,807,,,1684539741
newOrder,426,0,10,1684539771
newOrder,807,1,10,1684539771
cancel,426,,,1684540340
cancel,807,,,1684540340
newOrder,426,0,10,1684540372
newOrder,807,1,10,1684540372
cancel,426,,,1684540941
cancel,807,,,1684540941
newOrder,425,0,10,1684540973
newOrder,807,1,10,1684540973
cancel,425,,,1684541540
cancel,807,,,1684541540
newOrder,424,0,9,1684541573
newOrder,807,1,9,1684541573
cancel,424,,,1684542141
cancel,807,,,1684542141
newOrder,424,0,9,1684542171
newOrder,807,1,9,1684542171
cancel,424,,,1684542741
cancel,807,,,1684542741
newOrder,424,0,9,1684542772
newOrder,807,1,9,1684542772
cancel,424,,,1684543340
cancel,807,,,1684543340
newOrder,423,0,9,1684543372
newOrder,807,1,9,1684543372
cancel,423,,,1684543942
cancel,807,,,1684543942
newOrder,424,0,9,1684543973
newOrder,807,1,9,1684543973
cancel,424,,,1684544540
cancel,807,,,1684544540
newOrder,423,0,9,1684544573
newOrder,807,1,9,1684544573
cancel,423,,,1684545141
cancel,807,,,1684545141
newOrder,424,0,9,1684545172
newOrder,807,1,9,1684545172
cancel,424,,,1684545741
cancel,807,,,1684545741
newOrder,425,0,9,1684545772
newOrder,807,1,9,1684545772
cancel,425,,,1684546340
cancel,807,,,1684546340
newOrder,425,0,9,1684546373
newOrder,807,1,9,1684546373
cancel,425,,,1684546941
cancel,807,,,1684546941
newOrder,425,0,9,1684546971
newOrder,807,1,9,1684546971
cancel,425,,,1684547540
cancel,807,,,1684547540
newOrder,424,0,9,1684547572
newOrder,807,1,9,1684547572
newOrder,349,0,26,1684547572
cancel,349,,,1684548141
cancel,424,,,1684548141
cancel,807,,,1684548141
newOrder,424,0,9,1684548171
newOrder,807,1,9,1684548171
cancel,424,,,1684548741
cancel,807,,,1684548741
newOrder,423,0,9,1684548773
newOrder,807,1,9,1684548773
cancel,423,,,1684549341
cancel,807,,,1684549341
newOrder,424,0,9,1684549371
newOrder,807,1,9,1684549371
cancel,424,,,1684549942
cancel,807,,,1684549942
newOrder,424,0,9,1684549972
newOrder,807,1,9,1684549972
cancel,424,,,1684550541
cancel,807,,,1684550541
newOrder,424,0,9,1684550571
newOrder,807,1,9,1684550571
cancel,424,,,1684551141
cancel,807,,,1684551141
newOrder,424,0,9,1684551172
newOrder,807,1,9,1684551172
cancel,424,,,1684551743
cancel,807,,,1684551743
newOrder,424,0,9,1684551775
newOrder,807,1,9,1684551775
cancel,424,,,1684552341
cancel,807,,,1684552341
newOrder,425,0,9,1684552373
newOrder,807,1,9,1684552373
cancel,425,,,1684552942
cancel,807,,,1684552942
newOrder,425,0,9,1684552972
newOrder,807,1,9,1684552972
cancel,425,,,1684553541
cancel,807,,,1684553541
newOrder,425,0,9,1684553572
newOrder,807,1,9,1684553572
cancel,425,,,1684554140
cancel,807,,,1684554140
newOrder,425,0,9,1684554173
newOrder,807,1,9,1684554173
cancel,425,,,1684554740
cancel,807,,,1684554740
newOrder,424,0,9,1684554771
newOrder,807,1,9,1684554771
cancel,424,,,1684555341
cancel,807,,,1684555341
newOrder,424,0,9,1684555372
newOrder,807,1,9,1684555372
cancel,424,,,1684555941
cancel,807,,,1684555941
newOrder,424,0,9,1684555972
newOrder,807,1,9,1684555972
cancel,424,,,1684556540
cancel,807,,,1684556540
newOrder,425,0,9,1684556571
newOrder,807,1,9,1684556571
cancel,425,,,1684557141
cancel,807,,,1684557141
newOrder,424,0,9,1684557171
newOrder,807,1,9,1684557171
cancel,424,,,1684557740
cancel,807,,,1684557740
newOrder,429,0,10,1684557772
newOrder,807,1,10,1684557772
cancel,429,,,1684558340
cancel,807,,,1684558340
newOrder,428,0,10,1684558371
newOrder,807,1,10,1684558371
cancel,428,,,1684558940
cancel,807,,,1684558940
newOrder,428,0,10,1684558972
newOrder,807,1,10,1684558972
cancel,428,,,1684559540
cancel,807,,,1684559540
newOrder,428,0,10,1684559571
newOrder,807,1,10,1684559571
cancel,428,,,1684560141
cancel,807,,,1684560141
newOrder,428,0,10,1684560172
newOrder,807,1,10,1684560172
cancel,428,,,1684560740
cancel,807,,,1684560740
newOrder,428,0,10,1684560772
newOrder,807,1,10,1684560772
cancel,428,,,1684561340
cancel,807,,,1684561340
newOrder,428,0,10,1684561372
newOrder,807,1,10,1684561372
cancel,428,,,1684561941
cancel,807,,,1684561941
newOrder,428,0,9,1684561976
newOrder,807,1,9,1684561976
cancel,428,,,1684562541
cancel,807,,,1684562541
newOrder,428,0,10,1684562572
newOrder,807,1,10,1684562572
cancel,428,,,1684563141
cancel,807,,,1684563141
newOrder,429,0,10,1684563172
newOrder,807,1,10,1684563172
cancel,429,,,1684563741
cancel,807,,,1684563741
newOrder,430,0,10,1684563771
newOrder,807,1,10,1684563771
cancel,430,,,1684564341
cancel,807,,,1684564341
newOrder,430,0,10,1684564372
newOrder,807,1,10,1684564372
cancel,430,,,1684564941
cancel,807,,,1684564941
newOrder,430,0,10,1684564972
newOrder,807,1,10,1684564972
newOrder,349,0,40,1684564972
cancel,349,,,1684565541
cancel,430,,,1684565541
cancel,807,,,1684565541
newOrder,432,0,10,1684565572
newOrder,807,1,10,1684565572
newOrder,349,0,46,1684565572
cancel,349,,,1684566141
cancel,432,,,1684566141
cancel,807,,,1684566141
newOrder,432,0,10,1684566172
newOrder,807,1,10,1684566172
newOrder,349,0,47,1684566172
cancel,349,,,1684566741
cancel,432,,,1684566741
cancel,807,,,1684566741
newOrder,432,0,10,1684566773
newOrder,807,1,10,1684566773
newOrder,349,0,21,1684566773
cancel,349,,,1684567341
cancel,432,,,1684567341
cancel,807,,,1684567341
newOrder,432,0,10,1684567372
newOrder,807,1,10,1684567372
newOrder,349,0,37,1684567372
cancel,349,,,1684567941
cancel,432,,,1684567941
cancel,807,,,1684567941
newOrder,433,0,10,1684567974
newOrder,807,1,10,1684567974
newOrder,349,0,9,1684567974
cancel,349,,,1684568540
cancel,433,,,1684568540
cancel,807,,,1684568540
newOrder,433,0,10,1684568571
newOrder,807,1,10,1684568571
newOrder,349,0,41,1684568571
cancel,349,,,1684569141
cancel,433,,,1684569141
cancel,807,,,1684569141
newOrder,433,0,10,1684569173
newOrder,807,1,10,1684569173
newOrder,349,0,55,1684569173
cancel,349,,,1684569740
cancel,433,,,1684569740
cancel,807,,,1684569740
newOrder,434,0,10,1684569771
newOrder,807,1,10,1684569771
newOrder,349,0,26,1684569771
cancel,349,,,1684570341
cancel,434,,,1684570341
cancel,807,,,1684570341
newOrder,434,0,10,1684570374
newOrder,807,1,10,1684570374
newOrder,349,0,34,1684570374
cancel,349,,,1684570940
cancel,434,,,1684570940
cancel,807,,,1684570940
newOrder,433,0,10,1684570973
newOrder,807,1,10,1684570973
cancel,433,,,1684571541
cancel,807,,,1684571541
newOrder,432,0,10,1684571570
newOrder,807,1,10,1684571570
cancel,432,,,1684572141
cancel,807,,,1684572141
newOrder,431,0,10,1684572171
newOrder,807,1,10,1684572171
cancel,431,,,1684572740
cancel,807,,,1684572740
newOrder,431,0,10,1684572771
newOrder,807,1,10,1684572771
cancel,431,,,1684573340
cancel,807,,,1684573340
newOrder,431,0,10,1684573373
newOrder,807,1,10,1684573373
cancel,431,,,1684573940
cancel,807,,,1684573940
newOrder,430,0,10,1684573971
newOrder,807,1,10,1684573971
cancel,430,,,1684574541
cancel,807,,,1684574541
newOrder,429,0,9,1684574571
newOrder,807,1,9,1684574571
cancel,429,,,1684575141
cancel,807,,,1684575141
newOrder,429,0,9,1684575173
newOrder,807,1,9,1684575173
cancel,429,,,1684575741
cancel,807,,,1684575741
newOrder,428,0,9,1684575770
newOrder,807,1,9,1684575770
cancel,428,,,1684576341
cancel,807,,,1684576341
newOrder,425,0,9,1684576372
newOrder,807,1,9,1684576372
newOrder,421,0,7,1684576372
cancel,421,,,1684576941
cancel,425,,,1684576941
cancel,807,,,1684576941
newOrder,425,0,9,1684576971
newOrder,807,1,9,1684576971
cancel,425,,,1684577539
cancel,807,,,1684577539
newOrder,425,0,9,1684577571
newOrder,807,1,9,1684577571
cancel,425,,,1684578141
cancel,807,,,1684578141
newOrder,424,0,9,1684578170
newOrder,807,1,9,1684578170
cancel,424,,,1684578741
cancel,807,,,1684578741
newOrder,424,0,9,1684578770
newOrder,807,1,9,1684578770
cancel,424,,,1684579340
cancel,807,,,1684579340
newOrder,425,0,9,1684579371
newOrder,807,1,9,1684579371
cancel,425,,,1684579940
cancel,807,,,1684579940
newOrder,428,0,9,1684579973
newOrder,807,1,9,1684579973
cancel,428,,,1684580541
cancel,807,,,1684580541
newOrder,428,0,9,1684580571
newOrder,807,1,9,1684580571
cancel,428,,,1684581141
cancel,807,,,1684581141
newOrder,428,0,9,1684581172
newOrder,807,1,9,1684581172
cancel,428,,,1684581741
cancel,807,,,1684581741
newOrder,430,0,9,1684581773
newOrder,807,1,9,1684581773
cancel,430,,,1684582342
cancel,807,,,1684582342
newOrder,430,0,9,1684582376
newOrder,807,1,9,1684582376
cancel,430,,,1684582941
cancel,807,,,1684582941
newOrder,429,0,9,1684582972
newOrder,807,1,9,1684582972
cancel,429,,,1684583540
cancel,807,,,1684583540
newOrder,428,0,9,1684583572
newOrder,807,1,9,1684583572
cancel,428,,,1684584141
cancel,807,,,1684584141
newOrder,427,0,9,1684584172
newOrder,807,1,9,1684584172