instruction,price,side,qty,time
cancel,688,,,1677586546
cancel,736,,,1677586546
newOrder,692,0,5981,1677586556
newOrder,740,1,5981,1677586556
cancel,692,,,1677587147
cancel,740,,,1677587147
newOrder,696,0,5978,1677587156
newOrder,744,1,5978,1677587156
cancel,696,,,1677587746
cancel,744,,,1677587746
newOrder,696,0,5979,1677587756
newOrder,745,1,5979,1677587756
cancel,696,,,1677588347
cancel,745,,,1677588347
newOrder,696,0,5980,1677588356
newOrder,745,1,5980,1677588356
cancel,696,,,1677588946
cancel,745,,,1677588946
newOrder,697,0,5980,1677588955
newOrder,745,1,5980,1677588955
cancel,697,,,1677589547
cancel,745,,,1677589547
newOrder,700,0,5978,1677589556
newOrder,749,1,5978,1677589556
cancel,700,,,1677590148
cancel,749,,,1677590148
newOrder,702,0,5977,1677590159
newOrder,751,1,5977,1677590159
cancel,702,,,1677590746
cancel,751,,,1677590746
newOrder,699,0,5981,1677590763
newOrder,748,1,5981,1677590763
cancel,699,,,1677591347
cancel,748,,,1677591347
newOrder,697,0,5984,1677591355
newOrder,746,1,5984,1677591355
cancel,697,,,1677591947
cancel,746,,,1677591947
newOrder,696,0,5986,1677591956
newOrder,745,1,5986,1677591956
cancel,696,,,1677592546
cancel,745,,,1677592546
newOrder,697,0,5986,1677592556
newOrder,746,1,5986,1677592556
cancel,697,,,1677593144
cancel,746,,,1677593144
newOrder,698,0,5986,1677593159
newOrder,747,1,5986,1677593159
cancel,698,,,1677593747
cancel,747,,,1677593747
newOrder,704,0,5980,1677593758
newOrder,753,1,5980,1677593758
cancel,704,,,1677594347
cancel,753,,,1677594347
newOrder,705,0,5981,1677594358
newOrder,754,1,5981,1677594358
cancel,705,,,1677594946
cancel,754,,,1677594946
newOrder,702,0,5985,1677594955
newOrder,751,1,5985,1677594955
cancel,702,,,1677595546
cancel,751,,,1677595546
newOrder,706,0,5981,1677595558
newOrder,756,1,5981,1677595558
cancel,706,,,1677596146
cancel,756,,,1677596146
newOrder,708,0,5980,1677596155
newOrder,757,1,5980,1677596155
cancel,708,,,1677596746
cancel,757,,,1677596746
newOrder,709,0,5980,1677596755
newOrder,759,1,5980,1677596755
cancel,709,,,1677597348
cancel,759,,,1677597348
newOrder,707,0,5982,1677597359
newOrder,757,1,5982,1677597359
cancel,707,,,1677597948
cancel,757,,,1677597948
newOrder,710,0,5980,1677597957
newOrder,760,1,5980,1677597957
cancel,710,,,1677598547
cancel,760,,,1677598547
newOrder,709,0,5983,1677598558
newOrder,758,1,5983,1677598558
cancel,709,,,1677599146
cancel,758,,,1677599146
newOrder,707,0,5985,1677599159
newOrder,757,1,5985,1677599159
cancel,707,,,1677599747
cancel,757,,,1677599747
newOrder,707,0,5986,1677599756
newOrder,757,1,5986,1677599756
cancel,707,,,1677600347
cancel,757,,,1677600347
newOrder,709,0,5985,1677600359
newOrder,759,1,5985,1677600359
cancel,709,,,1677600947
cancel,759,,,1677600947
newOrder,711,0,5984,1677600955
newOrder,760,1,5984,1677600955
cancel,711,,,1677601546
cancel,760,,,1677601546
newOrder,713,0,5983,1677601557
newOrder,763,1,5983,1677601557
cancel,713,,,1677602146
cancel,763,,,1677602146
newOrder,709,0,5988,1677602155
newOrder,759,1,5988,1677602155
cancel,709,,,1677602746
cancel,759,,,1677602746
newOrder,708,0,5991,1677602755
newOrder,757,1,5991,1677602755
cancel,708,,,1677603347
cancel,757,,,1677603347
newOrder,708,0,5991,1677603356
newOrder,758,1,5991,1677603356
cancel,708,,,1677603947
cancel,758,,,1677603947
newOrder,708,0,5993,1677603956
newOrder,757,1,5993,1677603956
cancel,708,,,1677604547
cancel,757,,,1677604547
newOrder,706,0,5996,1677604558
newOrder,755,1,5996,1677604558
cancel,706,,,1677605148
cancel,755,,,1677605148
newOrder,709,0,5993,1677605159
newOrder,759,1,5993,1677605159
cancel,709,,,1677605746
cancel,759,,,1677605746
newOrder,710,0,5993,1677605755
newOrder,759,1,5993,1677605755
cancel,710,,,1677606347
cancel,759,,,1677606347
newOrder,710,0,5994,1677606357
newOrder,759,1,5994,1677606357
cancel,710,,,1677606947
cancel,759,,,1677606947
newOrder,712,0,5993,1677606955
newOrder,761,1,5993,1677606955
cancel,712,,,1677607548
cancel,761,,,1677607548
newOrder,711,0,5994,1677607557
newOrder,761,1,5994,1677607557
cancel,711,,,1677608148
cancel,761,,,1677608148
newOrder,710,0,5997,1677608158
newOrder,760,1,5997,1677608158
cancel,710,,,1677608747
cancel,760,,,1677608747
newOrder,711,0,5996,1677608758
newOrder,761,1,5996,1677608758
cancel,711,,,1677609347
cancel,761,,,1677609347
newOrder,710,0,5999,1677609358
newOrder,759,1,5999,1677609358
cancel,710,,,1677609948
cancel,759,,,1677609948
newOrder,711,0,5999,1677609962
newOrder,760,1,5999,1677609962
cancel,711,,,1677610547
cancel,760,,,1677610547
newOrder,711,0,6000,1677610557
newOrder,761,1,6000,1677610557
cancel,711,,,1677611147
cancel,761,,,1677611147
newOrder,711,0,6001,1677611158
newOrder,760,1,6001,1677611158
cancel,711,,,1677611746
cancel,760,,,1677611746
newOrder,709,0,6004,1677611755
newOrder,758,1,6004,1677611755
cancel,709,,,1677612346
cancel,758,,,1677612346
newOrder,702,0,6013,1677612356
newOrder,751,1,6013,1677612356
cancel,702,,,1677612949
cancel,751,,,1677612949
newOrder,699,0,6017,1677612959
newOrder,748,1,6017,1677612959
cancel,699,,,1677613547
cancel,748,,,1677613547
newOrder,698,0,6018,1677613556
newOrder,747,1,6018,1677613556
cancel,698,,,1677614146
cancel,747,,,1677614146
newOrder,698,0,6020,1677614155
newOrder,746,1,6020,1677614155
cancel,698,,,1677614749
cancel,746,,,1677614749
newOrder,697,0,6021,1677614762
newOrder,746,1,6021,1677614762
cancel,697,,,1677615347
cancel,746,,,1677615347
newOrder,697,0,6022,1677615356
newOrder,746,1,6022,1677615356
cancel,697,,,1677615947
cancel,746,,,1677615947
newOrder,696,0,6024,1677615955
newOrder,745,1,6024,1677615955
cancel,696,,,1677616547
cancel,745,,,1677616547
newOrder,695,0,6026,1677616557
newOrder,744,1,6026,1677616557
cancel,695,,,1677617147
cancel,744,,,1677617147
newOrder,696,0,6027,1677617156
newOrder,744,1,6027,1677617156
cancel,696,,,1677617748
cancel,744,,,1677617748
newOrder,694,0,6029,1677617757
newOrder,743,1,6029,1677617757
cancel,694,,,1677618347
cancel,743,,,1677618347
newOrder,681,0,6039,1677618359
newOrder,729,1,6039,1677618359
cancel,681,,,1677618947
cancel,729,,,1677618947
newOrder,681,0,6040,1677618958
newOrder,728,1,6040,1677618958
cancel,681,,,1677619547
cancel,728,,,1677619547
newOrder,682,0,6041,1677619558
newOrder,730,1,6041,1677619558
cancel,682,,,1677620146
cancel,730,,,1677620146
newOrder,679,0,6044,1677620157
newOrder,726,1,6044,1677620157
cancel,679,,,1677620746
cancel,726,,,1677620746
newOrder,677,0,6046,1677620760
newOrder,724,1,6046,1677620760
cancel,677,,,1677621347
cancel,724,,,1677621347
newOrder,677,0,6046,1677621356
newOrder,724,1,6046,1677621356
cancel,724,,,1677621611
newOrder,652,0,6051,1677621617
newOrder,702,1,6051,1677621617
cancel,652,,,1677621765
newOrder,674,0,6046,1677621772
newOrder,730,1,6046,1677621772
cancel,674,,,1677621947
cancel,730,,,1677621947
newOrder,678,0,6047,1677621958
newOrder,725,1,6047,1677621958
cancel,678,,,1677622546
cancel,725,,,1677622546
newOrder,678,0,6048,1677622561
newOrder,725,1,6048,1677622561
cancel,678,,,1677623147
cancel,725,,,1677623147
newOrder,679,0,6048,1677623157
newOrder,726,1,6048,1677623157
cancel,679,,,1677623746
cancel,726,,,1677623746
newOrder,681,0,6048,1677623756
newOrder,729,1,6048,1677623756
cancel,681,,,1677624346
cancel,729,,,1677624346
newOrder,683,0,6048,1677624357
newOrder,731,1,6048,1677624357
cancel,683,,,1677624947
cancel,731,,,1677624947
newOrder,684,0,6048,1677624957
newOrder,731,1,6048,1677624957
cancel,684,,,1677625547
cancel,731,,,1677625547
newOrder,684,0,6049,1677625557
newOrder,732,1,6049,1677625557
cancel,684,,,1677626147
cancel,732,,,1677626147
newOrder,684,0,6050,1677626157
newOrder,732,1,6050,1677626157
cancel,684,,,1677626746
cancel,732,,,1677626746
newOrder,684,0,6051,1677626757
newOrder,731,1,6051,1677626757
cancel,684,,,1677627347
cancel,731,,,1677627347
newOrder,683,0,6053,1677627356
newOrder,730,1,6053,1677627356
cancel,683,,,1677627947
cancel,730,,,1677627947
newOrder,682,0,6054,1677627957
newOrder,730,1,6054,1677627957
cancel,682,,,1677628548
cancel,730,,,1677628548
newOrder,679,0,6057,1677628561
newOrder,727,1,6057,1677628561
cancel,679,,,1677629146
cancel,727,,,1677629146
newOrder,680,0,6057,1677629159
newOrder,728,1,6057,1677629159
cancel,680,,,1677629747
cancel,728,,,1677629747
newOrder,677,0,6060,1677629756
newOrder,724,1,6060,1677629756
cancel,677,,,1677630347
cancel,724,,,1677630347
newOrder,680,0,6059,1677630358
newOrder,727,1,6059,1677630358
cancel,680,,,1677630946
cancel,727,,,1677630946
newOrder,679,0,6061,1677630960
newOrder,727,1,6061,1677630960
cancel,679,,,1677631546
cancel,727,,,1677631546
newOrder,677,0,6063,1677631557
newOrder,724,1,6063,1677631557
cancel,677,,,1677632147
cancel,724,,,1677632147
newOrder,674,0,6065,1677632158
newOrder,721,1,6065,1677632158
cancel,674,,,1677632748
cancel,721,,,1677632748
newOrder,676,0,6065,1677632758
newOrder,724,1,6065,1677632758
cancel,676,,,1677633346
cancel,724,,,1677633346
newOrder,681,0,6064,1677633357
newOrder,728,1,6064,1677633357
cancel,681,,,1677633947
cancel,728,,,1677633947
newOrder,683,0,6063,1677633955
newOrder,731,1,6063,1677633955
cancel,683,,,1677634547
cancel,731,,,1677634547
newOrder,685,0,6063,1677634557
newOrder,733,1,6063,1677634557
cancel,685,,,1677635147
cancel,733,,,1677635147
newOrder,683,0,6065,1677635156
newOrder,731,1,6065,1677635156
cancel,683,,,1677635746
cancel,731,,,1677635746
newOrder,684,0,6066,1677635757
newOrder,732,1,6066,1677635757
cancel,684,,,1677636347
cancel,732,,,1677636347
newOrder,684,0,6066,1677636356
newOrder,732,1,6066,1677636356
cancel,684,,,1677636947
cancel,732,,,1677636947
newOrder,685,0,6067,1677636956
newOrder,733,1,6067,1677636956
cancel,685,,,1677637547
cancel,733,,,1677637547
newOrder,684,0,6069,1677637556
newOrder,731,1,6069,1677637556
cancel,684,,,1677638146
cancel,731,,,1677638146
newOrder,685,0,6069,1677638156
newOrder,733,1,6069,1677638156
cancel,685,,,1677638747
cancel,733,,,1677638747
newOrder,684,0,6071,1677638757
newOrder,732,1,6071,1677638757
cancel,684,,,1677639348
cancel,732,,,1677639348
newOrder,684,0,6071,1677639361
newOrder,732,1,6071,1677639361
cancel,684,,,1677639947
cancel,732,,,1677639947
newOrder,685,0,6072,1677639955
newOrder,733,1,6072,1677639955
cancel,685,,,1677640548
cancel,733,,,1677640548
newOrder,686,0,6072,1677640557
newOrder,734,1,6072,1677640557
cancel,686,,,1677641149
cancel,734,,,1677641149
newOrder,687,0,6072,1677641159
newOrder,735,1,6072,1677641159
cancel,687,,,1677641748
cancel,735,,,1677641748
newOrder,689,0,6072,1677641764
newOrder,737,1,6072,1677641764
cancel,689,,,1677642346
cancel,737,,,1677642346
newOrder,689,0,6073,1677642359
newOrder,737,1,6073,1677642359
cancel,689,,,1677642947
cancel,737,,,1677642947
newOrder,686,0,6076,1677642957
newOrder,734,1,6076,1677642957
cancel,686,,,1677643547
cancel,734,,,1677643547
newOrder,692,0,6073,1677643558
newOrder,740,1,6073,1677643558
cancel,692,,,1677644147
cancel,740,,,1677644147
newOrder,692,0,6073,1677644158
newOrder,741,1,6073,1677644158
cancel,692,,,1677644747
cancel,741,,,1677644747
newOrder,693,0,6074,1677644757
newOrder,741,1,6074,1677644757
cancel,693,,,1677645346
cancel,741,,,1677645346
newOrder,694,0,6074,1677645358
newOrder,743,1,6074,1677645358
cancel,694,,,1677645947
cancel,743,,,1677645947
newOrder,694,0,6075,1677645957
newOrder,743,1,6075,1677645957
cancel,694,,,1677646546
cancel,743,,,1677646546
newOrder,703,0,6068,1677646556
newOrder,752,1,6068,1677646556
cancel,703,,,1677647147
cancel,752,,,1677647147
newOrder,704,0,6068,1677647156
newOrder,753,1,6068,1677647156
cancel,704,,,1677647747
cancel,753,,,1677647747
newOrder,702,0,6071,1677647760
newOrder,751,1,6071,1677647760
cancel,702,,,1677648347
cancel,751,,,1677648347
newOrder,697,0,6077,1677648356
newOrder,746,1,6077,1677648356
cancel,697,,,1677648948
cancel,746,,,1677648948
newOrder,696,0,6079,1677648957
newOrder,744,1,6079,1677648957
cancel,696,,,1677649547
cancel,744,,,1677649547
newOrder,696,0,6079,1677649557
newOrder,745,1,6079,1677649557
cancel,696,,,1677650147
cancel,745,,,1677650147
newOrder,698,0,6078,1677650155
newOrder,747,1,6078,1677650155
cancel,698,,,1677650747
cancel,747,,,1677650747
newOrder,697,0,6080,1677650757
newOrder,746,1,6080,1677650757
cancel,697,,,1677651346
cancel,746,,,1677651346
newOrder,699,0,6080,1677651355
newOrder,748,1,6080,1677651355
cancel,699,,,1677651947
cancel,748,,,1677651947
newOrder,699,0,6081,1677651955
newOrder,748,1,6081,1677651955
cancel,699,,,1677652547
cancel,748,,,1677652547
newOrder,700,0,6080,1677652557
newOrder,749,1,6080,1677652557
cancel,700,,,1677653147
cancel,749,,,1677653147
newOrder,702,0,6080,1677653158
newOrder,751,1,6080,1677653158
cancel,702,,,1677653747
cancel,751,,,1677653747
newOrder,701,0,6082,1677653756
newOrder,750,1,6082,1677653756
cancel,701,,,1677654347
cancel,750,,,1677654347
newOrder,696,0,6087,1677654355
newOrder,745,1,6087,1677654355
cancel,696,,,1677654946
cancel,745,,,1677654946
newOrder,698,0,6087,1677654956
newOrder,747,1,6087,1677654956
cancel,698,,,1677655546
cancel,747,,,1677655546
newOrder,700,0,6086,1677655556
newOrder,749,1,6086,1677655556
cancel,700,,,1677656147
cancel,749,,,1677656147
newOrder,699,0,6087,1677656156
newOrder,748,1,6087,1677656156
cancel,699,,,1677656746
cancel,748,,,1677656746
newOrder,699,0,6089,1677656756
newOrder,747,1,6089,1677656756
cancel,699,,,1677657347
cancel,747,,,1677657347
newOrder,699,0,6090,1677657356
newOrder,748,1,6090,1677657356
cancel,699,,,1677657947
cancel,748,,,1677657947
newOrder,698,0,6091,1677657956
newOrder,747,1,6091,1677657956
cancel,698,,,1677658546
cancel,747,,,1677658546
newOrder,698,0,6092,1677658556
newOrder,747,1,6092,1677658556
cancel,698,,,1677659146
cancel,747,,,1677659146
newOrder,698,0,6094,1677659155
newOrder,747,1,6094,1677659155
cancel,698,,,1677659746
cancel,747,,,1677659746
newOrder,698,0,6095,1677659755
newOrder,747,1,6095,1677659755
cancel,698,,,1677660347
cancel,747,,,1677660347
newOrder,698,0,6095,1677660356
newOrder,747,1,6095,1677660356
cancel,698,,,1677660947
cancel,747,,,1677660947
newOrder,696,0,6098,1677660957
newOrder,745,1,6098,1677660957
cancel,696,,,1677661547
cancel,745,,,1677661547
newOrder,695,0,6100,1677661557
newOrder,744,1,6100,1677661557
cancel,695,,,1677662147
cancel,744,,,1677662147
newOrder,697,0,6099,1677662158
newOrder,746,1,6099,1677662158
cancel,697,,,1677662747
cancel,746,,,1677662747
newOrder,698,0,6099,1677662756
newOrder,747,1,6099,1677662756
cancel,698,,,1677663347
cancel,747,,,1677663347
newOrder,699,0,6100,1677663357
newOrder,747,1,6100,1677663357
cancel,699,,,1677663947
cancel,747,,,1677663947
newOrder,697,0,6102,1677663957
newOrder,746,1,6102,1677663957
cancel,697,,,1677664545
cancel,746,,,1677664545
newOrder,698,0,6103,1677664560
newOrder,746,1,6103,1677664560
cancel,698,,,1677665146
cancel,746,,,1677665146
newOrder,698,0,6104,1677665155
newOrder,747,1,6104,1677665155
cancel,698,,,1677665747
cancel,747,,,1677665747
newOrder,697,0,6105,1677665757
newOrder,746,1,6105,1677665757
cancel,697,,,1677666346
cancel,746,,,1677666346
newOrder,698,0,6105,1677666357
newOrder,747,1,6105,1677666357
cancel,698,,,1677666947
cancel,747,,,1677666947
newOrder,699,0,6106,1677666964
newOrder,748,1,6106,1677666964
cancel,699,,,1677667546
cancel,748,,,1677667546
newOrder,699,0,6107,1677667556
newOrder,747,1,6107,1677667556
cancel,699,,,1677668147
cancel,747,,,1677668147
newOrder,699,0,6108,1677668157
newOrder,748,1,6108,1677668157
cancel,699,,,1677668746
cancel,748,,,1677668746
newOrder,699,0,6109,1677668756
newOrder,748,1,6109,1677668756
cancel,699,,,1677669346
cancel,748,,,1677669346
newOrder,700,0,6109,1677669359
newOrder,749,1,6109,1677669359
cancel,700,,,1677669946
cancel,749,,,1677669946
newOrder,700,0,6110,1677669957
newOrder,748,1,6110,1677669957
cancel,700,,,1677670547
cancel,748,,,1677670547
newOrder,698,0,6113,1677670556
newOrder,747,1,6113,1677670556
cancel,698,,,1677671147
cancel,747,,,1677671147
newOrder,698,0,6114,1677671157
newOrder,747,1,6114,1677671157
cancel,698,,,1677671747
cancel,747,,,1677671747
newOrder,697,0,6116,1677671756
newOrder,746,1,6116,1677671756
cancel,697,,,1677672347
cancel,746,,,1677672347
newOrder,694,0,6119,1677672356
newOrder,742,1,6119,1677672356