instruction,price,side,qty,time
cancel,625,,,1683118759
newOrder,568,0,156,1683118767
newOrder,605,1,156,1683118767
cancel,568,,,1683118929
cancel,605,,,1683118929
newOrder,569,0,156,1683118941
newOrder,605,1,156,1683118941
cancel,569,,,1683118984
cancel,605,,,1683118984
newOrder,560,0,151,1683119207
newOrder,605,1,151,1683119207
newOrder,551,0,300,1683119207
newOrder,719,1,300,1683119207
cancel,551,,,1683119318
cancel,605,,,1683119318
cancel,719,,,1683119318
newOrder,552,0,146,1683119377
newOrder,605,1,146,1683119377
newOrder,551,0,65,1683119377
newOrder,719,1,495,1683119377
cancel,551,,,1683119391
cancel,552,,,1683119391
cancel,605,,,1683119391
cancel,719,,,1683119391
newOrder,558,0,150,1683119400
newOrder,605,1,150,1683119400
newOrder,557,0,59,1683119400
newOrder,719,1,417,1683119400
cancel,557,,,1683119548
cancel,605,,,1683119548
cancel,719,,,1683119548
newOrder,553,0,146,1683119555
newOrder,606,1,146,1683119555
newOrder,719,1,324,1683119555
cancel,553,,,1683119804
cancel,606,,,1683119804
cancel,719,,,1683119804
newOrder,555,0,148,1683119830
newOrder,605,1,148,1683119830
cancel,555,,,1683119990
cancel,605,,,1683119990
newOrder,556,0,148,1683119999
newOrder,605,1,148,1683119999
newOrder,551,0,184,1683119999
newOrder,719,1,664,1683119999
cancel,551,,,1683120302
cancel,556,,,1683120302
cancel,605,,,1683120302
cancel,719,,,1683120302
newOrder,554,0,147,1683120327
newOrder,605,1,147,1683120327
cancel,554,,,1683120590
cancel,605,,,1683120590
newOrder,558,0,149,1683120598
newOrder,605,1,149,1683120598
cancel,558,,,1683120665
cancel,605,,,1683120665
newOrder,557,0,149,1683120690
newOrder,605,1,149,1683120690
cancel,557,,,1683122139
cancel,605,,,1683122139
newOrder,558,0,150,1683122149
newOrder,605,1,150,1683122149
cancel,558,,,1683122769
cancel,605,,,1683122769
newOrder,560,0,150,1683122778
newOrder,605,1,150,1683122778
cancel,560,,,1683123370
cancel,605,,,1683123370
newOrder,565,0,154,1683123378
newOrder,605,1,154,1683123378
cancel,565,,,1683123970
cancel,605,,,1683123970
newOrder,565,0,154,1683123979
newOrder,605,1,154,1683123979
cancel,565,,,1683124570
cancel,605,,,1683124570
newOrder,566,0,155,1683124577
newOrder,605,1,155,1683124577
cancel,566,,,1683125170
cancel,605,,,1683125170
newOrder,568,0,156,1683125179
newOrder,605,1,156,1683125179
cancel,568,,,1683125771
cancel,605,,,1683125771
newOrder,570,0,157,1683125779
newOrder,605,1,157,1683125779
cancel,570,,,1683126370
cancel,605,,,1683126370
newOrder,569,0,156,1683126377
newOrder,605,1,156,1683126377
cancel,569,,,1683126970
cancel,605,,,1683126970
newOrder,570,0,157,1683126977
newOrder,605,1,157,1683126977
cancel,570,,,1683127449
cancel,605,,,1683127449
newOrder,569,0,157,1683127480
newOrder,605,1,157,1683127480
cancel,569,,,1683128082
cancel,605,,,1683128082
newOrder,569,0,156,1683128111
newOrder,605,1,156,1683128111
cancel,569,,,1683128682
cancel,605,,,1683128682
newOrder,570,0,157,1683128712
newOrder,605,1,157,1683128712
cancel,570,,,1683129282
cancel,605,,,1683129282
newOrder,570,0,157,1683129314
newOrder,605,1,157,1683129314
newOrder,551,0,124,1683129314
newOrder,719,1,124,1683129314
cancel,551,,,1683129882
cancel,570,,,1683129882
cancel,605,,,1683129882
cancel,719,,,1683129882
newOrder,572,0,158,1683129910
newOrder,605,1,158,1683129910
cancel,572,,,1683130482
cancel,605,,,1683130482
newOrder,574,0,159,1683130512
newOrder,605,1,159,1683130512
cancel,574,,,1683131082
cancel,605,,,1683131082
newOrder,574,0,159,1683131112
newOrder,605,1,159,1683131112
cancel,574,,,1683131682
cancel,605,,,1683131682
newOrder,577,0,161,1683131712
newOrder,605,1,161,1683131712
newOrder,573,0,145,1683131712
cancel,573,,,1683132284
cancel,577,,,1683132284
cancel,605,,,1683132284
newOrder,576,0,160,1683132312
newOrder,605,1,160,1683132312
cancel,576,,,1683132880
cancel,605,,,1683132880
newOrder,575,0,160,1683132914
newOrder,605,1,160,1683132914
newOrder,719,1,159,1683132914
cancel,575,,,1683133482
cancel,605,,,1683133482
cancel,719,,,1683133482
newOrder,576,0,160,1683133512
newOrder,605,1,160,1683133512
newOrder,719,1,716,1683133512
cancel,576,,,1683134082
cancel,605,,,1683134082
cancel,719,,,1683134082
newOrder,576,0,160,1683134111
newOrder,605,1,160,1683134111
newOrder,719,1,411,1683134111
cancel,576,,,1683134682
cancel,605,,,1683134682
cancel,719,,,1683134682
newOrder,576,0,160,1683134717
newOrder,605,1,160,1683134717
newOrder,719,1,455,1683134717
cancel,576,,,1683135282
cancel,605,,,1683135282
cancel,719,,,1683135282
newOrder,576,0,160,1683135312
newOrder,605,1,160,1683135312
newOrder,719,1,140,1683135312
cancel,576,,,1683135881
cancel,605,,,1683135881
cancel,719,,,1683135881
newOrder,579,0,162,1683135912
newOrder,605,1,162,1683135912
newOrder,719,1,272,1683135912
cancel,579,,,1683136482
cancel,605,,,1683136482
cancel,719,,,1683136482
newOrder,577,0,161,1683136511
newOrder,605,1,161,1683136511
newOrder,719,1,281,1683136511
cancel,577,,,1683137083
cancel,605,,,1683137083
cancel,719,,,1683137083
newOrder,576,0,160,1683137114
newOrder,605,1,160,1683137114
newOrder,575,0,68,1683137114
newOrder,719,1,760,1683137114
cancel,575,,,1683137682
cancel,576,,,1683137682
cancel,605,,,1683137682
cancel,719,,,1683137682
newOrder,577,0,161,1683137713
newOrder,605,1,161,1683137713
newOrder,719,1,390,1683137713
cancel,577,,,1683138282
cancel,605,,,1683138282
cancel,719,,,1683138282
newOrder,579,0,162,1683138311
newOrder,605,1,162,1683138311
newOrder,719,1,784,1683138311
cancel,579,,,1683138882
cancel,605,,,1683138882
cancel,719,,,1683138882
newOrder,579,0,162,1683138911
newOrder,605,1,162,1683138911
newOrder,719,1,692,1683138911
cancel,579,,,1683139482
cancel,605,,,1683139482
cancel,719,,,1683139482
newOrder,581,0,164,1683139513
newOrder,605,1,164,1683139513
newOrder,719,1,557,1683139513
cancel,581,,,1683140082
cancel,605,,,1683140082
cancel,719,,,1683140082
newOrder,581,0,163,1683140114
newOrder,605,1,163,1683140114
newOrder,551,0,708,1683140114
newOrder,719,1,708,1683140114
cancel,551,,,1683140682
cancel,581,,,1683140682
cancel,605,,,1683140682
cancel,719,,,1683140682
newOrder,582,0,164,1683140712
newOrder,605,1,164,1683140712
cancel,582,,,1683141282
cancel,605,,,1683141282
newOrder,583,0,165,1683141312
newOrder,605,1,165,1683141312
newOrder,551,0,265,1683141312
newOrder,719,1,265,1683141312
cancel,551,,,1683141881
cancel,583,,,1683141881
cancel,605,,,1683141881
cancel,719,,,1683141881
newOrder,583,0,165,1683141915
newOrder,605,1,165,1683141915
newOrder,584,0,12,1683141915
cancel,583,,,1683142481
cancel,584,,,1683142481
cancel,605,,,1683142481
newOrder,582,0,164,1683142512
newOrder,605,1,164,1683142512
cancel,582,,,1683143084
cancel,605,,,1683143084
newOrder,581,0,163,1683143114
newOrder,605,1,163,1683143114
cancel,581,,,1683143682
cancel,605,,,1683143682
newOrder,581,0,163,1683143710
newOrder,605,1,163,1683143710
cancel,581,,,1683144281
cancel,605,,,1683144281
newOrder,581,0,163,1683144308
newOrder,605,1,163,1683144308
cancel,581,,,1683144882
cancel,605,,,1683144882
newOrder,582,0,164,1683144914
newOrder,605,1,164,1683144914
cancel,582,,,1683145483
cancel,605,,,1683145483
newOrder,582,0,164,1683145511
newOrder,605,1,164,1683145511
cancel,582,,,1683146082
cancel,605,,,1683146082
newOrder,581,0,163,1683146110
newOrder,605,1,163,1683146110
cancel,581,,,1683146682
cancel,605,,,1683146682
newOrder,581,0,163,1683146710
newOrder,605,1,163,1683146710
cancel,581,,,1683147282
cancel,605,,,1683147282
newOrder,580,0,163,1683147310
newOrder,605,1,163,1683147310
cancel,580,,,1683147882
cancel,605,,,1683147882
newOrder,581,0,163,1683147914
newOrder,605,1,163,1683147914
cancel,581,,,1683148482
cancel,605,,,1683148482
newOrder,582,0,164,1683148510
newOrder,605,1,164,1683148510
cancel,582,,,1683149083
cancel,605,,,1683149083
newOrder,584,0,165,1683149115
newOrder,605,1,165,1683149115
newOrder,551,0,512,1683149115
newOrder,719,1,512,1683149115
cancel,551,,,1683149681
cancel,584,,,1683149681
cancel,605,,,1683149681
cancel,719,,,1683149681
newOrder,588,0,167,1683149711
newOrder,605,1,167,1683149711
cancel,588,,,1683150282
cancel,605,,,1683150282
newOrder,591,0,169,1683150310
newOrder,605,1,169,1683150310
cancel,591,,,1683150883
cancel,605,,,1683150883
newOrder,592,0,170,1683150911
newOrder,605,1,170,1683150911
cancel,592,,,1683151482
cancel,605,,,1683151482
newOrder,592,0,170,1683151511
newOrder,605,1,170,1683151511
cancel,592,,,1683152082
cancel,605,,,1683152082
newOrder,591,0,169,1683152110
newOrder,605,1,169,1683152110
cancel,591,,,1683152682
cancel,605,,,1683152682
newOrder,593,0,170,1683152710
newOrder,605,1,170,1683152710
cancel,593,,,1683153282
cancel,605,,,1683153282
newOrder,591,0,169,1683153313
newOrder,605,1,169,1683153313
cancel,591,,,1683153882
cancel,605,,,1683153882
newOrder,590,0,168,1683153911
newOrder,605,1,168,1683153911
cancel,590,,,1683154482
cancel,605,,,1683154482
newOrder,590,0,169,1683154511
newOrder,605,1,169,1683154511
cancel,590,,,1683155081
cancel,605,,,1683155081
newOrder,589,0,168,1683155111
newOrder,605,1,168,1683155111
cancel,589,,,1683155682
cancel,605,,,1683155682
newOrder,590,0,169,1683155710
newOrder,605,1,169,1683155710
cancel,590,,,1683156282
cancel,605,,,1683156282
newOrder,589,0,168,1683156311
newOrder,605,1,168,1683156311
cancel,589,,,1683156882
cancel,605,,,1683156882
newOrder,589,0,168,1683156910
newOrder,605,1,168,1683156910
cancel,589,,,1683157485
cancel,605,,,1683157485
newOrder,590,0,168,1683157516
newOrder,605,1,168,1683157516
cancel,590,,,1683158082
cancel,605,,,1683158082
newOrder,589,0,168,1683158112
newOrder,605,1,168,1683158112
cancel,589,,,1683158682
cancel,605,,,1683158682
newOrder,591,0,169,1683158711
newOrder,605,1,169,1683158711
cancel,591,,,1683159282
cancel,605,,,1683159282
newOrder,591,0,169,1683159310
newOrder,605,1,169,1683159310
cancel,591,,,1683159882
cancel,605,,,1683159882
newOrder,591,0,169,1683159911
newOrder,605,1,169,1683159911
cancel,591,,,1683160483
cancel,605,,,1683160483
newOrder,592,0,170,1683160510
newOrder,605,1,170,1683160510
cancel,592,,,1683161081
cancel,605,,,1683161081
newOrder,591,0,169,1683161110
newOrder,605,1,169,1683161110
cancel,605,,,1683161500
newOrder,585,0,166,1683161508
newOrder,606,1,166,1683161508
cancel,585,,,1683161682
cancel,606,,,1683161682
newOrder,586,0,166,1683161711
newOrder,605,1,166,1683161711
cancel,586,,,1683162282
cancel,605,,,1683162282
newOrder,585,0,166,1683162311
newOrder,605,1,166,1683162311
cancel,585,,,1683162882
cancel,605,,,1683162882
newOrder,585,0,166,1683162911
newOrder,605,1,166,1683162911
cancel,585,,,1683163483
cancel,605,,,1683163483
newOrder,586,0,166,1683163513
newOrder,605,1,166,1683163513
cancel,586,,,1683164081
cancel,605,,,1683164081
newOrder,585,0,166,1683164111
newOrder,605,1,166,1683164111
cancel,585,,,1683164682
cancel,605,,,1683164682
newOrder,586,0,166,1683164712
newOrder,605,1,166,1683164712
cancel,586,,,1683165282
cancel,605,,,1683165282
newOrder,591,0,169,1683165315
newOrder,605,1,169,1683165315
newOrder,551,0,250,1683165315
newOrder,719,1,250,1683165315
cancel,551,,,1683165882
cancel,591,,,1683165882
cancel,605,,,1683165882
cancel,719,,,1683165882
newOrder,592,0,170,1683165912
newOrder,605,1,170,1683165912
cancel,592,,,1683166482
cancel,605,,,1683166482
newOrder,593,0,170,1683166511
newOrder,605,1,170,1683166511
cancel,593,,,1683167083
cancel,605,,,1683167083
newOrder,592,0,169,1683167111
newOrder,605,1,169,1683167111
cancel,592,,,1683167682
cancel,605,,,1683167682
newOrder,593,0,170,1683167711
newOrder,605,1,170,1683167711
cancel,593,,,1683168282
cancel,605,,,1683168282
newOrder,594,0,171,1683168312
newOrder,605,1,171,1683168312
cancel,594,,,1683168882
cancel,605,,,1683168882
newOrder,594,0,171,1683168912
newOrder,605,1,171,1683168912
cancel,594,,,1683169482
cancel,605,,,1683169482
newOrder,594,0,171,1683169514
newOrder,605,1,171,1683169514
cancel,594,,,1683170082
cancel,605,,,1683170082
newOrder,595,0,174,1683170111
newOrder,610,1,174,1683170111
cancel,595,,,1683170682
cancel,610,,,1683170682
newOrder,595,0,174,1683170712
newOrder,610,1,174,1683170712
cancel,595,,,1683171282
cancel,610,,,1683171282
newOrder,595,0,173,1683171312
newOrder,609,1,173,1683171312
cancel,595,,,1683171882
cancel,609,,,1683171882
newOrder,595,0,173,1683171910
newOrder,608,1,173,1683171910
cancel,595,,,1683172482
cancel,608,,,1683172482
newOrder,595,0,173,1683172511
newOrder,609,1,173,1683172511
cancel,595,,,1683173082
cancel,609,,,1683173082
newOrder,595,0,173,1683173110
newOrder,609,1,173,1683173110
cancel,595,,,1683173682
cancel,609,,,1683173682
newOrder,595,0,175,1683173711
newOrder,611,1,175,1683173711
cancel,611,,,1683173983
newOrder,589,0,168,1683173989
newOrder,606,1,168,1683173989
newOrder,614,1,157,1683173989
cancel,589,,,1683174282
cancel,614,,,1683174282
newOrder,595,0,176,1683174314
newOrder,614,1,176,1683174314
newOrder,501,0,721,1683174314
cancel,501,,,1683174882
cancel,595,,,1683174882
cancel,614,,,1683174882
newOrder,595,0,176,1683174911
newOrder,614,1,176,1683174911
cancel,595,,,1683175482
cancel,614,,,1683175482
newOrder,595,0,176,1683175511
newOrder,614,1,176,1683175511
cancel,595,,,1683176081
cancel,614,,,1683176081
newOrder,595,0,175,1683176112
newOrder,613,1,175,1683176112
cancel,595,,,1683176552
newOrder,594,0,179,1683176557
newOrder,619,1,179,1683176557
cancel,594,,,1683176682
cancel,619,,,1683176682
newOrder,595,0,179,1683176711
newOrder,619,1,179,1683176711
cancel,595,,,1683177282
cancel,619,,,1683177282
newOrder,595,0,178,1683177313
newOrder,618,1,178,1683177313
cancel,595,,,1683177882
cancel,618,,,1683177882
newOrder,595,0,178,1683177910
newOrder,617,1,178,1683177910
cancel,595,,,1683178482
cancel,617,,,1683178482
newOrder,595,0,178,1683178513
newOrder,618,1,178,1683178513
cancel,595,,,1683179082
cancel,618,,,1683179082
newOrder,595,0,178,1683179114
newOrder,618,1,178,1683179114
cancel,595,,,1683179682
cancel,618,,,1683179682
newOrder,595,0,179,1683179711
newOrder,619,1,179,1683179711
cancel,595,,,1683180282
cancel,619,,,1683180282
newOrder,595,0,179,1683180313
newOrder,619,1,179,1683180313
cancel,595,,,1683180882
cancel,619,,,1683180882
newOrder,595,0,177,1683180911
newOrder,616,1,177,1683180911
newOrder,501,0,443,1683180911
newOrder,719,1,443,1683180911
cancel,501,,,1683181482
cancel,595,,,1683181482
cancel,616,,,1683181482
cancel,719,,,1683181482
newOrder,595,0,178,1683181510
newOrder,617,1,178,1683181510
cancel,595,,,1683182082
cancel,617,,,1683182082
newOrder,595,0,177,1683182114
newOrder,616,1,177,1683182114
cancel,595,,,1683182683
cancel,616,,,1683182683
newOrder,595,0,177,1683182711
newOrder,616,1,177,1683182711
cancel,595,,,1683183285
cancel,616,,,1683183285
newOrder,595,0,177,1683183314
newOrder,615,1,177,1683183314
cancel,595,,,1683183882
cancel,615,,,1683183882
newOrder,595,0,178,1683183913
newOrder,617,1,178,1683183913
cancel,595,,,1683184482
cancel,617,,,1683184482
newOrder,595,0,178,1683184509
newOrder,617,1,178,1683184509
cancel,595,,,1683185082
cancel,617,,,1683185082
newOrder,595,0,176,1683185111
newOrder,615,1,176,1683185111
cancel,595,,,1683185682
cancel,615,,,1683185682
newOrder,595,0,176,1683185711
newOrder,614,1,176,1683185711
cancel,595,,,1683186282
cancel,614,,,1683186282
newOrder,595,0,175,1683186311
newOrder,613,1,175,1683186311
cancel,595,,,1683186882
cancel,613,,,1683186882
newOrder,595,0,175,1683186911
newOrder,612,1,175,1683186911
cancel,595,,,1683187481
cancel,612,,,1683187481
newOrder,595,0,176,1683187510
newOrder,613,1,176,1683187510
cancel,595,,,1683188082
cancel,613,,,1683188082
newOrder,595,0,175,1683188111
newOrder,612,1,175,1683188111
cancel,595,,,1683188681
cancel,612,,,1683188681
newOrder,595,0,176,1683188710
newOrder,614,1,176,1683188710
cancel,595,,,1683189282
cancel,614,,,1683189282
newOrder,595,0,175,1683189310
newOrder,611,1,175,1683189310
cancel,595,,,1683189882
cancel,611,,,1683189882
newOrder,595,0,175,1683189913
newOrder,612,1,175,1683189913
cancel,595,,,1683190482
cancel,612,,,1683190482
newOrder,595,0,175,1683190512
newOrder,613,1,175,1683190512
cancel,595,,,1683191082
cancel,613,,,1683191082
newOrder,595,0,175,1683191111
newOrder,612,1,175,1683191111
cancel,595,,,1683191682
cancel,612,,,1683191682
newOrder,595,0,174,1683191711
newOrder,611,1,174,1683191711
cancel,595,,,1683192282
cancel,611,,,1683192282
newOrder,595,0,173,1683192312
newOrder,609,1,173,1683192312
cancel,595,,,1683192881
cancel,609,,,1683192881
newOrder,595,0,172,1683192910
newOrder,607,1,172,1683192910
cancel,595,,,1683193482
cancel,607,,,1683193482
newOrder,595,0,173,1683193510
newOrder,608,1,173,1683193510
cancel,595,,,1683194082
cancel,608,,,1683194082
newOrder,595,0,173,1683194113
newOrder,608,1,173,1683194113
cancel,595,,,1683194682
cancel,608,,,1683194682
newOrder,595,0,173,1683194712
newOrder,608,1,173,1683194712
cancel,608,,,1683194977
newOrder,589,0,168,1683194982
newOrder,606,1,168,1683194982
cancel,589,,,1683195282
cancel,606,,,1683195282
newOrder,593,0,170,1683195312
newOrder,605,1,170,1683195312
cancel,593,,,1683195881
cancel,605,,,1683195881
newOrder,595,0,171,1683195910
newOrder,605,1,171,1683195910
cancel,605,,,1683196119
newOrder,589,0,168,1683196125
newOrder,606,1,168,1683196125
cancel,589,,,1683196482
cancel,606,,,1683196482
newOrder,594,0,171,1683196512
newOrder,605,1,171,1683196512
cancel,594,,,1683197082
cancel,605,,,1683197082
newOrder,594,0,171,1683197111
newOrder,605,1,171,1683197111
cancel,594,,,1683197682
cancel,605,,,1683197682
newOrder,595,0,171,1683197710
newOrder,606,1,171,1683197710
cancel,595,,,1683198282
cancel,606,,,1683198282
newOrder,594,0,171,1683198313
newOrder,605,1,171,1683198313
cancel,594,,,1683198882
cancel,605,,,1683198882
newOrder,594,0,171,1683198911
newOrder,605,1,171,1683198911
cancel,594,,,1683199482
cancel,605,,,1683199482
newOrder,595,0,171,1683199511
newOrder,605,1,171,1683199511
cancel,595,,,1683200082
cancel,605,,,1683200082
newOrder,594,0,171,1683200112
newOrder,605,1,171,1683200112
cancel,594,,,1683200682
cancel,605,,,1683200682
newOrder,594,0,171,1683200712
newOrder,605,1,171,1683200712
cancel,594,,,1683201282
cancel,605,,,1683201282
newOrder,595,0,171,1683201310
newOrder,605,1,171,1683201310
cancel,605,,,1683201624
newOrder,589,0,168,1683201630
newOrder,606,1,168,1683201630
newOrder,501,0,273,1683201630
newOrder,605,1,180,1683201630
cancel,501,,,1683201883
cancel,589,,,1683201883
cancel,605,,,1683201883
cancel,606,,,1683201883
newOrder,595,0,171,1683201912
newOrder,606,1,171,1683201912
newOrder,501,0,205,1683201912