instruction,price,side,qty,time
cancel,295,,,1686744949
cancel,301,,,1686744949
newOrder,295,0,817,1686744978
newOrder,300,1,817,1686744978
newOrder,293,0,887,1686744978
newOrder,303,1,1166,1686744978
cancel,293,,,1686745548
cancel,295,,,1686745548
cancel,300,,,1686745548
cancel,303,,,1686745548
newOrder,295,0,826,1686745575
newOrder,301,1,826,1686745575
cancel,295,,,1686746149
cancel,301,,,1686746149
newOrder,295,0,816,1686746175
newOrder,300,1,816,1686746175
newOrder,300,1,226,1686746175
cancel,295,,,1686746748
cancel,300,,,1686746748
cancel,300,,,1686746748
newOrder,295,0,819,1686746775
newOrder,300,1,819,1686746775
cancel,295,,,1686747348
cancel,300,,,1686747348
newOrder,296,0,833,1686747374
newOrder,301,1,833,1686747374
cancel,296,,,1686747948
cancel,301,,,1686747948
newOrder,296,0,827,1686747975
newOrder,301,1,827,1686747975
cancel,296,,,1686748549
cancel,301,,,1686748549
newOrder,295,0,813,1686748575
newOrder,300,1,813,1686748575
cancel,295,,,1686749148
cancel,300,,,1686749148
newOrder,294,0,805,1686749174
newOrder,300,1,805,1686749174
cancel,294,,,1686749748
cancel,300,,,1686749748
newOrder,294,0,801,1686749774
newOrder,300,1,801,1686749774
cancel,294,,,1686750348
cancel,300,,,1686750348
newOrder,294,0,796,1686750376
newOrder,299,1,796,1686750376
newOrder,301,1,799,1686750376
cancel,294,,,1686750948
cancel,299,,,1686750948
cancel,301,,,1686750948
newOrder,295,0,808,1686750981
newOrder,300,1,808,1686750981
cancel,295,,,1686751548
cancel,300,,,1686751548
newOrder,294,0,801,1686751575
newOrder,300,1,801,1686751575
newOrder,292,0,1029,1686751575
newOrder,307,1,1105,1686751575
cancel,292,,,1686752148
cancel,294,,,1686752148
cancel,300,,,1686752148
cancel,307,,,1686752148
newOrder,296,0,827,1686752175
newOrder,301,1,827,1686752175
cancel,296,,,1686752748
cancel,301,,,1686752748
newOrder,296,0,832,1686752774
newOrder,302,1,832,1686752774
cancel,296,,,1686753347
cancel,302,,,1686753347
newOrder,295,0,809,1686753376
newOrder,300,1,809,1686753376
cancel,295,,,1686753947
cancel,300,,,1686753947
newOrder,294,0,796,1686753974
newOrder,300,1,796,1686753974
cancel,294,,,1686754548
cancel,300,,,1686754548
newOrder,294,0,799,1686754574
newOrder,300,1,799,1686754574
cancel,294,,,1686755150
cancel,300,,,1686755150
newOrder,296,0,822,1686755181
newOrder,301,1,822,1686755181
cancel,296,,,1686755748
cancel,301,,,1686755748
newOrder,296,0,831,1686755775
newOrder,302,1,831,1686755775
cancel,296,,,1686756348
cancel,302,,,1686756348
newOrder,296,0,828,1686756376
newOrder,302,1,828,1686756376
newOrder,290,0,1119,1686756376
newOrder,306,1,1119,1686756376
cancel,290,,,1686756948
cancel,296,,,1686756948
cancel,302,,,1686756948
cancel,306,,,1686756948
newOrder,296,0,815,1686756975
newOrder,301,1,815,1686756975
cancel,296,,,1686757547
cancel,301,,,1686757547
newOrder,295,0,810,1686757575
newOrder,301,1,810,1686757575
cancel,295,,,1686758148
cancel,301,,,1686758148
newOrder,295,0,802,1686758174
newOrder,300,1,802,1686758174
cancel,295,,,1686758748
cancel,300,,,1686758748
newOrder,295,0,805,1686758773
newOrder,300,1,805,1686758773
cancel,295,,,1686759348
cancel,300,,,1686759348
newOrder,296,0,823,1686759377
newOrder,302,1,823,1686759377
cancel,296,,,1686759948
cancel,302,,,1686759948
newOrder,297,0,842,1686759976
newOrder,303,1,842,1686759976
cancel,297,,,1686760547
cancel,303,,,1686760547
newOrder,298,0,848,1686760573
newOrder,303,1,848,1686760573
cancel,298,,,1686761148
cancel,303,,,1686761148
newOrder,296,0,827,1686761175
newOrder,302,1,827,1686761175
cancel,296,,,1686761748
cancel,302,,,1686761748
newOrder,296,0,826,1686761772
newOrder,302,1,826,1686761772
cancel,296,,,1686762348
cancel,302,,,1686762348
newOrder,297,0,826,1686762376
newOrder,302,1,826,1686762376
newOrder,302,1,353,1686762376
cancel,297,,,1686762948
cancel,302,,,1686762948
cancel,302,,,1686762948
newOrder,296,0,818,1686762977
newOrder,301,1,818,1686762977
newOrder,301,1,172,1686762977
cancel,296,,,1686763548
cancel,301,,,1686763548
cancel,301,,,1686763548
newOrder,296,0,815,1686763576
newOrder,301,1,815,1686763576
cancel,296,,,1686764152
cancel,301,,,1686764152
newOrder,298,0,850,1686764182
newOrder,303,1,850,1686764182
newOrder,299,0,3,1686764182
cancel,298,,,1686764748
cancel,299,,,1686764748
cancel,303,,,1686764748
newOrder,298,0,852,1686764775
newOrder,304,1,852,1686764775
cancel,298,,,1686765347
cancel,304,,,1686765347
newOrder,298,0,849,1686765377
newOrder,303,1,849,1686765377
newOrder,292,0,2221,1686765377
newOrder,309,1,2086,1686765377
cancel,292,,,1686765789
cancel,298,,,1686765789
cancel,309,,,1686765789
newOrder,300,0,889,1686765800
newOrder,306,1,889,1686765800
newOrder,293,0,2724,1686765800
newOrder,306,1,425,1686765800
cancel,293,,,1686765949
cancel,300,,,1686765949
cancel,306,,,1686765949
cancel,306,,,1686765949
newOrder,296,0,810,1686765979
newOrder,301,1,810,1686765979
newOrder,293,0,727,1686765979
cancel,293,,,1686766549
cancel,296,,,1686766549
cancel,301,,,1686766549
newOrder,293,0,770,1686766576
newOrder,299,1,770,1686766576
newOrder,298,1,63,1686766576
cancel,293,,,1686767148
cancel,298,,,1686767148
cancel,299,,,1686767148
newOrder,294,0,774,1686767175
newOrder,299,1,774,1686767175
cancel,294,,,1686767748
cancel,299,,,1686767748
newOrder,294,0,779,1686767775
newOrder,299,1,779,1686767775
cancel,294,,,1686768348
cancel,299,,,1686768348
newOrder,297,0,824,1686768377
newOrder,302,1,824,1686768377
newOrder,294,0,1171,1686768377
newOrder,304,1,878,1686768377
cancel,294,,,1686768949
cancel,297,,,1686768949
cancel,302,,,1686768949
cancel,304,,,1686768949
newOrder,296,0,802,1686768975
newOrder,301,1,802,1686768975
cancel,296,,,1686769547
cancel,301,,,1686769547
newOrder,296,0,811,1686769575
newOrder,301,1,811,1686769575
cancel,296,,,1686770148
cancel,301,,,1686770148
newOrder,295,0,799,1686770175
newOrder,301,1,799,1686770175
newOrder,296,0,136,1686770175
cancel,295,,,1686770748
cancel,296,,,1686770748
cancel,301,,,1686770748
newOrder,295,0,797,1686770776
newOrder,301,1,797,1686770776
cancel,295,,,1686771348
cancel,301,,,1686771348
newOrder,295,0,786,1686771374
newOrder,300,1,786,1686771374
cancel,295,,,1686771947
cancel,300,,,1686771947
newOrder,295,0,786,1686771973
newOrder,300,1,786,1686771973
cancel,295,,,1686772548
cancel,300,,,1686772548
newOrder,294,0,773,1686772576
newOrder,299,1,773,1686772576
cancel,294,,,1686773151
cancel,299,,,1686773151
newOrder,288,0,679,1686773182
newOrder,294,1,679,1686773182
newOrder,251,0,507,1686773182
newOrder,341,1,507,1686773182
cancel,251,,,1686773460
cancel,294,,,1686773460
cancel,341,,,1686773460
newOrder,285,0,634,1686773470
newOrder,291,1,634,1686773470
newOrder,285,0,352,1686773470
cancel,285,,,1686773749
cancel,285,,,1686773749
cancel,291,,,1686773749
newOrder,282,0,583,1686773778
newOrder,287,1,583,1686773778
newOrder,280,0,686,1686773778
newOrder,289,1,670,1686773778
cancel,280,,,1686774347
cancel,282,,,1686774347
cancel,287,,,1686774347
cancel,289,,,1686774347
newOrder,281,0,563,1686774375
newOrder,286,1,563,1686774375
newOrder,281,0,145,1686774375
cancel,281,,,1686774836
cancel,286,,,1686774836
newOrder,278,0,532,1686774845
newOrder,284,1,532,1686774845
newOrder,273,0,1376,1686774845
newOrder,289,1,1376,1686774845
cancel,273,,,1686774948
cancel,278,,,1686774948
cancel,284,,,1686774948
cancel,289,,,1686774948
newOrder,276,0,497,1686774977
newOrder,281,1,497,1686774977
newOrder,271,0,1180,1686774977
newOrder,287,1,1426,1686774977
cancel,271,,,1686775548
cancel,276,,,1686775548
cancel,281,,,1686775548
cancel,287,,,1686775548
newOrder,276,0,500,1686775576
newOrder,281,1,500,1686775576
newOrder,270,0,1431,1686775576
newOrder,289,1,1787,1686775576
cancel,270,,,1686776149
cancel,276,,,1686776149
cancel,281,,,1686776149
cancel,289,,,1686776149
newOrder,275,0,489,1686776251
newOrder,280,1,489,1686776251
newOrder,251,0,1235,1686776251
newOrder,392,1,1235,1686776251
cancel,251,,,1686776749
cancel,275,,,1686776749
cancel,280,,,1686776749
cancel,392,,,1686776749
newOrder,277,0,507,1686776777
newOrder,282,1,507,1686776777
newOrder,277,0,156,1686776777
cancel,277,,,1686777348
cancel,277,,,1686777348
cancel,282,,,1686777348
newOrder,275,0,487,1686777374
newOrder,280,1,487,1686777374
cancel,275,,,1686777948
cancel,280,,,1686777948
newOrder,275,0,489,1686777974
newOrder,280,1,489,1686777974
cancel,275,,,1686778547
cancel,280,,,1686778547
newOrder,273,0,461,1686778581
newOrder,278,1,461,1686778581
cancel,273,,,1686778628
cancel,278,,,1686778628
newOrder,270,0,427,1686778636
newOrder,276,1,427,1686778636
newOrder,256,0,1038,1686778636
newOrder,290,1,1038,1686778636
cancel,256,,,1686779148
cancel,270,,,1686779148
cancel,276,,,1686779148
cancel,290,,,1686779148
newOrder,270,0,422,1686779173
newOrder,275,1,422,1686779173
newOrder,275,1,171,1686779173
cancel,270,,,1686779748
cancel,275,,,1686779748
cancel,275,,,1686779748
newOrder,272,0,444,1686779774
newOrder,277,1,444,1686779774
newOrder,273,0,5,1686779774
cancel,272,,,1686827180
cancel,273,,,1686827180
newOrder,275,0,436,1686827211
newOrder,280,1,436,1686827211
cancel,275,,,1686827813
cancel,280,,,1686827813
newOrder,275,0,437,1686827841
newOrder,280,1,437,1686827841
cancel,275,,,1686828413
cancel,280,,,1686828413
newOrder,275,0,436,1686828440
newOrder,280,1,436,1686828440
cancel,275,,,1686829015
cancel,280,,,1686829015
newOrder,276,0,452,1686829042
newOrder,281,1,452,1686829042
cancel,276,,,1686829613
cancel,281,,,1686829613
newOrder,276,0,449,1686829640
newOrder,281,1,449,1686829640
cancel,276,,,1686829887
cancel,281,,,1686829887
newOrder,278,0,477,1686829894
newOrder,284,1,477,1686829894
cancel,278,,,1686830213
cancel,284,,,1686830213
newOrder,277,0,460,1686830241
newOrder,282,1,460,1686830241
cancel,277,,,1686830813
cancel,282,,,1686830813
newOrder,277,0,456,1686830845
newOrder,282,1,456,1686830845
newOrder,281,1,6,1686830845