instruction,price,side,qty,time
cancel,403,,,1684843943
cancel,410,,,1684843943
newOrder,401,0,3,1684843968
newOrder,408,1,3,1684843968
cancel,401,,,1684844543
cancel,408,,,1684844543
newOrder,397,0,3,1684844567
newOrder,405,1,3,1684844567
cancel,405,,,1684844819
newOrder,393,0,3,1684844826
newOrder,401,1,3,1684844826
cancel,393,,,1684845142
cancel,401,,,1684845142
newOrder,394,0,3,1684845166
newOrder,401,1,3,1684845166
cancel,394,,,1684845743
cancel,401,,,1684845743
newOrder,394,0,3,1684845771
newOrder,401,1,3,1684845771
cancel,394,,,1684846343
cancel,401,,,1684846343
newOrder,394,0,3,1684846366
newOrder,402,1,3,1684846366
cancel,394,,,1684846943
cancel,402,,,1684846943
newOrder,395,0,3,1684846967
newOrder,402,1,3,1684846967
cancel,395,,,1684847542
cancel,402,,,1684847542
newOrder,396,0,3,1684847568
newOrder,404,1,3,1684847568
cancel,396,,,1684848143
cancel,404,,,1684848143
newOrder,397,0,3,1684848169
newOrder,404,1,3,1684848169
cancel,397,,,1684848743
cancel,404,,,1684848743
newOrder,396,0,3,1684848768
newOrder,404,1,3,1684848768
cancel,396,,,1684849343
cancel,404,,,1684849343
newOrder,396,0,3,1684849368
newOrder,403,1,3,1684849368
cancel,396,,,1684849943
cancel,403,,,1684849943
newOrder,396,0,3,1684849968
newOrder,403,1,3,1684849968
cancel,396,,,1684850543
cancel,403,,,1684850543
newOrder,396,0,3,1684850569
newOrder,403,1,3,1684850569
cancel,396,,,1684851143
cancel,403,,,1684851143
newOrder,396,0,3,1684851169
newOrder,403,1,3,1684851169
cancel,396,,,1684851743
cancel,403,,,1684851743
newOrder,397,0,3,1684851767
newOrder,404,1,3,1684851767
cancel,397,,,1684852343
cancel,404,,,1684852343
newOrder,398,0,3,1684852369
newOrder,405,1,3,1684852369
cancel,398,,,1684852943
cancel,405,,,1684852943
newOrder,399,0,3,1684852967
newOrder,406,1,3,1684852967
cancel,399,,,1684853543
cancel,406,,,1684853543
newOrder,400,0,3,1684853568
newOrder,407,1,3,1684853568
cancel,400,,,1684854143
cancel,407,,,1684854143
newOrder,399,0,3,1684854169
newOrder,406,1,3,1684854169
cancel,399,,,1684854744
cancel,406,,,1684854744
newOrder,399,0,3,1684854768
newOrder,407,1,3,1684854768
cancel,399,,,1684855343
cancel,407,,,1684855343
newOrder,399,0,3,1684855367
newOrder,406,1,3,1684855367
cancel,399,,,1684855943
cancel,406,,,1684855943
newOrder,399,0,3,1684855969
newOrder,406,1,3,1684855969
cancel,399,,,1684856543
cancel,406,,,1684856543
newOrder,399,0,3,1684856567
newOrder,406,1,3,1684856567
cancel,399,,,1684857143
cancel,406,,,1684857143
newOrder,398,0,3,1684857168
newOrder,405,1,3,1684857168
cancel,398,,,1684857743
cancel,405,,,1684857743
newOrder,399,0,3,1684857767
newOrder,406,1,3,1684857767
cancel,399,,,1684858343
cancel,406,,,1684858343
newOrder,399,0,3,1684858369
newOrder,406,1,3,1684858369
cancel,399,,,1684858943
cancel,406,,,1684858943
newOrder,399,0,3,1684858969
newOrder,406,1,3,1684858969
cancel,399,,,1684859543
cancel,406,,,1684859543
newOrder,399,0,3,1684859570
newOrder,406,1,3,1684859570
cancel,399,,,1684860143
cancel,406,,,1684860143
newOrder,398,0,3,1684860169
newOrder,406,1,3,1684860169
cancel,398,,,1684860742
cancel,406,,,1684860742
newOrder,398,0,3,1684860767
newOrder,405,1,3,1684860767
cancel,398,,,1684861343
cancel,405,,,1684861343
newOrder,399,0,3,1684861372
newOrder,406,1,3,1684861372
cancel,399,,,1684861944
cancel,406,,,1684861944
newOrder,399,0,3,1684861969
newOrder,406,1,3,1684861969
cancel,399,,,1684862543
cancel,406,,,1684862543
newOrder,399,0,3,1684862569
newOrder,406,1,3,1684862569
cancel,399,,,1684863144
cancel,406,,,1684863144
newOrder,399,0,3,1684863168
newOrder,406,1,3,1684863168
cancel,399,,,1684863743
cancel,406,,,1684863743
newOrder,398,0,3,1684863767
newOrder,406,1,3,1684863767
cancel,398,,,1684864342
cancel,406,,,1684864342
newOrder,398,0,3,1684864372
newOrder,405,1,3,1684864372
cancel,398,,,1684864943
cancel,405,,,1684864943
newOrder,398,0,3,1684864969
newOrder,405,1,3,1684864969
cancel,398,,,1684865543
cancel,405,,,1684865543
newOrder,397,0,3,1684865567
newOrder,404,1,3,1684865567
cancel,397,,,1684866145
cancel,404,,,1684866145
newOrder,397,0,3,1684866169
newOrder,404,1,3,1684866169
cancel,397,,,1684866743
cancel,404,,,1684866743
newOrder,397,0,3,1684866769
newOrder,404,1,3,1684866769
cancel,397,,,1684867344
cancel,404,,,1684867344
newOrder,397,0,3,1684867369
newOrder,404,1,3,1684867369
cancel,397,,,1684867943
cancel,404,,,1684867943
newOrder,397,0,3,1684867968
newOrder,404,1,3,1684867968
cancel,397,,,1684868543
cancel,404,,,1684868543
newOrder,396,0,3,1684868570
newOrder,403,1,3,1684868570
cancel,396,,,1684869143
cancel,403,,,1684869143
newOrder,397,0,3,1684869168
newOrder,404,1,3,1684869168
cancel,397,,,1684869743
cancel,404,,,1684869743
newOrder,399,0,3,1684869770
newOrder,406,1,3,1684869770
newOrder,407,1,2,1684869770
cancel,399,,,1684870342
cancel,406,,,1684870342
cancel,407,,,1684870342
newOrder,400,0,3,1684870368
newOrder,407,1,3,1684870368
cancel,400,,,1684870943
cancel,407,,,1684870943
newOrder,400,0,3,1684870968
newOrder,407,1,3,1684870968
cancel,400,,,1684871545
cancel,407,,,1684871545
newOrder,400,0,3,1684871574
newOrder,407,1,3,1684871574
cancel,400,,,1684872142
cancel,407,,,1684872142
newOrder,398,0,3,1684872167
newOrder,406,1,3,1684872167
cancel,398,,,1684872743
cancel,406,,,1684872743
newOrder,398,0,3,1684872768
newOrder,405,1,3,1684872768
cancel,398,,,1684873343
cancel,405,,,1684873343
newOrder,398,0,3,1684873368
newOrder,405,1,3,1684873368
cancel,398,,,1684873943
cancel,405,,,1684873943
newOrder,398,0,3,1684873971
newOrder,405,1,3,1684873971
cancel,398,,,1684874543
cancel,405,,,1684874543
newOrder,398,0,3,1684874569
newOrder,405,1,3,1684874569
cancel,398,,,1684875143
cancel,405,,,1684875143
newOrder,398,0,3,1684875169
newOrder,405,1,3,1684875169
cancel,398,,,1684875743
cancel,405,,,1684875743
newOrder,399,0,3,1684875768
newOrder,406,1,3,1684875768
cancel,399,,,1684876343
cancel,406,,,1684876343
newOrder,399,0,3,1684876370
newOrder,406,1,3,1684876370
cancel,399,,,1684876942
cancel,406,,,1684876942
newOrder,398,0,3,1684876970
newOrder,405,1,3,1684876970
cancel,398,,,1684877543
cancel,405,,,1684877543
newOrder,398,0,3,1684877567
newOrder,406,1,3,1684877567
cancel,398,,,1684878143
cancel,406,,,1684878143
newOrder,398,0,3,1684878168
newOrder,406,1,3,1684878168
cancel,398,,,1684878743
cancel,406,,,1684878743
newOrder,398,0,3,1684878767
newOrder,406,1,3,1684878767
cancel,398,,,1684879342
cancel,406,,,1684879342
newOrder,398,0,3,1684879368
newOrder,406,1,3,1684879368
cancel,398,,,1684879947
cancel,406,,,1684879947
newOrder,398,0,3,1684879972
newOrder,406,1,3,1684879972
cancel,398,,,1684880543
cancel,406,,,1684880543
newOrder,398,0,3,1684880568
newOrder,405,1,3,1684880568
cancel,398,,,1684881143
cancel,405,,,1684881143
newOrder,399,0,3,1684881167
newOrder,407,1,3,1684881167
cancel,399,,,1684881744
cancel,407,,,1684881744
newOrder,399,0,3,1684881768
newOrder,406,1,3,1684881768
cancel,399,,,1684882343
cancel,406,,,1684882343
newOrder,399,0,3,1684882368
newOrder,406,1,3,1684882368
cancel,399,,,1684882943
cancel,406,,,1684882943
newOrder,399,0,3,1684882966
newOrder,407,1,3,1684882966
cancel,399,,,1684883543
cancel,407,,,1684883543
newOrder,399,0,3,1684883567
newOrder,406,1,3,1684883567
cancel,399,,,1684884142
cancel,406,,,1684884142
newOrder,399,0,3,1684884168
newOrder,406,1,3,1684884168
cancel,399,,,1684884744
cancel,406,,,1684884744
newOrder,399,0,3,1684884770
newOrder,406,1,3,1684884770
cancel,399,,,1684885343
cancel,406,,,1684885343
newOrder,400,0,3,1684885368
newOrder,407,1,3,1684885368
cancel,400,,,1684885943
cancel,407,,,1684885943
newOrder,399,0,3,1684885970
newOrder,406,1,3,1684885970
cancel,399,,,1684886543
cancel,406,,,1684886543
newOrder,399,0,3,1684886569
newOrder,406,1,3,1684886569
cancel,399,,,1684887143
cancel,406,,,1684887143
newOrder,398,0,3,1684887168
newOrder,405,1,3,1684887168
cancel,398,,,1684887743
cancel,405,,,1684887743
newOrder,397,0,3,1684887768
newOrder,404,1,3,1684887768
cancel,397,,,1684888343
cancel,404,,,1684888343
newOrder,396,0,3,1684888367
newOrder,404,1,3,1684888367
cancel,396,,,1684888942
cancel,404,,,1684888942
newOrder,396,0,3,1684888968
newOrder,403,1,3,1684888968
cancel,396,,,1684889543
cancel,403,,,1684889543
newOrder,395,0,3,1684889568
newOrder,402,1,3,1684889568
cancel,395,,,1684890143
cancel,402,,,1684890143
newOrder,395,0,3,1684890169
newOrder,402,1,3,1684890169
cancel,395,,,1684890744
cancel,402,,,1684890744
newOrder,395,0,3,1684890768
newOrder,402,1,3,1684890768
cancel,395,,,1684891344
cancel,402,,,1684891344
newOrder,395,0,3,1684891370
newOrder,402,1,3,1684891370
cancel,395,,,1684891942
cancel,402,,,1684891942
newOrder,394,0,3,1684891969
newOrder,402,1,3,1684891969
cancel,394,,,1684892543
cancel,402,,,1684892543
newOrder,394,0,3,1684892567
newOrder,401,1,3,1684892567
cancel,394,,,1684893145
cancel,401,,,1684893145
newOrder,395,0,3,1684893169
newOrder,402,1,3,1684893169
cancel,395,,,1684893743
cancel,402,,,1684893743
newOrder,395,0,3,1684893769
newOrder,402,1,3,1684893769
cancel,395,,,1684894343
cancel,402,,,1684894343
newOrder,397,0,3,1684894369
newOrder,404,1,3,1684894369
cancel,397,,,1684894944
cancel,404,,,1684894944
newOrder,396,0,3,1684894969
newOrder,403,1,3,1684894969
newOrder,393,0,3,1684894969
cancel,393,,,1684895543
cancel,396,,,1684895543
cancel,403,,,1684895543
newOrder,395,0,3,1684895567
newOrder,402,1,3,1684895567
cancel,395,,,1684896144
cancel,402,,,1684896144
newOrder,394,0,3,1684896169
newOrder,401,1,3,1684896169
cancel,394,,,1684896742
cancel,401,,,1684896742
newOrder,394,0,3,1684896767
newOrder,401,1,3,1684896767
cancel,394,,,1684897343
cancel,401,,,1684897343
newOrder,393,0,3,1684897370
newOrder,400,1,3,1684897370
cancel,393,,,1684897944
cancel,400,,,1684897944
newOrder,393,0,3,1684897969
newOrder,400,1,3,1684897969
cancel,393,,,1684898543
cancel,400,,,1684898543
newOrder,393,0,3,1684898567
newOrder,400,1,3,1684898567
cancel,393,,,1684899143
cancel,400,,,1684899143
newOrder,391,0,3,1684899169
newOrder,398,1,3,1684899169
cancel,391,,,1684899744
cancel,398,,,1684899744
newOrder,388,0,3,1684899768
newOrder,395,1,3,1684899768
cancel,388,,,1684900343
cancel,395,,,1684900343
newOrder,388,0,3,1684900367
newOrder,395,1,3,1684900367
cancel,388,,,1684900943
cancel,395,,,1684900943
newOrder,388,0,3,1684900968
newOrder,395,1,3,1684900968
cancel,388,,,1684901543
cancel,395,,,1684901543
newOrder,388,0,3,1684901567
newOrder,395,1,3,1684901567
cancel,388,,,1684902142
cancel,395,,,1684902142
newOrder,388,0,3,1684902168
newOrder,395,1,3,1684902168
cancel,388,,,1684902743
cancel,395,,,1684902743
newOrder,389,0,3,1684902771
newOrder,396,1,3,1684902771
cancel,389,,,1684903343
cancel,396,,,1684903343
newOrder,390,0,3,1684903369
newOrder,397,1,3,1684903369
cancel,390,,,1684903943
cancel,397,,,1684903943
newOrder,390,0,3,1684903968
newOrder,397,1,3,1684903968
cancel,390,,,1684904543
cancel,397,,,1684904543
newOrder,390,0,3,1684904567
newOrder,397,1,3,1684904567
cancel,390,,,1684905143
cancel,397,,,1684905143
newOrder,391,0,3,1684905168
newOrder,398,1,3,1684905168
cancel,391,,,1684905744
cancel,398,,,1684905744
newOrder,391,0,3,1684905769
newOrder,398,1,3,1684905769
cancel,391,,,1684906343
cancel,398,,,1684906343
newOrder,391,0,3,1684906366
newOrder,398,1,3,1684906366
cancel,391,,,1684906943
cancel,398,,,1684906943
newOrder,389,0,3,1684906968
newOrder,396,1,3,1684906968
cancel,389,,,1684907544
cancel,396,,,1684907544
newOrder,389,0,3,1684907570
newOrder,396,1,3,1684907570
cancel,389,,,1684908143
cancel,396,,,1684908143
newOrder,389,0,3,1684908168
newOrder,396,1,3,1684908168
cancel,389,,,1684908743
cancel,396,,,1684908743
newOrder,388,0,3,1684908769
newOrder,395,1,3,1684908769
cancel,395,,,1684908929
newOrder,384,0,2,1684908936
newOrder,392,1,2,1684908936
cancel,384,,,1684908948
newOrder,388,0,3,1684908955
newOrder,396,1,3,1684908955
cancel,388,,,1684909343
cancel,396,,,1684909343
newOrder,388,0,3,1684909369
newOrder,394,1,3,1684909369
cancel,388,,,1684909942
cancel,394,,,1684909942
newOrder,387,0,3,1684909968
newOrder,394,1,3,1684909968
cancel,394,,,1684910064
newOrder,383,0,2,1684910070
newOrder,391,1,2,1684910070
cancel,383,,,1684910543
cancel,391,,,1684910543
newOrder,385,0,2,1684910568
newOrder,391,1,2,1684910568
cancel,385,,,1684911142
cancel,391,,,1684911142
newOrder,383,0,2,1684911166
newOrder,390,1,2,1684911166
cancel,383,,,1684911610
newOrder,386,0,3,1684911615
newOrder,394,1,3,1684911615
cancel,386,,,1684911743
cancel,394,,,1684911743
newOrder,386,0,3,1684911767
newOrder,393,1,3,1684911767
newOrder,394,1,1,1684911767
cancel,386,,,1684912344
cancel,393,,,1684912344
cancel,394,,,1684912344
newOrder,387,0,3,1684912372
newOrder,394,1,3,1684912372
newOrder,387,0,1,1684912372
cancel,387,,,1684912942
cancel,387,,,1684912942
cancel,394,,,1684912942
newOrder,387,0,3,1684912968
newOrder,394,1,3,1684912968
cancel,387,,,1684913543
cancel,394,,,1684913543
newOrder,387,0,3,1684913567
newOrder,394,1,3,1684913567
cancel,387,,,1684914143
cancel,394,,,1684914143
newOrder,387,0,3,1684914167
newOrder,394,1,3,1684914167
cancel,387,,,1684914743
cancel,394,,,1684914743
newOrder,387,0,3,1684914768
newOrder,394,1,3,1684914768
cancel,387,,,1684915343
cancel,394,,,1684915343
newOrder,386,0,2,1684915367
newOrder,393,1,2,1684915367
cancel,386,,,1684915942
cancel,393,,,1684915942
newOrder,386,0,2,1684915966
newOrder,393,1,2,1684915966
cancel,386,,,1684916543
cancel,393,,,1684916543
newOrder,386,0,2,1684916568
newOrder,393,1,2,1684916568
cancel,386,,,1684917145
cancel,393,,,1684917145
newOrder,387,0,3,1684917169
newOrder,394,1,3,1684917169
cancel,387,,,1684917742
cancel,394,,,1684917742
newOrder,386,0,2,1684917770
newOrder,393,1,2,1684917770
cancel,386,,,1684918343
cancel,393,,,1684918343
newOrder,384,0,2,1684918367
newOrder,391,1,2,1684918367
cancel,384,,,1684918943
cancel,391,,,1684918943
newOrder,384,0,2,1684918968
newOrder,391,1,2,1684918968
cancel,384,,,1684919543
cancel,391,,,1684919543
newOrder,384,0,2,1684919568
newOrder,390,1,2,1684919568
cancel,390,,,1684919838
newOrder,380,0,2,1684919848
newOrder,388,1,2,1684919848
newOrder,380,0,1,1684919848
cancel,380,,,1684920143
cancel,380,,,1684920143
cancel,388,,,1684920143
newOrder,379,0,2,1684920168
newOrder,386,1,2,1684920168
cancel,379,,,1684920744
cancel,386,,,1684920744
newOrder,379,0,2,1684920769
newOrder,386,1,2,1684920769
cancel,379,,,1684921343
cancel,386,,,1684921343
newOrder,378,0,2,1684921370
newOrder,385,1,2,1684921370
cancel,378,,,1684921944
cancel,385,,,1684921944
newOrder,378,0,2,1684921970
newOrder,385,1,2,1684921970
cancel,378,,,1684922543
cancel,385,,,1684922543
newOrder,378,0,2,1684922569
newOrder,385,1,2,1684922569
cancel,378,,,1684923143
cancel,385,,,1684923143
newOrder,377,0,2,1684923167
newOrder,384,1,2,1684923167
cancel,377,,,1684923744
cancel,384,,,1684923744
newOrder,378,0,2,1684923771
newOrder,385,1,2,1684923771
cancel,378,,,1684924341
cancel,385,,,1684924341
newOrder,379,0,2,1684924368
newOrder,386,1,2,1684924368
cancel,379,,,1684924943
cancel,386,,,1684924943
newOrder,379,0,2,1684924967
newOrder,386,1,2,1684924967
cancel,379,,,1684925543
cancel,386,,,1684925543
newOrder,379,0,2,1684925568
newOrder,386,1,2,1684925568
cancel,379,,,1684926143
cancel,386,,,1684926143
newOrder,379,0,2,1684926170
newOrder,386,1,2,1684926170
newOrder,327,0,6,1684926170
newOrder,541,1,6,1684926170
cancel,327,,,1684926743
cancel,379,,,1684926743
cancel,386,,,1684926743
cancel,541,,,1684926743
newOrder,379,0,2,1684926769
newOrder,386,1,2,1684926769
cancel,379,,,1684927343
cancel,386,,,1684927343
newOrder,379,0,2,1684927368
newOrder,386,1,2,1684927368
cancel,379,,,1684927943
cancel,386,,,1684927943
newOrder,378,0,2,1684927968
newOrder,385,1,2,1684927968
cancel,378,,,1684928543
cancel,385,,,1684928543
newOrder,378,0,2,1684928567
newOrder,385,1,2,1684928567
cancel,378,,,1684929143
cancel,385,,,1684929143
newOrder,378,0,2,1684929167
newOrder,384,1,2,1684929167
cancel,378,,,1684929742
cancel,384,,,1684929742
newOrder,377,0,2,1684929769
newOrder,384,1,2,1684929769