instruction,price,side,qty,time
cancel,620,,,1685448571
cancel,634,,,1685448571
cancel,645,,,1685448571
newOrder,626,0,1738,1685448597
newOrder,637,1,1738,1685448597
newOrder,640,1,1117,1685448597
cancel,626,,,1685449169
cancel,637,,,1685449169
cancel,640,,,1685449169
newOrder,622,0,1760,1685449194
newOrder,633,1,1760,1685449194
newOrder,634,1,701,1685449194
cancel,622,,,1685449385
cancel,634,,,1685449385
newOrder,627,0,1732,1685449391
newOrder,639,1,1732,1685449391
cancel,639,,,1685449507
newOrder,620,0,1761,1685449514
newOrder,634,1,1761,1685449514
newOrder,615,0,2327,1685449514
cancel,615,,,1685449770
cancel,620,,,1685449770
cancel,634,,,1685449770
newOrder,616,0,1787,1685449796
newOrder,627,1,1787,1685449796
newOrder,616,0,362,1685449796
cancel,627,,,1685450270
newOrder,610,0,1814,1685450278
newOrder,622,1,1814,1685450278
newOrder,605,0,2142,1685450278
cancel,605,,,1685450369
cancel,610,,,1685450369
cancel,622,,,1685450369
newOrder,607,0,1831,1685450395
newOrder,618,1,1831,1685450395
cancel,607,,,1685450969
cancel,618,,,1685450969
newOrder,607,0,1830,1685450996
newOrder,618,1,1830,1685450996
newOrder,620,1,890,1685450996
cancel,607,,,1685451300
cancel,620,,,1685451300
newOrder,612,0,1805,1685451307
newOrder,624,1,1805,1685451307
cancel,612,,,1685451569
cancel,624,,,1685451569
newOrder,615,0,1795,1685451594
newOrder,626,1,1795,1685451594
cancel,615,,,1685452169
cancel,626,,,1685452169
newOrder,614,0,1800,1685452195
newOrder,625,1,1800,1685452195
newOrder,624,1,136,1685452195
cancel,614,,,1685452770
cancel,624,,,1685452770
cancel,625,,,1685452770
newOrder,618,0,1780,1685452797
newOrder,629,1,1780,1685452797
cancel,629,,,1685453277
newOrder,612,0,1806,1685453283
newOrder,624,1,1806,1685453283
cancel,612,,,1685453369
cancel,624,,,1685453369
newOrder,611,0,1812,1685453394
newOrder,622,1,1812,1685453394
newOrder,612,0,43,1685453394
cancel,622,,,1685453714
newOrder,605,0,1839,1685453720
newOrder,617,1,1839,1685453720
cancel,617,,,1685453787
newOrder,599,0,1868,1685453795
newOrder,611,1,1868,1685453795
newOrder,613,1,1243,1685453795
cancel,599,,,1685453969
cancel,611,,,1685453969
cancel,613,,,1685453969
newOrder,602,0,1856,1685453994
newOrder,613,1,1856,1685453994
cancel,602,,,1685454411
newOrder,607,0,1830,1685454417
newOrder,619,1,1830,1685454417
cancel,607,,,1685454570
cancel,619,,,1685454570
newOrder,607,0,1833,1685454593
newOrder,618,1,1833,1685454593
cancel,618,,,1685454945
newOrder,601,0,1859,1685454951
newOrder,613,1,1859,1685454951
cancel,601,,,1685455169
cancel,613,,,1685455169
newOrder,603,0,1852,1685455194
newOrder,614,1,1852,1685455194
cancel,614,,,1685455394
newOrder,597,0,1878,1685455401
newOrder,609,1,1878,1685455401
newOrder,594,0,1608,1685455401
cancel,594,,,1685455769
cancel,597,,,1685455769
cancel,609,,,1685455769
newOrder,600,0,1868,1685455796
newOrder,610,1,1868,1685455796
cancel,600,,,1685456370
cancel,610,,,1685456370
newOrder,599,0,1872,1685456395
newOrder,610,1,1872,1685456395
cancel,599,,,1685456969
cancel,610,,,1685456969
newOrder,598,0,1878,1685456995
newOrder,608,1,1878,1685456995
cancel,598,,,1685457569
cancel,608,,,1685457569
newOrder,597,0,1880,1685457595
newOrder,608,1,1880,1685457595
cancel,608,,,1685457957
newOrder,591,0,1907,1685457966
newOrder,603,1,1907,1685457966
newOrder,590,0,954,1685457966
cancel,590,,,1685458169
cancel,591,,,1685458169
cancel,603,,,1685458169
newOrder,592,0,1905,1685458193
newOrder,603,1,1905,1685458193
cancel,592,,,1685458770
cancel,603,,,1685458770
newOrder,592,0,1904,1685458793
newOrder,603,1,1904,1685458793
cancel,603,,,1685459294
newOrder,586,0,1931,1685459307
newOrder,598,1,1931,1685459307
newOrder,584,0,1355,1685459307
cancel,584,,,1685459370
cancel,586,,,1685459370
cancel,598,,,1685459370
newOrder,589,0,1919,1685459395
newOrder,600,1,1919,1685459395
cancel,589,,,1685459969
cancel,600,,,1685459969
newOrder,592,0,1908,1685459994
newOrder,602,1,1908,1685459994
cancel,592,,,1685460569
cancel,602,,,1685460569
newOrder,593,0,1899,1685460594
newOrder,604,1,1899,1685460594
cancel,593,,,1685460748
newOrder,598,0,1875,1685460756
newOrder,610,1,1875,1685460756
newOrder,599,0,210,1685460756
cancel,598,,,1685461038
cancel,599,,,1685461038
newOrder,603,0,1847,1685461044
newOrder,617,1,1847,1685461044
cancel,603,,,1685461172
cancel,617,,,1685461172
newOrder,608,0,1828,1685461199
newOrder,619,1,1828,1685461199
cancel,608,,,1685461769
cancel,619,,,1685461769
newOrder,611,0,1817,1685461794
newOrder,622,1,1817,1685461794
cancel,611,,,1685462369
cancel,622,,,1685462369
newOrder,611,0,1816,1685462395
newOrder,622,1,1816,1685462395
cancel,611,,,1685462969
cancel,622,,,1685462969
newOrder,615,0,1799,1685462994
newOrder,626,1,1799,1685462994
newOrder,627,1,765,1685462994
cancel,615,,,1685463569
cancel,626,,,1685463569
cancel,627,,,1685463569
newOrder,617,0,1786,1685463596
newOrder,628,1,1786,1685463596
newOrder,630,1,835,1685463596
cancel,617,,,1685464169
cancel,628,,,1685464169
cancel,630,,,1685464169
newOrder,622,0,1765,1685464195
newOrder,633,1,1765,1685464195
cancel,633,,,1685464653
newOrder,616,0,1790,1685464661
newOrder,628,1,1790,1685464661
newOrder,611,0,1940,1685464661
cancel,611,,,1685464770
cancel,616,,,1685464770
cancel,628,,,1685464770
newOrder,618,0,1782,1685464796
newOrder,629,1,1782,1685464796
newOrder,618,0,334,1685464796
cancel,618,,,1685465370
cancel,618,,,1685465370
cancel,629,,,1685465370
newOrder,617,0,1786,1685465395
newOrder,629,1,1786,1685465395
cancel,617,,,1685465942
newOrder,623,0,1757,1685465948
newOrder,635,1,1757,1685465948
cancel,623,,,1685465968
cancel,635,,,1685465968
newOrder,622,0,1761,1685465994
newOrder,634,1,1761,1685465994
cancel,622,,,1685466135
newOrder,628,0,1732,1685466142
newOrder,640,1,1732,1685466142
newOrder,640,1,409,1685466142
cancel,628,,,1685466349
newOrder,633,0,1703,1685466357
newOrder,647,1,1703,1685466357
cancel,633,,,1685466481
newOrder,639,0,1669,1685466489
newOrder,655,1,1669,1685466489
newOrder,659,1,2085,1685466489
cancel,639,,,1685466570
cancel,655,,,1685466570
cancel,659,,,1685466570
newOrder,647,0,1638,1685466598
newOrder,659,1,1638,1685466598
cancel,659,,,1685466728
newOrder,641,0,1669,1685466736
newOrder,653,1,1669,1685466736
newOrder,653,1,352,1685466736
cancel,653,,,1685466927
cancel,653,,,1685466927
newOrder,634,0,1698,1685466934
newOrder,648,1,1698,1685466934
newOrder,631,0,1564,1685466934
cancel,631,,,1685467169
cancel,634,,,1685467169
cancel,648,,,1685467169
newOrder,635,0,1699,1685467195
newOrder,647,1,1699,1685467195
newOrder,632,0,1216,1685467195
cancel,632,,,1685467287
cancel,647,,,1685467287
newOrder,629,0,1728,1685467295
newOrder,641,1,1728,1685467295
cancel,629,,,1685467769
cancel,641,,,1685467769
newOrder,628,0,1732,1685467795
newOrder,640,1,1732,1685467795
cancel,628,,,1685468369
cancel,640,,,1685468369
newOrder,625,0,1750,1685468395
newOrder,636,1,1750,1685468395
cancel,636,,,1685468660
newOrder,619,0,1777,1685468668
newOrder,631,1,1777,1685468668
cancel,619,,,1685468970
cancel,631,,,1685468970
newOrder,620,0,1773,1685468999
newOrder,631,1,1773,1685468999
cancel,620,,,1685469570
cancel,631,,,1685469570
newOrder,621,0,1769,1685469597
newOrder,632,1,1769,1685469597
cancel,632,,,1685470086
newOrder,615,0,1797,1685470092
newOrder,627,1,1797,1685470092
cancel,615,,,1685470169
cancel,627,,,1685470169
newOrder,618,0,1784,1685470194
newOrder,629,1,1784,1685470194
cancel,618,,,1685470770
cancel,629,,,1685470770
newOrder,621,0,1770,1685470796
newOrder,632,1,1770,1685470796
cancel,621,,,1685471369
cancel,632,,,1685471369
newOrder,622,0,1764,1685471394
newOrder,633,1,1764,1685471394
cancel,622,,,1685471722
newOrder,627,0,1739,1685471730
newOrder,639,1,1739,1685471730
newOrder,641,1,1029,1685471730
cancel,627,,,1685471969
cancel,639,,,1685471969
cancel,641,,,1685471969
newOrder,633,0,1711,1685471994
newOrder,644,1,1711,1685471994
cancel,644,,,1685472007
newOrder,627,0,1739,1685472014
newOrder,639,1,1739,1685472014
cancel,627,,,1685472023
newOrder,632,0,1709,1685472034
newOrder,646,1,1709,1685472034
newOrder,631,0,986,1685472034
cancel,646,,,1685472268
newOrder,625,0,1744,1685472274
newOrder,639,1,1744,1685472274
cancel,625,,,1685472570
cancel,639,,,1685472570
newOrder,625,0,1749,1685472595
newOrder,637,1,1749,1685472595
newOrder,625,0,409,1685472595
cancel,625,,,1685473169
cancel,625,,,1685473169
cancel,637,,,1685473169
newOrder,629,0,1731,1685473194
newOrder,640,1,1731,1685473194
cancel,629,,,1685473769
cancel,640,,,1685473769
newOrder,629,0,1732,1685473795
newOrder,640,1,1732,1685473795
cancel,629,,,1685474369
cancel,640,,,1685474369
newOrder,625,0,1751,1685474398
newOrder,636,1,1751,1685474398
newOrder,621,0,1571,1685474398
cancel,621,,,1685474676
cancel,636,,,1685474676
newOrder,619,0,1779,1685474684
newOrder,631,1,1779,1685474684
cancel,619,,,1685474969
cancel,631,,,1685474969
newOrder,621,0,1772,1685474995
newOrder,632,1,1772,1685474995
cancel,621,,,1685475569
cancel,632,,,1685475569
newOrder,623,0,1762,1685475594
newOrder,634,1,1762,1685475594
newOrder,620,0,1227,1685475594
cancel,620,,,1685476170
cancel,623,,,1685476170
cancel,634,,,1685476170
newOrder,625,0,1751,1685476201
newOrder,636,1,1751,1685476201
cancel,625,,,1685476769
cancel,636,,,1685476769
newOrder,626,0,1746,1685476793
newOrder,637,1,1746,1685476793
cancel,626,,,1685477369
cancel,637,,,1685477369
newOrder,629,0,1733,1685477395
newOrder,640,1,1733,1685477395
cancel,629,,,1685477969
cancel,640,,,1685477969
newOrder,630,0,1729,1685477996
newOrder,641,1,1729,1685477996
cancel,630,,,1685478569
cancel,641,,,1685478569
newOrder,631,0,1722,1685478597
newOrder,643,1,1722,1685478597
newOrder,631,0,354,1685478597
newOrder,900,1,6699,1685478597
cancel,631,,,1685478994
cancel,631,,,1685478994
cancel,900,,,1685478994
newOrder,637,0,1692,1685479001
newOrder,649,1,1692,1685479001
newOrder,909,1,1066,1685479001
cancel,637,,,1685479169
cancel,649,,,1685479169
cancel,909,,,1685479169
newOrder,639,0,1682,1685479194
newOrder,651,1,1682,1685479194
newOrder,911,1,6524,1685479194
cancel,639,,,1685479494
cancel,651,,,1685479494
cancel,911,,,1685479494
newOrder,645,0,1652,1685479503
newOrder,657,1,1652,1685479503
newOrder,910,1,1732,1685479503
cancel,639,,,1685479510
cancel,645,,,1685479510
cancel,657,,,1685479510
cancel,910,,,1685479510
cancel,911,,,1685479510
newOrder,650,0,1623,1685479518
newOrder,664,1,1623,1685479518
newOrder,646,0,1695,1685479518
newOrder,930,1,7226,1685479518
cancel,646,,,1685479769
cancel,650,,,1685479769
cancel,664,,,1685479769
cancel,930,,,1685479769
newOrder,653,0,1613,1685479797
newOrder,665,1,1613,1685479797
newOrder,931,1,5767,1685479797
cancel,653,,,1685479807
cancel,931,,,1685479807
newOrder,658,0,1584,1685479819
newOrder,672,1,1584,1685479819
newOrder,658,0,549,1685479819
newOrder,940,1,5368,1685479819
cancel,658,,,1685479948
cancel,658,,,1685479948
cancel,940,,,1685479948
newOrder,665,0,1549,1685479956
newOrder,679,1,1549,1685479956
newOrder,665,0,515,1685479956
newOrder,951,1,3600,1685479956
cancel,665,,,1685480369
cancel,665,,,1685480369
cancel,679,,,1685480369
cancel,951,,,1685480369
newOrder,660,0,1579,1685480397
newOrder,672,1,1579,1685480397
newOrder,656,0,1352,1685480397
newOrder,941,1,1712,1685480397
cancel,656,,,1685480970
cancel,660,,,1685480970
cancel,672,,,1685480970
cancel,941,,,1685480970
newOrder,661,0,1576,1685480996
newOrder,673,1,1576,1685480996
newOrder,942,1,5648,1685480996
cancel,661,,,1685481415
cancel,673,,,1685481415
cancel,942,,,1685481415
newOrder,655,0,1604,1685481426
newOrder,667,1,1604,1685481426
newOrder,652,0,1112,1685481426
newOrder,934,1,3304,1685481426
cancel,667,,,1685481439
cancel,934,,,1685481439
newOrder,648,0,1633,1685481446
newOrder,662,1,1633,1685481446
cancel,662,,,1685481468
newOrder,640,0,1668,1685481474
newOrder,656,1,1668,1685481474
cancel,640,,,1685481569
cancel,656,,,1685481569
newOrder,646,0,1647,1685481595
newOrder,658,1,1647,1685481595
newOrder,401,0,5845,1685481595
newOrder,921,1,5845,1685481595
cancel,401,,,1685482096
cancel,658,,,1685482096
cancel,921,,,1685482096
newOrder,640,0,1678,1685482103
newOrder,652,1,1678,1685482103
cancel,640,,,1685482169
cancel,652,,,1685482169
newOrder,639,0,1683,1685482195
newOrder,651,1,1683,1685482195
newOrder,657,1,2132,1685482195
cancel,639,,,1685482769
cancel,651,,,1685482769
cancel,657,,,1685482769
newOrder,643,0,1665,1685482795
newOrder,654,1,1665,1685482795
cancel,643,,,1685483369
cancel,654,,,1685483369
newOrder,642,0,1669,1685483399
newOrder,654,1,1669,1685483399
newOrder,635,0,2316,1685483399
cancel,635,,,1685483509
cancel,654,,,1685483509
newOrder,636,0,1698,1685483515
newOrder,648,1,1698,1685483515
cancel,648,,,1685483717
newOrder,629,0,1727,1685483723
newOrder,643,1,1727,1685483723
cancel,629,,,1685483968
cancel,643,,,1685483968
newOrder,632,0,1717,1685483999
newOrder,644,1,1717,1685483999
newOrder,645,1,647,1685483999
cancel,632,,,1685484569
cancel,644,,,1685484569
cancel,645,,,1685484569
newOrder,637,0,1695,1685484594
newOrder,648,1,1695,1685484594
cancel,637,,,1685485020
newOrder,642,0,1669,1685485026
newOrder,654,1,1669,1685485026
cancel,642,,,1685485169
cancel,654,,,1685485169
newOrder,642,0,1671,1685485193
newOrder,653,1,1671,1685485193
cancel,642,,,1685485769
cancel,653,,,1685485769
newOrder,645,0,1653,1685485793
newOrder,657,1,1653,1685485793
cancel,645,,,1685486369
cancel,657,,,1685486369
newOrder,648,0,1641,1685486397
newOrder,659,1,1641,1685486397
cancel,648,,,1685486969
cancel,659,,,1685486969
newOrder,646,0,1648,1685486995
newOrder,658,1,1648,1685486995
cancel,646,,,1685487570
cancel,658,,,1685487570
newOrder,648,0,1643,1685487597
newOrder,659,1,1643,1685487597
cancel,648,,,1685488169
cancel,659,,,1685488169
newOrder,645,0,1655,1685488196
newOrder,657,1,1655,1685488196
cancel,645,,,1685488769
cancel,657,,,1685488769
newOrder,647,0,1645,1685488796
newOrder,659,1,1645,1685488796
cancel,647,,,1685489370
cancel,659,,,1685489370
newOrder,649,0,1638,1685489398
newOrder,660,1,1638,1685489398
cancel,649,,,1685489883
newOrder,654,0,1610,1685489892
newOrder,666,1,1610,1685489892
newOrder,654,0,302,1685489892
cancel,654,,,1685489969
cancel,654,,,1685489969
cancel,666,,,1685489969
newOrder,652,0,1620,1685489995
newOrder,664,1,1620,1685489995
cancel,652,,,1685490568
cancel,664,,,1685490568
newOrder,655,0,1605,1685490596
newOrder,667,1,1605,1685490596
cancel,655,,,1685490823
newOrder,660,0,1576,1685490829
newOrder,674,1,1576,1685490829
cancel,660,,,1685491169
cancel,674,,,1685491169
newOrder,656,0,1600,1685491197
newOrder,668,1,1600,1685491197
newOrder,657,0,53,1685491197
cancel,668,,,1685491628
newOrder,650,0,1631,1685491634
newOrder,662,1,1631,1685491634
newOrder,647,0,1152,1685491634
cancel,647,,,1685491769
cancel,650,,,1685491769
cancel,662,,,1685491769
newOrder,645,0,1658,1685491796
newOrder,656,1,1658,1685491796
cancel,645,,,1685492314
cancel,656,,,1685492314
newOrder,639,0,1685,1685492321
newOrder,651,1,1685,1685492321
cancel,639,,,1685492369
cancel,651,,,1685492369
newOrder,638,0,1692,1685492394
newOrder,649,1,1692,1685492394
newOrder,649,1,193,1685492394
cancel,638,,,1685492553
newOrder,643,0,1665,1685492564
newOrder,655,1,1665,1685492564
newOrder,918,1,5199,1685492564
cancel,643,,,1685492573
cancel,918,,,1685492573
newOrder,653,0,1611,1685492580
newOrder,667,1,1611,1685492580
newOrder,934,1,7355,1685492580
cancel,667,,,1685492641
cancel,934,,,1685492641
newOrder,645,0,1646,1685492647
newOrder,661,1,1646,1685492647
newOrder,925,1,5786,1685492647
cancel,645,,,1685492969
cancel,661,,,1685492969
cancel,925,,,1685492969
newOrder,652,0,1620,1685492998
newOrder,664,1,1620,1685492998
newOrder,930,1,1953,1685492998
cancel,652,,,1685493569
cancel,664,,,1685493569
cancel,930,,,1685493569
newOrder,656,0,1601,1685493599
newOrder,668,1,1601,1685493599
newOrder,668,1,288,1685493599
cancel,656,,,1685493722
newOrder,661,0,1572,1685493728
newOrder,675,1,1572,1685493728
cancel,661,,,1685493867
newOrder,668,0,1538,1685493873
newOrder,682,1,1538,1685493873
newOrder,955,1,6287,1685493873
cancel,668,,,1685494170
cancel,682,,,1685494170
cancel,955,,,1685494170
newOrder,666,0,1554,1685494197
newOrder,678,1,1554,1685494197
newOrder,666,0,188,1685494197
newOrder,949,1,8003,1685494197
cancel,666,,,1685494769
cancel,666,,,1685494769
cancel,678,,,1685494769
cancel,949,,,1685494769
newOrder,665,0,1555,1685494798
newOrder,677,1,1555,1685494798
newOrder,666,0,106,1685494798
cancel,677,,,1685495142
newOrder,658,0,1587,1685495149
newOrder,672,1,1587,1685495149
cancel,658,,,1685495369
cancel,672,,,1685495369
newOrder,659,0,1588,1685495395
newOrder,671,1,1588,1685495395
newOrder,657,0,771,1685495395
cancel,657,,,1685495969
cancel,659,,,1685495969
cancel,671,,,1685495969
newOrder,655,0,1605,1685495997
newOrder,667,1,1605,1685495997
newOrder,656,0,126,1685495997
newOrder,934,1,3775,1685495997
cancel,655,,,1685496569
cancel,656,,,1685496569
cancel,667,,,1685496569
cancel,934,,,1685496569
newOrder,652,0,1625,1685496595
newOrder,663,1,1625,1685496595
newOrder,929,1,3930,1685496595
cancel,652,,,1685497169
cancel,663,,,1685497169
cancel,929,,,1685497169
newOrder,649,0,1636,1685497196
newOrder,661,1,1636,1685497196
newOrder,925,1,1692,1685497196
cancel,661,,,1685497306
cancel,925,,,1685497306
newOrder,643,0,1667,1685497313
newOrder,655,1,1667,1685497313
newOrder,661,1,2071,1685497313
cancel,643,,,1685497628
cancel,661,,,1685497628
newOrder,648,0,1637,1685497635
newOrder,662,1,1637,1685497635
cancel,648,,,1685497768
cancel,662,,,1685497768
newOrder,649,0,1640,1685497794
newOrder,660,1,1640,1685497794
newOrder,661,1,466,1685497794
cancel,649,,,1685498187
cancel,661,,,1685498187
newOrder,654,0,1612,1685498194
newOrder,666,1,1612,1685498194
cancel,654,,,1685498369
cancel,666,,,1685498369
newOrder,653,0,1616,1685498393
newOrder,665,1,1616,1685498393
cancel,653,,,1685498974
cancel,665,,,1685498974
newOrder,649,0,1638,1685499004
newOrder,661,1,1638,1685499004
newOrder,650,0,3,1685499004
cancel,649,,,1685499569
cancel,650,,,1685499569
cancel,661,,,1685499569
newOrder,650,0,1635,1685499594
newOrder,661,1,1635,1685499594
cancel,650,,,1685500170
cancel,661,,,1685500170
newOrder,650,0,1631,1685500194
newOrder,662,1,1631,1685500194
cancel,650,,,1685500769
cancel,662,,,1685500769
newOrder,653,0,1617,1685500795
newOrder,665,1,1617,1685500795
cancel,653,,,1685501369
cancel,665,,,1685501369
newOrder,656,0,1604,1685501396
newOrder,668,1,1604,1685501396
cancel,656,,,1685501969
cancel,668,,,1685501969
newOrder,659,0,1589,1685501993
newOrder,671,1,1589,1685501993
cancel,659,,,1685502569
cancel,671,,,1685502569
newOrder,656,0,1603,1685502594
newOrder,668,1,1603,1685502594
cancel,668,,,1685502847
newOrder,650,0,1633,1685502853
newOrder,662,1,1633,1685502853
cancel,650,,,1685503049
newOrder,655,0,1604,1685503055
newOrder,669,1,1604,1685503055
cancel,655,,,1685503168
cancel,669,,,1685503168
newOrder,659,0,1590,1685503193
newOrder,671,1,1590,1685503193
newOrder,670,1,101,1685503193
cancel,659,,,1685503726
newOrder,664,0,1559,1685503732
newOrder,678,1,1559,1685503732
cancel,664,,,1685503769
cancel,678,,,1685503769
newOrder,664,0,1563,1685503798
newOrder,676,1,1563,1685503798
cancel,664,,,1685504034
newOrder,669,0,1535,1685504040
newOrder,683,1,1535,1685504040
newOrder,666,0,1261,1685504040
cancel,666,,,1685504073
cancel,683,,,1685504073
newOrder,662,0,1569,1685504079
newOrder,676,1,1569,1685504079
cancel,662,,,1685504369
cancel,676,,,1685504369
newOrder,661,0,1580,1685504396
newOrder,673,1,1580,1685504396
cancel,661,,,1685504970
cancel,673,,,1685504970
newOrder,662,0,1576,1685504996
newOrder,674,1,1576,1685504996
cancel,662,,,1685505569
cancel,674,,,1685505569
newOrder,659,0,1590,1685505595
newOrder,671,1,1590,1685505595
cancel,659,,,1685505685
newOrder,664,0,1560,1685505692
newOrder,678,1,1560,1685505692
newOrder,662,0,1042,1685505692
cancel,662,,,1685506169
cancel,664,,,1685506169
cancel,678,,,1685506169
newOrder,659,0,1590,1685506196
newOrder,671,1,1590,1685506196
cancel,659,,,1685506770
cancel,671,,,1685506770
newOrder,657,0,1599,1685506796
newOrder,669,1,1599,1685506796
cancel,657,,,1685507369
cancel,669,,,1685507369
newOrder,656,0,1606,1685507396
newOrder,668,1,1606,1685507396
cancel,668,,,1685507749
newOrder,650,0,1634,1685507756
newOrder,662,1,1634,1685507756
cancel,650,,,1685507969
cancel,662,,,1685507969
newOrder,647,0,1651,1685507995
newOrder,659,1,1651,1685507995
newOrder,646,0,521,1685507995
cancel,646,,,1685508125
cancel,659,,,1685508125
newOrder,641,0,1679,1685508132
newOrder,653,1,1679,1685508132
newOrder,635,0,2098,1685508132
cancel,635,,,1685508302
cancel,653,,,1685508302
newOrder,634,0,1709,1685508308
newOrder,648,1,1709,1685508308
cancel,648,,,1685508352
newOrder,627,0,1744,1685508361
newOrder,641,1,1744,1685508361
cancel,641,,,1685508391
newOrder,619,0,1779,1685508401
newOrder,635,1,1779,1685508401
newOrder,618,0,1397,1685508401
cancel,635,,,1685508571
newOrder,599,0,1889,1685508604
newOrder,610,1,1889,1685508604
newOrder,592,0,2876,1685508604
newOrder,616,1,2440,1685508604
cancel,592,,,1685508661
cancel,610,,,1685508661
cancel,616,,,1685508661
newOrder,593,0,1916,1685508671
newOrder,605,1,1916,1685508671
newOrder,586,0,3097,1685508671
cancel,586,,,1685508825
cancel,605,,,1685508825
newOrder,587,0,1945,1685508832
newOrder,599,1,1945,1685508832
newOrder,586,0,992,1685508832
cancel,586,,,1685508939
cancel,587,,,1685508939
newOrder,592,0,1916,1685508946
newOrder,606,1,1916,1685508946
newOrder,590,0,1665,1685508946
cancel,590,,,1685508954
cancel,606,,,1685508954
newOrder,585,0,1950,1685508965
newOrder,599,1,1950,1685508965
newOrder,585,0,1000,1685508965
cancel,585,,,1685509169
cancel,585,,,1685509169
cancel,599,,,1685509169
newOrder,588,0,1945,1685509195
newOrder,598,1,1945,1685509195
cancel,588,,,1685509366
newOrder,592,0,1921,1685509376
newOrder,604,1,1921,1685509376
newOrder,608,1,1673,1685509376
cancel,592,,,1685509606
cancel,608,,,1685509606
newOrder,598,0,1893,1685509612
newOrder,610,1,1893,1685509612
newOrder,613,1,1615,1685509612
cancel,598,,,1685509769
cancel,610,,,1685509769
cancel,613,,,1685509769
newOrder,602,0,1877,1685509800
newOrder,613,1,1877,1685509800
newOrder,601,0,615,1685509800
cancel,601,,,1685510370
cancel,602,,,1685510370
cancel,613,,,1685510370
newOrder,600,0,1885,1685510396
newOrder,611,1,1885,1685510396
cancel,611,,,1685510812
newOrder,594,0,1912,1685510818
newOrder,606,1,1912,1685510818
cancel,594,,,1685510969
cancel,606,,,1685510969
newOrder,595,0,1910,1685510995
newOrder,606,1,1910,1685510995
cancel,595,,,1685511127
cancel,606,,,1685511127
newOrder,589,0,1936,1685511135
newOrder,601,1,1936,1685511135
newOrder,586,0,1707,1685511135
cancel,586,,,1685511242
cancel,601,,,1685511242
newOrder,583,0,1965,1685511249
newOrder,595,1,1965,1685511249
newOrder,577,0,2890,1685511249
cancel,577,,,1685511367
cancel,595,,,1685511367
newOrder,576,0,1993,1685511374
newOrder,590,1,1993,1685511374
cancel,576,,,1685511569
cancel,590,,,1685511569
newOrder,582,0,1974,1685511595
newOrder,592,1,1974,1685511595
newOrder,599,1,2900,1685511595
cancel,582,,,1685511612
cancel,599,,,1685511612
newOrder,586,0,1951,1685511621
newOrder,598,1,1951,1685511621
newOrder,587,0,262,1685511621
newOrder,597,1,262,1685511621
cancel,586,,,1685511684
cancel,587,,,1685511684
newOrder,592,0,1922,1685511691
newOrder,604,1,1922,1685511691
newOrder,592,0,597,1685511691
cancel,592,,,1685512169
cancel,592,,,1685512169
cancel,604,,,1685512169
newOrder,595,0,1910,1685512195
newOrder,606,1,1910,1685512195
newOrder,611,1,1168,1685512195
cancel,595,,,1685512458
cancel,606,,,1685512458
cancel,611,,,1685512458
newOrder,600,0,1884,1685512467
newOrder,612,1,1884,1685512467
newOrder,601,0,204,1685512467
newOrder,616,1,1162,1685512467
cancel,600,,,1685512581
cancel,601,,,1685512581
cancel,616,,,1685512581
newOrder,605,0,1855,1685512587
newOrder,619,1,1855,1685512587
cancel,619,,,1685512762
newOrder,598,0,1889,1685512770
newOrder,612,1,1889,1685512770
newOrder,600,0,1889,1685512786
newOrder,610,1,1889,1685512786
cancel,598,,,1685513078
cancel,600,,,1685513078
cancel,612,,,1685513078
newOrder,604,0,1865,1685513087
newOrder,616,1,1865,1685513087
newOrder,603,0,873,1685513087
cancel,616,,,1685513227
newOrder,598,0,1894,1685513234
newOrder,610,1,1894,1685513234
newOrder,613,1,1616,1685513234
cancel,598,,,1685513289
cancel,613,,,1685513289
newOrder,603,0,1865,1685513295
newOrder,617,1,1865,1685513295
cancel,603,,,1685513369
cancel,617,,,1685513369
newOrder,601,0,1882,1685513390
newOrder,612,1,1882,1685513390
newOrder,611,1,57,1685513390
cancel,611,,,1685513560
cancel,612,,,1685513560
newOrder,595,0,1909,1685513569
newOrder,607,1,1909,1685513569
newOrder,607,1,580,1685513569
cancel,595,,,1685513574
cancel,607,,,1685513574
newOrder,600,0,1879,1685513581
newOrder,614,1,1879,1685513581
newOrder,600,0,893,1685513581
cancel,614,,,1685513604
newOrder,593,0,1913,1685513612
newOrder,607,1,1913,1685513612
newOrder,609,1,1656,1685513612
cancel,593,,,1685513656
cancel,609,,,1685513656
newOrder,599,0,1879,1685513663
newOrder,615,1,1879,1685513663
newOrder,614,1,893,1685513663
cancel,599,,,1685513941
newOrder,607,0,1840,1685513952
newOrder,623,1,1840,1685513952
newOrder,607,0,1175,1685513952
cancel,607,,,1685513969
cancel,607,,,1685513969
cancel,623,,,1685513969
newOrder,608,0,1846,1685513987
newOrder,619,1,1846,1685513987
newOrder,609,0,139,1685513987
cancel,619,,,1685514137
newOrder,602,0,1875,1685514148
newOrder,614,1,1875,1685514148
newOrder,602,0,541,1685514148
cancel,602,,,1685514569
cancel,602,,,1685514569
cancel,614,,,1685514569
newOrder,600,0,1888,1685514594
newOrder,611,1,1888,1685514594
newOrder,612,1,790,1685514594
cancel,600,,,1685515101
newOrder,605,0,1860,1685515109
newOrder,617,1,1860,1685515109
cancel,605,,,1685515169
cancel,617,,,1685515169
newOrder,603,0,1874,1685515193
newOrder,614,1,1874,1685515193
cancel,603,,,1685515770
cancel,614,,,1685515770
newOrder,607,0,1855,1685515794
newOrder,618,1,1855,1685515794
cancel,607,,,1685516370
cancel,618,,,1685516370
newOrder,605,0,1864,1685516394
newOrder,616,1,1864,1685516394
cancel,616,,,1685516725
newOrder,599,0,1890,1685516733
newOrder,611,1,1890,1685516733
newOrder,599,0,558,1685516733
cancel,599,,,1685516969
cancel,599,,,1685516969
cancel,611,,,1685516969
newOrder,596,0,1908,1685516995
newOrder,607,1,1908,1685516995
newOrder,584,0,1550,1685516995
cancel,584,,,1685517253
cancel,607,,,1685517253
newOrder,590,0,1934,1685517259
newOrder,602,1,1934,1685517259
cancel,590,,,1685517457
newOrder,596,0,1905,1685517463
newOrder,608,1,1905,1685517463
cancel,596,,,1685517569
cancel,608,,,1685517569
newOrder,597,0,1902,1685517594
newOrder,608,1,1902,1685517594
cancel,597,,,1685518169
cancel,608,,,1685518169
newOrder,603,0,1874,1685518187
newOrder,614,1,1874,1685518187
cancel,603,,,1685518769
cancel,614,,,1685518769
newOrder,602,0,1877,1685518788
newOrder,613,1,1877,1685518788
newOrder,603,0,129,1685518788
cancel,613,,,1685519217
newOrder,596,0,1906,1685519225
newOrder,608,1,1906,1685519225
newOrder,597,0,221,1685519225
cancel,596,,,1685519369
cancel,597,,,1685519369
cancel,608,,,1685519369
newOrder,596,0,1908,1685519388
newOrder,607,1,1908,1685519388
cancel,596,,,1685519969
cancel,607,,,1685519969
newOrder,597,0,1907,1685519988
newOrder,607,1,1907,1685519988
newOrder,607,1,255,1685519988
cancel,597,,,1685520569
cancel,607,,,1685520569
cancel,607,,,1685520569
newOrder,596,0,1909,1685520595
newOrder,607,1,1909,1685520595
cancel,596,,,1685521169
cancel,607,,,1685521169
newOrder,596,0,1908,1685521193
newOrder,607,1,1908,1685521193
cancel,596,,,1685521735
newOrder,601,0,1882,1685521743
newOrder,613,1,1882,1685521743
newOrder,599,0,1242,1685521743
cancel,599,,,1685521752
cancel,613,,,1685521752
newOrder,595,0,1912,1685521757
newOrder,607,1,1912,1685521757
cancel,595,,,1685521768
cancel,607,,,1685521768
newOrder,593,0,1922,1685521793
newOrder,604,1,1922,1685521793
newOrder,589,0,1970,1685521793
cancel,589,,,1685522051
cancel,604,,,1685522051
newOrder,587,0,1950,1685522058
newOrder,599,1,1950,1685522058
newOrder,600,1,995,1685522058
cancel,587,,,1685522297
cancel,600,,,1685522297
newOrder,593,0,1921,1685522304
newOrder,605,1,1921,1685522304
cancel,593,,,1685522368
cancel,605,,,1685522368
newOrder,592,0,1928,1685522393
newOrder,603,1,1928,1685522393
cancel,603,,,1685522845
newOrder,586,0,1955,1685522851
newOrder,598,1,1955,1685522851
cancel,586,,,1685522969
cancel,598,,,1685522969
newOrder,584,0,1967,1685522995
newOrder,595,1,1967,1685522995
newOrder,585,0,130,1685522995
cancel,584,,,1685523569
cancel,595,,,1685523569
newOrder,582,0,1978,1685523597
newOrder,592,1,1978,1685523597
newOrder,581,0,742,1685523597
cancel,581,,,1685523733
cancel,592,,,1685523733
newOrder,576,0,2002,1685523738
newOrder,588,1,2002,1685523738
cancel,588,,,1685524017
newOrder,570,0,2030,1685524024
newOrder,582,1,2030,1685524024
cancel,570,,,1685524169
cancel,582,,,1685524169
newOrder,569,0,2038,1685524195
newOrder,579,1,2038,1685524195
newOrder,569,0,409,1685524195
cancel,569,,,1685524769
cancel,569,,,1685524769
cancel,579,,,1685524769
newOrder,570,0,2035,1685524796
newOrder,580,1,2035,1685524796
cancel,570,,,1685525369
cancel,580,,,1685525369
newOrder,571,0,2030,1685525394
newOrder,581,1,2030,1685525394
cancel,581,,,1685525866
newOrder,565,0,2053,1685525874
newOrder,577,1,2053,1685525874
newOrder,576,1,362,1685525874
cancel,565,,,1685525969
cancel,576,,,1685525969
cancel,577,,,1685525969
newOrder,564,0,2060,1685525997
newOrder,575,1,2060,1685525997
cancel,564,,,1685526232
newOrder,569,0,2036,1685526242
newOrder,581,1,2036,1685526242
newOrder,583,1,1531,1685526242
cancel,569,,,1685526571
cancel,581,,,1685526571
cancel,583,,,1685526571
newOrder,573,0,2022,1685526598
newOrder,583,1,2022,1685526598
cancel,573,,,1685526777
newOrder,577,0,1999,1685526784
newOrder,589,1,1999,1685526784
cancel,577,,,1685527168
cancel,589,,,1685527168
newOrder,577,0,2002,1685527195
newOrder,588,1,2002,1685527195
newOrder,572,0,1304,1685527195
cancel,572,,,1685527415
cancel,588,,,1685527415
newOrder,571,0,2027,1685527423
newOrder,583,1,2027,1685527423
newOrder,571,0,726,1685527423
cancel,571,,,1685527767
cancel,583,,,1685527767
newOrder,565,0,2054,1685527778
newOrder,577,1,2054,1685527778
newOrder,564,0,2062,1685527795
newOrder,574,1,2062,1685527795
newOrder,575,1,636,1685527795
cancel,574,,,1685527955
cancel,575,,,1685527955
cancel,577,,,1685527955
newOrder,558,0,2085,1685527961
newOrder,570,1,2085,1685527961
newOrder,576,1,3295,1685527961
cancel,558,,,1685528371
cancel,570,,,1685528371
cancel,576,,,1685528371
newOrder,558,0,2087,1685528397
newOrder,569,1,2087,1685528397
newOrder,557,0,1012,1685528397
cancel,557,,,1685528970
cancel,558,,,1685528970
cancel,569,,,1685528970
newOrder,556,0,2097,1685528996
newOrder,566,1,2097,1685528996
cancel,556,,,1685529569
cancel,566,,,1685529569
newOrder,558,0,2090,1685529593
newOrder,568,1,2090,1685529593
cancel,558,,,1685530169
cancel,568,,,1685530169
newOrder,556,0,2100,1685530194
newOrder,566,1,2100,1685530194
cancel,566,,,1685530547
newOrder,551,0,2120,1685530555
newOrder,561,1,2120,1685530555
cancel,551,,,1685530770
cancel,561,,,1685530770
newOrder,547,0,2135,1685530802
newOrder,557,1,2135,1685530802
cancel,547,,,1685531369
cancel,557,,,1685531369
newOrder,550,0,2127,1685531396
newOrder,559,1,2127,1685531396
cancel,550,,,1685531969
cancel,559,,,1685531969
newOrder,549,0,2130,1685531994
newOrder,559,1,2130,1685531994
cancel,559,,,1685532046
newOrder,544,0,2149,1685532052
newOrder,554,1,2149,1685532052
newOrder,554,1,480,1685532052
cancel,554,,,1685532182
cancel,554,,,1685532182
newOrder,538,0,2169,1685532189
newOrder,550,1,2169,1685532189
newOrder,550,1,955,1685532189
cancel,550,,,1685532567
cancel,550,,,1685532567
newOrder,532,0,2192,1685532583
newOrder,544,1,2192,1685532583
newOrder,401,0,6305,1685532583
newOrder,546,1,1913,1685532583
newOrder,533,0,2194,1685532605
newOrder,542,1,2194,1685532605
newOrder,401,0,10805,1685532605
newOrder,544,1,1290,1685532605
cancel,401,,,1685532742
cancel,401,,,1685532742
cancel,532,,,1685532742
cancel,533,,,1685532742
cancel,542,,,1685532742
cancel,544,,,1685532742
cancel,544,,,1685532742
cancel,546,,,1685532742
newOrder,528,0,2210,1685532751
newOrder,538,1,2210,1685532751
newOrder,401,0,3767,1685532751
newOrder,540,1,1503,1685532751
cancel,401,,,1685532925
cancel,528,,,1685532925
cancel,538,,,1685532925
cancel,540,,,1685532925
newOrder,522,0,2228,1685532933
newOrder,534,1,2228,1685532933
newOrder,401,0,6241,1685532933
cancel,401,,,1685533030
cancel,522,,,1685533030
cancel,534,,,1685533030
newOrder,516,0,2248,1685533039
newOrder,528,1,2248,1685533039
newOrder,401,0,5900,1685533039
cancel,401,,,1685533169
cancel,516,,,1685533169
cancel,528,,,1685533169
newOrder,518,0,2244,1685533195
newOrder,528,1,2244,1685533195
newOrder,401,0,2546,1685533195
newOrder,531,1,2025,1685533195
cancel,401,,,1685533435
cancel,518,,,1685533435
cancel,528,,,1685533435
cancel,531,,,1685533435
newOrder,523,0,2228,1685533443
newOrder,533,1,2228,1685533443
newOrder,401,0,8313,1685533443
cancel,401,,,1685533578
cancel,523,,,1685533578
newOrder,527,0,2211,1685533586
newOrder,539,1,2211,1685533586
cancel,527,,,1685533711
newOrder,533,0,2189,1685533722
newOrder,545,1,2189,1685533722
newOrder,529,0,2779,1685533722
cancel,529,,,1685533757
cancel,545,,,1685533757
newOrder,526,0,2211,1685533763
newOrder,540,1,2211,1685533763
cancel,526,,,1685533768
cancel,540,,,1685533768
newOrder,527,0,2216,1685533793
newOrder,536,1,2216,1685533793
cancel,536,,,1685533823
newOrder,522,0,2232,1685533830
newOrder,532,1,2232,1685533830
newOrder,532,1,613,1685533830
cancel,532,,,1685534100
cancel,532,,,1685534100
newOrder,516,0,2248,1685534108
newOrder,528,1,2248,1685534108
newOrder,530,1,2091,1685534108
cancel,516,,,1685534186
cancel,530,,,1685534186
newOrder,522,0,2228,1685534194
newOrder,534,1,2228,1685534194
cancel,522,,,1685534370
cancel,534,,,1685534370
newOrder,525,0,2224,1685534394
newOrder,534,1,2224,1685534394