instruction,price,side,qty,time
cancel,890,,,1681475792
cancel,923,,,1681475792
newOrder,888,0,3144,1681475848
newOrder,921,1,3144,1681475848
cancel,888,,,1681476394
cancel,921,,,1681476394
newOrder,883,0,3238,1681476472
newOrder,915,1,3238,1681476472
cancel,883,,,1681476993
cancel,915,,,1681476993
newOrder,878,0,3322,1681477071
newOrder,910,1,3322,1681477071
cancel,878,,,1681477592
cancel,910,,,1681477592
cancel,880,,,1681477687
newOrder,864,0,3574,1681477718
newOrder,895,1,3574,1681477718
newOrder,518,0,12493,1681477718
newOrder,949,1,12320,1681477718
cancel,518,,,1681478192
cancel,864,,,1681478192
cancel,895,,,1681478192
cancel,949,,,1681478192
cancel,879,,,1681478286
newOrder,864,0,3564,1681478316
newOrder,896,1,3564,1681478316
cancel,864,,,1681478792
cancel,896,,,1681478792
newOrder,858,0,3675,1681478870
newOrder,890,1,3675,1681478870
cancel,858,,,1681479392
cancel,890,,,1681479392
newOrder,871,0,3443,1681479488
newOrder,903,1,3443,1681479488
cancel,871,,,1681479993
cancel,903,,,1681479993
newOrder,873,0,3399,1681480083
newOrder,905,1,3399,1681480083
cancel,873,,,1681480592
cancel,905,,,1681480592
newOrder,873,0,3409,1681480652
newOrder,905,1,3409,1681480652
cancel,873,,,1681481192
cancel,905,,,1681481192
newOrder,873,0,3408,1681481252
newOrder,905,1,3408,1681481252
cancel,873,,,1681481792
cancel,905,,,1681481792
newOrder,874,0,3392,1681481852
newOrder,906,1,3392,1681481852
cancel,874,,,1681482393
cancel,906,,,1681482393
cancel,880,,,1681482486
newOrder,864,0,3557,1681482517
newOrder,896,1,3557,1681482517
cancel,864,,,1681482992
cancel,896,,,1681482992
cancel,882,,,1681483088
newOrder,866,0,3534,1681483117
newOrder,897,1,3534,1681483117
cancel,866,,,1681483591
cancel,897,,,1681483591
cancel,877,,,1681483720
newOrder,867,0,3513,1681483751
newOrder,899,1,3513,1681483751
cancel,867,,,1681484192
cancel,899,,,1681484192
newOrder,853,0,3766,1681484272
newOrder,885,1,3766,1681484272
cancel,853,,,1681484794
cancel,885,,,1681484794
cancel,855,,,1681484924
newOrder,841,0,4002,1681484962
newOrder,872,1,4002,1681484962
cancel,841,,,1681485391
cancel,872,,,1681485391
newOrder,843,0,3967,1681485464
newOrder,874,1,3967,1681485464
cancel,843,,,1681485992
cancel,874,,,1681485992
newOrder,845,0,3924,1681486067
newOrder,876,1,3924,1681486067
cancel,861,,,1681487792
newOrder,819,0,4456,1681487868
newOrder,849,1,4456,1681487868
cancel,819,,,1681488392
cancel,849,,,1681488392
cancel,835,,,1681488457
newOrder,820,0,4444,1681488487
newOrder,850,1,4444,1681488487
cancel,820,,,1681488992
cancel,850,,,1681488992
cancel,830,,,1681489084
newOrder,814,0,4563,1681489113
newOrder,844,1,4563,1681489113
cancel,844,,,1681489592
cancel,800,,,1681489685
newOrder,785,0,5199,1681489715
newOrder,814,1,5199,1681489715
cancel,785,,,1681490193
cancel,814,,,1681490193
cancel,791,,,1681490288
newOrder,776,0,5428,1681490318
newOrder,804,1,5428,1681490318
newOrder,999,1,20491,1681490318
cancel,776,,,1681490797
cancel,999,,,1681490797
newOrder,793,0,5027,1681490909
newOrder,822,1,5027,1681490909
cancel,793,,,1681491391
cancel,822,,,1681491391
cancel,802,,,1681491455
newOrder,787,0,5172,1681491486
newOrder,815,1,5172,1681491486
cancel,787,,,1681491992
cancel,815,,,1681491992
cancel,803,,,1681492055
newOrder,787,0,5155,1681492084
newOrder,816,1,5155,1681492084
cancel,787,,,1681492592
cancel,816,,,1681492592
cancel,805,,,1681492653
newOrder,792,0,5049,1681492685
newOrder,821,1,5049,1681492685
cancel,792,,,1681493192
cancel,821,,,1681493192
newOrder,793,0,5024,1681493262
newOrder,822,1,5024,1681493262
cancel,793,,,1681493792
cancel,822,,,1681493792
newOrder,780,0,5333,1681493899
newOrder,808,1,5333,1681493899
cancel,780,,,1681494392
cancel,808,,,1681494392
cancel,789,,,1681494489
newOrder,774,0,5467,1681494520
newOrder,802,1,5467,1681494520
newOrder,464,0,18587,1681494520
newOrder,999,1,18587,1681494520
cancel,464,,,1681494991
cancel,774,,,1681494991
cancel,802,,,1681494991
cancel,999,,,1681494991
cancel,790,,,1681495087
newOrder,775,0,5446,1681495118
newOrder,803,1,5446,1681495118
newOrder,465,0,15574,1681495118
newOrder,999,1,15574,1681495118
cancel,465,,,1681495594
cancel,775,,,1681495594
cancel,803,,,1681495594
cancel,999,,,1681495594
cancel,791,,,1681495688
newOrder,780,0,5321,1681495718
newOrder,809,1,5321,1681495718
cancel,780,,,1681496192
cancel,809,,,1681496192
newOrder,787,0,5164,1681496270
newOrder,816,1,5164,1681496270
newOrder,472,0,17171,1681496270
newOrder,999,1,17171,1681496270
cancel,472,,,1681496792
cancel,787,,,1681496792
cancel,816,,,1681496792
cancel,999,,,1681496792
cancel,808,,,1681496876
newOrder,795,0,4982,1681496908
newOrder,824,1,4982,1681496908
cancel,795,,,1681497393
cancel,824,,,1681497393
newOrder,796,0,4957,1681497497
newOrder,825,1,4957,1681497497
cancel,796,,,1681497991
cancel,825,,,1681497991
newOrder,789,0,5121,1681498081
newOrder,818,1,5121,1681498081
cancel,789,,,1681498593
cancel,818,,,1681498593
cancel,801,,,1681498689
newOrder,787,0,5172,1681498720
newOrder,816,1,5172,1681498720
cancel,787,,,1681499192
cancel,816,,,1681499192
newOrder,790,0,5094,1681499250
newOrder,819,1,5094,1681499250
cancel,790,,,1681499792
cancel,819,,,1681499792
newOrder,786,0,5179,1681499882
newOrder,815,1,5179,1681499882
cancel,786,,,1681500391
cancel,815,,,1681500391
cancel,803,,,1681500455
newOrder,789,0,5132,1681500486
newOrder,817,1,5132,1681500486
cancel,789,,,1681500991
cancel,817,,,1681500991
cancel,803,,,1681501055
newOrder,789,0,5114,1681501086
newOrder,818,1,5114,1681501086
cancel,789,,,1681501592
cancel,818,,,1681501592
newOrder,789,0,5114,1681501665
newOrder,818,1,5114,1681501665
cancel,789,,,1681502192
cancel,818,,,1681502192
newOrder,788,0,5143,1681502250
newOrder,817,1,5143,1681502250
cancel,788,,,1681502792
cancel,817,,,1681502792
cancel,797,,,1681502860
newOrder,783,0,5271,1681502889
newOrder,811,1,5271,1681502889
cancel,783,,,1681503392
cancel,811,,,1681503392
cancel,798,,,1681503484
newOrder,782,0,5276,1681503513
newOrder,811,1,5276,1681503513
cancel,782,,,1681503992
cancel,811,,,1681503992
newOrder,782,0,5284,1681504099
newOrder,811,1,5284,1681504099
cancel,782,,,1681504591
cancel,811,,,1681504591
newOrder,789,0,5116,1681504687
newOrder,818,1,5116,1681504687
cancel,789,,,1681505192
cancel,818,,,1681505192
cancel,808,,,1681505277
newOrder,793,0,5033,1681505306
newOrder,822,1,5033,1681505306
cancel,793,,,1681505792
cancel,822,,,1681505792
newOrder,796,0,4952,1681505880
newOrder,826,1,4952,1681505880
cancel,796,,,1681506392
cancel,826,,,1681506392
newOrder,803,0,4811,1681506464
newOrder,832,1,4811,1681506464
newOrder,482,0,11563,1681506464
cancel,482,,,1681506992
cancel,803,,,1681506992
cancel,832,,,1681506992
newOrder,801,0,4854,1681507050
newOrder,830,1,4854,1681507050
cancel,801,,,1681507592
cancel,830,,,1681507592
cancel,815,,,1681507686
newOrder,807,0,4725,1681507716
newOrder,836,1,4725,1681507716
newOrder,484,0,23463,1681507716
newOrder,944,1,23463,1681507716
cancel,484,,,1681508193
cancel,807,,,1681508193
cancel,836,,,1681508193
cancel,944,,,1681508193
newOrder,809,0,4672,1681508283
newOrder,839,1,4672,1681508283
cancel,809,,,1681508792
cancel,839,,,1681508792
newOrder,807,0,4715,1681508848
newOrder,837,1,4715,1681508848
cancel,807,,,1681509392
cancel,837,,,1681509392
newOrder,807,0,4709,1681509449
newOrder,837,1,4709,1681509449
cancel,807,,,1681509992
cancel,837,,,1681509992
newOrder,806,0,4738,1681510068
newOrder,835,1,4738,1681510068
cancel,806,,,1681510592
cancel,835,,,1681510592
cancel,819,,,1681510686
newOrder,804,0,4781,1681510716
newOrder,834,1,4781,1681510716
cancel,804,,,1681511192
cancel,834,,,1681511192
newOrder,806,0,4734,1681511250
newOrder,836,1,4734,1681511250
cancel,806,,,1681511792
cancel,836,,,1681511792
newOrder,812,0,4598,1681511865
newOrder,842,1,4598,1681511865
newOrder,487,0,3407,1681511865
newOrder,944,1,3407,1681511865
cancel,487,,,1681512392
cancel,812,,,1681512392
cancel,842,,,1681512392
cancel,944,,,1681512392
cancel,827,,,1681512454
newOrder,813,0,4579,1681512484
newOrder,843,1,4579,1681512484
cancel,813,,,1681512992
cancel,843,,,1681512992
newOrder,810,0,4648,1681513050
newOrder,840,1,4648,1681513050
cancel,810,,,1681513591
cancel,840,,,1681513591
newOrder,812,0,4606,1681513648
newOrder,842,1,4606,1681513648
cancel,812,,,1681514192
cancel,842,,,1681514192
cancel,833,,,1681514278
newOrder,817,0,4489,1681514307
newOrder,847,1,4489,1681514307
cancel,817,,,1681514791
cancel,847,,,1681514791
cancel,831,,,1681514875
newOrder,816,0,4516,1681514905
newOrder,846,1,4516,1681514905
cancel,816,,,1681515392
cancel,846,,,1681515392
newOrder,817,0,4489,1681515465
newOrder,847,1,4489,1681515465
cancel,817,,,1681515991
cancel,847,,,1681515991
newOrder,816,0,4526,1681516048
newOrder,845,1,4526,1681516048
cancel,816,,,1681516591
cancel,845,,,1681516591
newOrder,815,0,4531,1681516651
newOrder,845,1,4531,1681516651
cancel,815,,,1681517192
cancel,845,,,1681517192
newOrder,820,0,4438,1681517263
newOrder,850,1,4438,1681517263
cancel,820,,,1681517792
cancel,850,,,1681517792
cancel,836,,,1681517875
newOrder,821,0,4404,1681517906
newOrder,851,1,4404,1681517906
newOrder,944,1,19407,1681517906
cancel,821,,,1681518391
cancel,851,,,1681518391
cancel,944,,,1681518391
newOrder,826,0,4302,1681518482
newOrder,856,1,4302,1681518482
newOrder,944,1,2592,1681518482
cancel,826,,,1681518992
cancel,856,,,1681518992
cancel,944,,,1681518992
newOrder,824,0,4333,1681519083
newOrder,855,1,4333,1681519083
cancel,824,,,1681519592
cancel,855,,,1681519592
cancel,835,,,1681519700
newOrder,821,0,4399,1681519728
newOrder,851,1,4399,1681519728
cancel,821,,,1681520191
cancel,851,,,1681520191
newOrder,820,0,4431,1681520267
newOrder,850,1,4431,1681520267
cancel,820,,,1681520792
cancel,850,,,1681520792
cancel,827,,,1681520886
newOrder,810,0,4636,1681520916
newOrder,840,1,4636,1681520916
cancel,810,,,1681521392
cancel,840,,,1681521392
cancel,813,,,1681521485
newOrder,797,0,4936,1681521516
newOrder,826,1,4936,1681521516
cancel,797,,,1681521991
cancel,826,,,1681521991
newOrder,791,0,5080,1681522098
newOrder,820,1,5080,1681522098
cancel,791,,,1681522591
cancel,820,,,1681522591
newOrder,791,0,5071,1681522652
newOrder,820,1,5071,1681522652
cancel,791,,,1681523192
cancel,820,,,1681523192
newOrder,798,0,4928,1681523266
newOrder,827,1,4928,1681523266
cancel,798,,,1681523792
cancel,827,,,1681523792
newOrder,798,0,4921,1681523849
newOrder,827,1,4921,1681523849
cancel,798,,,1681524393
cancel,827,,,1681524393
newOrder,799,0,4889,1681524478
newOrder,829,1,4889,1681524478
cancel,799,,,1681524991
cancel,829,,,1681524991
newOrder,797,0,4933,1681525048
newOrder,827,1,4933,1681525048
cancel,797,,,1681525591
cancel,827,,,1681525591
newOrder,796,0,4963,1681525666
newOrder,825,1,4963,1681525666
cancel,796,,,1681526192
cancel,825,,,1681526192
newOrder,799,0,4897,1681526247
newOrder,828,1,4897,1681526247
cancel,799,,,1681526792
cancel,828,,,1681526792
newOrder,799,0,4895,1681526864
newOrder,828,1,4895,1681526864
cancel,799,,,1681527392
cancel,828,,,1681527392
cancel,809,,,1681527484
newOrder,796,0,4955,1681527514
newOrder,826,1,4955,1681527514
cancel,796,,,1681527993
cancel,826,,,1681527993
newOrder,794,0,5006,1681528078
newOrder,823,1,5006,1681528078
cancel,794,,,1681528591
cancel,823,,,1681528591
newOrder,796,0,4976,1681528649
newOrder,825,1,4976,1681528649
cancel,796,,,1681529191
cancel,825,,,1681529191
newOrder,796,0,4972,1681529250
newOrder,825,1,4972,1681529250
cancel,796,,,1681529792
cancel,825,,,1681529792
newOrder,796,0,4976,1681529849
newOrder,825,1,4976,1681529849
cancel,796,,,1681530392
cancel,825,,,1681530392
newOrder,795,0,4989,1681530447
newOrder,824,1,4989,1681530447
cancel,795,,,1681530992
cancel,824,,,1681530992
newOrder,793,0,5025,1681531071
newOrder,823,1,5025,1681531071
cancel,793,,,1681531592
cancel,823,,,1681531592
newOrder,794,0,5009,1681531651
newOrder,823,1,5009,1681531651
cancel,794,,,1681532192
cancel,823,,,1681532192
cancel,807,,,1681532259
newOrder,793,0,5047,1681532290
newOrder,822,1,5047,1681532290
cancel,793,,,1681532792
cancel,822,,,1681532792
newOrder,791,0,5081,1681532869
newOrder,820,1,5081,1681532869
cancel,791,,,1681533392
cancel,820,,,1681533392
newOrder,791,0,5084,1681533450
newOrder,820,1,5084,1681533450
cancel,791,,,1681533991
cancel,820,,,1681533991
newOrder,789,0,5129,1681534072
newOrder,818,1,5129,1681534072
cancel,789,,,1681534592
cancel,818,,,1681534592
cancel,806,,,1681534654
newOrder,791,0,5092,1681534683
newOrder,820,1,5092,1681534683
cancel,791,,,1681535192
cancel,820,,,1681535192
newOrder,789,0,5135,1681535248
newOrder,818,1,5135,1681535248
cancel,789,,,1681535791
cancel,818,,,1681535791
newOrder,788,0,5143,1681535850
newOrder,817,1,5143,1681535850
cancel,788,,,1681536392
cancel,817,,,1681536392
newOrder,789,0,5132,1681536450
newOrder,818,1,5132,1681536450
cancel,789,,,1681536992
cancel,818,,,1681536992
newOrder,788,0,5144,1681537050
newOrder,817,1,5144,1681537050
cancel,788,,,1681537592
cancel,817,,,1681537592
newOrder,791,0,5093,1681537665
newOrder,820,1,5093,1681537665
cancel,791,,,1681538192
cancel,820,,,1681538192
newOrder,791,0,5078,1681538249
newOrder,820,1,5078,1681538249
cancel,791,,,1681538792
cancel,820,,,1681538792
cancel,806,,,1681538854
newOrder,791,0,5073,1681538883
newOrder,820,1,5073,1681538883
cancel,791,,,1681539392
cancel,820,,,1681539392
newOrder,780,0,5350,1681539479
newOrder,808,1,5350,1681539479
cancel,780,,,1681539992
cancel,808,,,1681539992
cancel,793,,,1681540086
newOrder,778,0,5402,1681540115
newOrder,806,1,5402,1681540115
cancel,778,,,1681540592
cancel,806,,,1681540592
newOrder,776,0,5434,1681540669
newOrder,805,1,5434,1681540669
cancel,776,,,1681541192
cancel,805,,,1681541192
newOrder,775,0,5462,1681541251
newOrder,804,1,5462,1681541251
cancel,775,,,1681541793
cancel,804,,,1681541793
newOrder,777,0,5420,1681541864
newOrder,806,1,5420,1681541864
cancel,777,,,1681542392
cancel,806,,,1681542392
newOrder,776,0,5446,1681542468
newOrder,804,1,5446,1681542468
cancel,776,,,1681542992
cancel,804,,,1681542992
newOrder,779,0,5384,1681543065
newOrder,807,1,5384,1681543065
cancel,779,,,1681543592
cancel,807,,,1681543592
newOrder,781,0,5334,1681543663
newOrder,809,1,5334,1681543663
cancel,781,,,1681544192
cancel,809,,,1681544192
newOrder,784,0,5252,1681544298
newOrder,813,1,5252,1681544298
cancel,784,,,1681544792
cancel,813,,,1681544792
newOrder,784,0,5263,1681544850
newOrder,812,1,5263,1681544850
cancel,784,,,1681545392
cancel,812,,,1681545392
cancel,803,,,1681545477
newOrder,787,0,5192,1681545508
newOrder,815,1,5192,1681545508
cancel,787,,,1681545992
cancel,815,,,1681545992
newOrder,788,0,5153,1681546078
newOrder,817,1,5153,1681546078
cancel,788,,,1681546592
cancel,817,,,1681546592
newOrder,787,0,5176,1681546647
newOrder,816,1,5176,1681546647
cancel,787,,,1681547192
cancel,816,,,1681547192
newOrder,786,0,5196,1681547248
newOrder,815,1,5196,1681547248
cancel,786,,,1681547792
cancel,815,,,1681547792
newOrder,787,0,5191,1681547848
newOrder,815,1,5191,1681547848
cancel,787,,,1681548391
cancel,815,,,1681548391
newOrder,779,0,5385,1681548481
newOrder,807,1,5385,1681548481
newOrder,472,0,26177,1681548481
newOrder,944,1,26177,1681548481
cancel,472,,,1681548991
cancel,779,,,1681548991
cancel,807,,,1681548991
cancel,944,,,1681548991
newOrder,778,0,5396,1681549050
newOrder,807,1,5396,1681549050
cancel,778,,,1681549593
cancel,807,,,1681549593
newOrder,778,0,5398,1681549651
newOrder,807,1,5398,1681549651
cancel,778,,,1681550192
cancel,807,,,1681550192
newOrder,785,0,5239,1681550319
newOrder,813,1,5239,1681550319
newOrder,472,0,4385,1681550319
newOrder,944,1,4385,1681550319
cancel,472,,,1681550792
cancel,785,,,1681550792
cancel,813,,,1681550792
cancel,944,,,1681550792
cancel,803,,,1681550876
newOrder,788,0,5148,1681550906
newOrder,817,1,5148,1681550906
cancel,788,,,1681551392
cancel,817,,,1681551392
newOrder,789,0,5133,1681551463
newOrder,818,1,5133,1681551463
cancel,789,,,1681551992
cancel,818,,,1681551992
newOrder,788,0,5154,1681552051
newOrder,817,1,5154,1681552051
cancel,788,,,1681552592
cancel,817,,,1681552592
cancel,804,,,1681552676
newOrder,790,0,5103,1681552706
newOrder,819,1,5103,1681552706
cancel,790,,,1681553194
cancel,819,,,1681553194
newOrder,789,0,5132,1681553252
newOrder,818,1,5132,1681553252
cancel,789,,,1681553792
cancel,818,,,1681553792
newOrder,787,0,5178,1681553850
newOrder,816,1,5178,1681553850
cancel,787,,,1681554392
cancel,816,,,1681554392
newOrder,784,0,5246,1681554479
newOrder,813,1,5246,1681554479
cancel,784,,,1681554992
cancel,813,,,1681554992
newOrder,786,0,5219,1681555050
newOrder,814,1,5219,1681555050
cancel,786,,,1681555592
cancel,814,,,1681555592
cancel,797,,,1681555684
newOrder,783,0,5291,1681555714
newOrder,811,1,5291,1681555714
cancel,783,,,1681556192
cancel,811,,,1681556192
cancel,797,,,1681556284
newOrder,783,0,5284,1681556313
newOrder,812,1,5284,1681556313
cancel,783,,,1681556792
cancel,812,,,1681556792
newOrder,783,0,5276,1681556896
newOrder,812,1,5276,1681556896
cancel,783,,,1681557393
cancel,812,,,1681557393
cancel,796,,,1681557484
newOrder,782,0,5304,1681557514
newOrder,811,1,5304,1681557514
cancel,782,,,1681557992
cancel,811,,,1681557992
newOrder,784,0,5265,1681558050
newOrder,812,1,5265,1681558050
cancel,784,,,1681558591
cancel,812,,,1681558591
newOrder,785,0,5230,1681558651
newOrder,814,1,5230,1681558651
cancel,785,,,1681559192
cancel,814,,,1681559192
newOrder,784,0,5259,1681559264
newOrder,813,1,5259,1681559264
newOrder,472,0,14126,1681559264
newOrder,944,1,14126,1681559264
cancel,472,,,1681559792
cancel,784,,,1681559792
cancel,813,,,1681559792
cancel,944,,,1681559792
newOrder,779,0,5390,1681559900
newOrder,807,1,5390,1681559900
cancel,779,,,1681560392
cancel,807,,,1681560392
newOrder,779,0,5373,1681560448
newOrder,808,1,5373,1681560448
cancel,779,,,1681560992
cancel,808,,,1681560992
newOrder,781,0,5327,1681561047
newOrder,810,1,5327,1681561047
cancel,781,,,1681561592
cancel,810,,,1681561592
newOrder,782,0,5304,1681561685
newOrder,811,1,5304,1681561685