instruction,price,side,qty,time
newOrder,559,0,7510,1678808804
newOrder,598,1,7510,1678808804
newOrder,719,1,7396,1678808804
cancel,559,,,1678808906
cancel,598,,,1678808906
cancel,719,,,1678808906
newOrder,558,0,7498,1678808920
newOrder,620,1,7498,1678808920
newOrder,868,1,19797,1678808920
cancel,558,,,1678809535
cancel,620,,,1678809535
cancel,868,,,1678809535
newOrder,566,0,7653,1678809547
newOrder,620,1,7653,1678809547
cancel,566,,,1678810134
cancel,620,,,1678810134
newOrder,567,0,7675,1678810145
newOrder,620,1,7675,1678810145
cancel,567,,,1678810736
cancel,620,,,1678810736
newOrder,576,0,7841,1678810750
newOrder,620,1,7841,1678810750
newOrder,868,1,19793,1678810750
cancel,576,,,1678810915
cancel,620,,,1678810915
cancel,868,,,1678810915
newOrder,578,0,4740,1678810926
newOrder,614,1,4740,1678810926
newOrder,719,1,10164,1678810926
cancel,578,,,1678811544
cancel,614,,,1678811544
cancel,719,,,1678811544
newOrder,565,0,4332,1678811553
newOrder,614,1,4332,1678811553
newOrder,859,1,18661,1678811553
cancel,565,,,1678812144
cancel,614,,,1678812144
cancel,859,,,1678812144
newOrder,563,0,4282,1678812154
newOrder,614,1,4282,1678812154
newOrder,719,1,6055,1678812154
cancel,563,,,1678812744
cancel,614,,,1678812744
cancel,719,,,1678812744
newOrder,561,0,4199,1678812753
newOrder,614,1,4199,1678812753
cancel,561,,,1678813344
cancel,614,,,1678813344
newOrder,570,0,4484,1678813353
newOrder,614,1,4484,1678813353
cancel,570,,,1678813943
cancel,614,,,1678813943
newOrder,568,0,4417,1678813958
newOrder,614,1,4417,1678813958
cancel,568,,,1678814544
cancel,614,,,1678814544
newOrder,563,0,4269,1678814554
newOrder,614,1,4269,1678814554
cancel,563,,,1678815144
cancel,614,,,1678815144
newOrder,574,0,4621,1678815155
newOrder,614,1,4621,1678815155
cancel,574,,,1678815743
cancel,614,,,1678815743
newOrder,579,0,4778,1678815753
newOrder,614,1,4778,1678815753
cancel,579,,,1678816343
cancel,614,,,1678816343
newOrder,582,0,4854,1678816352
newOrder,614,1,4854,1678816352
cancel,582,,,1678816942
cancel,614,,,1678816942
newOrder,583,0,4897,1678816952
newOrder,614,1,4897,1678816952
cancel,583,,,1678817542
cancel,614,,,1678817542
newOrder,572,0,4534,1678817554
newOrder,614,1,4534,1678817554
cancel,572,,,1678818143
cancel,614,,,1678818143
newOrder,569,0,4442,1678818158
newOrder,614,1,4442,1678818158
cancel,569,,,1678818744
cancel,614,,,1678818744
newOrder,572,0,4535,1678818753
newOrder,614,1,4535,1678818753
cancel,572,,,1678819344
cancel,614,,,1678819344
newOrder,572,0,4543,1678819353
newOrder,614,1,4543,1678819353
cancel,572,,,1678819944
cancel,614,,,1678819944
newOrder,573,0,4560,1678819952
newOrder,614,1,4560,1678819952
cancel,573,,,1678820543
cancel,614,,,1678820543
newOrder,571,0,4493,1678820553
newOrder,614,1,4493,1678820553
newOrder,859,1,21644,1678820553
cancel,571,,,1678821144
cancel,614,,,1678821144
cancel,859,,,1678821144
newOrder,570,0,4477,1678821155
newOrder,614,1,4477,1678821155
cancel,614,,,1678821452
newOrder,556,0,4065,1678821459
newOrder,615,1,4065,1678821459
cancel,556,,,1678821743
cancel,615,,,1678821743
newOrder,562,0,4223,1678821758
newOrder,614,1,4223,1678821758
cancel,562,,,1678822343
cancel,614,,,1678822343
newOrder,560,0,4141,1678822353
newOrder,614,1,4141,1678822353
cancel,560,,,1678822942
cancel,614,,,1678822942
newOrder,560,0,4143,1678822953
newOrder,614,1,4143,1678822953
cancel,560,,,1678823544
cancel,614,,,1678823544
newOrder,561,0,4187,1678823551
newOrder,614,1,4187,1678823551
cancel,561,,,1678824142
cancel,614,,,1678824142
newOrder,570,0,4464,1678824154
newOrder,614,1,4464,1678824154
cancel,570,,,1678824743
cancel,614,,,1678824743
newOrder,570,0,4450,1678824755
newOrder,614,1,4450,1678824755
cancel,570,,,1678825344
cancel,614,,,1678825344
newOrder,569,0,4411,1678825355
newOrder,614,1,4411,1678825355
cancel,569,,,1678825943
cancel,614,,,1678825943
newOrder,573,0,4550,1678825953
newOrder,614,1,4550,1678825953
cancel,573,,,1678826543
cancel,614,,,1678826543
newOrder,567,0,4355,1678826554
newOrder,614,1,4355,1678826554
cancel,567,,,1678827143
cancel,614,,,1678827143
newOrder,562,0,4203,1678827153
newOrder,614,1,4203,1678827153
cancel,562,,,1678827743
cancel,614,,,1678827743
newOrder,558,0,4085,1678827753
newOrder,614,1,4085,1678827753
cancel,558,,,1678828343
cancel,614,,,1678828343
newOrder,556,0,4005,1678828353
newOrder,614,1,4005,1678828353
cancel,556,,,1678828944
cancel,614,,,1678828944
newOrder,551,0,3837,1678828954
newOrder,614,1,3837,1678828954
cancel,551,,,1678829546
cancel,614,,,1678829546
newOrder,570,0,4450,1678829557
newOrder,614,1,4450,1678829557
cancel,570,,,1678830143
cancel,614,,,1678830143
newOrder,573,0,4535,1678830153
newOrder,614,1,4535,1678830153
cancel,573,,,1678830744
cancel,614,,,1678830744
newOrder,573,0,4542,1678830753
newOrder,614,1,4542,1678830753
cancel,573,,,1678831344
cancel,614,,,1678831344
newOrder,580,0,4746,1678831353
newOrder,614,1,4746,1678831353
cancel,580,,,1678831923
cancel,614,,,1678831923
newOrder,579,0,4720,1678831931
newOrder,614,1,4720,1678831931
cancel,579,,,1678832560
cancel,614,,,1678832560
newOrder,581,0,4786,1678832569
newOrder,614,1,4786,1678832569
cancel,581,,,1678833154
cancel,614,,,1678833154
newOrder,586,0,4975,1678833165
newOrder,614,1,4975,1678833165
cancel,586,,,1678833753
cancel,614,,,1678833753
newOrder,586,0,5347,1678833761
newOrder,626,1,5347,1678833761
cancel,586,,,1678834354
cancel,626,,,1678834354
newOrder,586,0,5203,1678834363
newOrder,621,1,5203,1678834363
cancel,586,,,1678834953
cancel,621,,,1678834953
newOrder,586,0,5268,1678834964
newOrder,623,1,5268,1678834964
cancel,586,,,1678835553
cancel,623,,,1678835553
newOrder,586,0,5068,1678835564
newOrder,617,1,5068,1678835564
newOrder,864,1,26831,1678835564
cancel,586,,,1678836151
cancel,617,,,1678836151
cancel,864,,,1678836151
newOrder,586,0,5182,1678836164
newOrder,621,1,5182,1678836164
newOrder,869,1,21839,1678836164
cancel,586,,,1678836753
cancel,621,,,1678836753
cancel,869,,,1678836753
newOrder,586,0,5444,1678836764
newOrder,629,1,5444,1678836764
newOrder,881,1,23873,1678836764
cancel,586,,,1678837357
cancel,629,,,1678837357
cancel,881,,,1678837357
newOrder,586,0,5485,1678837370
newOrder,631,1,5485,1678837370
newOrder,883,1,26792,1678837370
cancel,586,,,1678837847
cancel,883,,,1678837847
newOrder,585,0,5932,1678837854
newOrder,647,1,5932,1678837854
newOrder,905,1,25705,1678837854
cancel,585,,,1678837957
cancel,647,,,1678837957
cancel,905,,,1678837957
newOrder,586,0,5844,1678837969
newOrder,642,1,5844,1678837969
newOrder,719,1,10860,1678837969
cancel,586,,,1678838558
cancel,642,,,1678838558
cancel,719,,,1678838558
newOrder,586,0,5884,1678838571
newOrder,644,1,5884,1678838571
newOrder,901,1,14619,1678838571
cancel,586,,,1678839157
cancel,644,,,1678839157
cancel,901,,,1678839157
newOrder,586,0,5927,1678839170
newOrder,645,1,5927,1678839170
newOrder,903,1,16366,1678839170
cancel,586,,,1678839757
cancel,645,,,1678839757
cancel,903,,,1678839757
newOrder,586,0,6104,1678839770
newOrder,651,1,6104,1678839770
cancel,586,,,1678840357
cancel,651,,,1678840357
newOrder,586,0,6066,1678840372
newOrder,650,1,6066,1678840372
cancel,586,,,1678840946
cancel,650,,,1678840946
newOrder,585,0,6510,1678840965
newOrder,666,1,6510,1678840965
newOrder,933,1,21772,1678840965
newOrder,586,0,6350,1678840967
newOrder,659,1,6350,1678840967
newOrder,719,1,7461,1678840967
cancel,585,,,1678841556
cancel,586,,,1678841556
cancel,659,,,1678841556
cancel,666,,,1678841556
cancel,719,,,1678841556
cancel,933,,,1678841556
newOrder,586,0,6723,1678841571
newOrder,672,1,6723,1678841571
newOrder,941,1,23074,1678841571
cancel,586,,,1678842078
cancel,941,,,1678842078
newOrder,585,0,7152,1678842085
newOrder,689,1,7152,1678842085
cancel,585,,,1678842156
cancel,689,,,1678842156
newOrder,586,0,7146,1678842168
newOrder,687,1,7146,1678842168
cancel,586,,,1678842757
cancel,687,,,1678842757
newOrder,586,0,7187,1678842770
newOrder,688,1,7187,1678842770
newOrder,939,1,35133,1678842770
cancel,586,,,1678843325
cancel,939,,,1678843325
newOrder,585,0,7590,1678843333
newOrder,705,1,7590,1678843333
cancel,585,,,1678843357
cancel,705,,,1678843357
newOrder,586,0,7655,1678843370
newOrder,706,1,7655,1678843370
cancel,586,,,1678843957
cancel,706,,,1678843957
newOrder,586,0,7756,1678843970
newOrder,710,1,7756,1678843970
newOrder,719,1,4963,1678843970
cancel,586,,,1678844559
cancel,710,,,1678844559
cancel,719,,,1678844559
newOrder,586,0,7876,1678844572
newOrder,715,1,7876,1678844572
newOrder,939,1,25219,1678844572
cancel,586,,,1678845158
cancel,715,,,1678845158
cancel,939,,,1678845158
newOrder,586,0,7484,1678845170
newOrder,699,1,7484,1678845170
cancel,586,,,1678845757
cancel,699,,,1678845757
newOrder,586,0,6971,1678845769
newOrder,681,1,6971,1678845769
newOrder,939,1,28918,1678845769
cancel,586,,,1678846357
cancel,681,,,1678846357
cancel,939,,,1678846357
newOrder,586,0,6911,1678846371
newOrder,678,1,6911,1678846371
newOrder,939,1,22879,1678846371
cancel,586,,,1678846957
cancel,678,,,1678846957
cancel,939,,,1678846957
newOrder,586,0,6991,1678846969
newOrder,681,1,6991,1678846969
newOrder,939,1,29817,1678846969
cancel,586,,,1678847557
cancel,681,,,1678847557
cancel,939,,,1678847557
newOrder,586,0,7115,1678847571
newOrder,686,1,7115,1678847571
newOrder,939,1,26023,1678847571
cancel,586,,,1678848158
cancel,686,,,1678848158
cancel,939,,,1678848158
newOrder,586,0,7158,1678848169
newOrder,687,1,7158,1678848169
cancel,586,,,1678848757
cancel,687,,,1678848757
newOrder,586,0,7195,1678848770
newOrder,689,1,7195,1678848770
newOrder,939,1,33781,1678848770
cancel,586,,,1678849357
cancel,689,,,1678849357
cancel,939,,,1678849357
newOrder,586,0,7042,1678849369
newOrder,683,1,7042,1678849369
newOrder,939,1,29888,1678849369
cancel,586,,,1678849958
cancel,683,,,1678849958
cancel,939,,,1678849958
newOrder,586,0,6832,1678849969
newOrder,676,1,6832,1678849969
newOrder,939,1,26090,1678849969
cancel,586,,,1678850557
cancel,676,,,1678850557
cancel,939,,,1678850557
newOrder,586,0,6905,1678850570
newOrder,678,1,6905,1678850570
newOrder,939,1,23860,1678850570
cancel,586,,,1678851157
cancel,678,,,1678851157
cancel,939,,,1678851157
newOrder,586,0,7041,1678851168
newOrder,683,1,7041,1678851168
cancel,586,,,1678851757
cancel,683,,,1678851757
newOrder,586,0,7070,1678851769
newOrder,684,1,7070,1678851769
cancel,586,,,1678852358
cancel,684,,,1678852358
newOrder,586,0,7135,1678852369
newOrder,686,1,7135,1678852369
cancel,586,,,1678852958
cancel,686,,,1678852958
newOrder,586,0,7137,1678852969
newOrder,686,1,7137,1678852969
cancel,586,,,1678853557
cancel,686,,,1678853557
newOrder,586,0,7160,1678853570
newOrder,687,1,7160,1678853570
cancel,586,,,1678854159
cancel,687,,,1678854159
newOrder,586,0,7172,1678854172
newOrder,688,1,7172,1678854172
cancel,586,,,1678854757
cancel,688,,,1678854757
newOrder,586,0,7039,1678854769
newOrder,683,1,7039,1678854769
cancel,586,,,1678855357
cancel,683,,,1678855357
newOrder,586,0,7090,1678855369
newOrder,685,1,7090,1678855369
cancel,586,,,1678855957
cancel,685,,,1678855957
newOrder,586,0,7107,1678855969
newOrder,685,1,7107,1678855969
cancel,586,,,1678856557
cancel,685,,,1678856557
newOrder,586,0,6948,1678856570
newOrder,680,1,6948,1678856570
cancel,586,,,1678857157
cancel,680,,,1678857157
newOrder,586,0,7023,1678857170
newOrder,682,1,7023,1678857170
cancel,586,,,1678857758
cancel,682,,,1678857758
newOrder,586,0,7009,1678857774
newOrder,682,1,7009,1678857774
cancel,586,,,1678858357
cancel,682,,,1678858357
newOrder,586,0,7045,1678858369
newOrder,683,1,7045,1678858369
cancel,586,,,1678858957
cancel,683,,,1678858957
newOrder,586,0,7073,1678858969
newOrder,684,1,7073,1678858969
cancel,586,,,1678859557
cancel,684,,,1678859557
newOrder,586,0,7060,1678859571
newOrder,684,1,7060,1678859571
cancel,586,,,1678860157
cancel,684,,,1678860157
newOrder,586,0,6973,1678860170
newOrder,681,1,6973,1678860170
cancel,586,,,1678860757
cancel,681,,,1678860757
newOrder,586,0,6731,1678860769
newOrder,672,1,6731,1678860769
newOrder,939,1,21808,1678860769
cancel,586,,,1678861357
cancel,672,,,1678861357
cancel,939,,,1678861357
newOrder,586,0,6647,1678861375
newOrder,670,1,6647,1678861375
newOrder,937,1,32469,1678861375
cancel,586,,,1678861956
cancel,670,,,1678861956
cancel,937,,,1678861956
newOrder,586,0,6655,1678861968
newOrder,670,1,6655,1678861968
newOrder,938,1,30380,1678861968
cancel,586,,,1678862558
cancel,670,,,1678862558
cancel,938,,,1678862558
newOrder,586,0,6568,1678862571
newOrder,667,1,6568,1678862571
newOrder,934,1,25947,1678862571
cancel,586,,,1678863156
cancel,667,,,1678863156
cancel,934,,,1678863156
newOrder,586,0,6455,1678863169
newOrder,663,1,6455,1678863169
newOrder,719,1,4863,1678863169
cancel,586,,,1678863757
cancel,663,,,1678863757
cancel,719,,,1678863757
newOrder,586,0,6439,1678863769
newOrder,663,1,6439,1678863769
newOrder,928,1,16929,1678863769
cancel,586,,,1678864357
cancel,663,,,1678864357
cancel,928,,,1678864357
newOrder,586,0,6408,1678864370
newOrder,662,1,6408,1678864370
newOrder,719,1,10005,1678864370
cancel,586,,,1678864957
cancel,662,,,1678864957
cancel,719,,,1678864957
newOrder,586,0,6386,1678864969
newOrder,661,1,6386,1678864969
newOrder,925,1,27219,1678864969
cancel,586,,,1678865557
cancel,661,,,1678865557
cancel,925,,,1678865557
newOrder,586,0,6491,1678865568
newOrder,664,1,6491,1678865568
cancel,586,,,1678866157
cancel,664,,,1678866157
newOrder,586,0,6607,1678866167
newOrder,668,1,6607,1678866167
cancel,586,,,1678866757
cancel,668,,,1678866757
newOrder,586,0,6586,1678866769
newOrder,668,1,6586,1678866769
cancel,586,,,1678867357
cancel,668,,,1678867357
newOrder,586,0,6623,1678867369
newOrder,669,1,6623,1678867369
cancel,586,,,1678867957
cancel,669,,,1678867957
newOrder,586,0,6684,1678867967
newOrder,671,1,6684,1678867967
cancel,586,,,1678868557
cancel,671,,,1678868557
newOrder,586,0,6680,1678868569
newOrder,671,1,6680,1678868569
cancel,586,,,1678869158
cancel,671,,,1678869158
newOrder,586,0,6519,1678869170
newOrder,665,1,6519,1678869170
cancel,586,,,1678869757
cancel,665,,,1678869757
newOrder,586,0,6258,1678869767
newOrder,657,1,6258,1678869767
cancel,586,,,1678870357
cancel,657,,,1678870357
newOrder,586,0,6216,1678870368
newOrder,656,1,6216,1678870368
cancel,586,,,1678870957
cancel,656,,,1678870957
newOrder,586,0,6311,1678870968
newOrder,659,1,6311,1678870968
cancel,586,,,1678871558
cancel,659,,,1678871558
newOrder,586,0,6206,1678871569
newOrder,655,1,6206,1678871569
cancel,586,,,1678872157
cancel,655,,,1678872157
newOrder,586,0,6152,1678872169
newOrder,654,1,6152,1678872169
cancel,586,,,1678872757
cancel,654,,,1678872757
newOrder,586,0,5989,1678872769
newOrder,649,1,5989,1678872769
cancel,586,,,1678873357
cancel,649,,,1678873357
newOrder,586,0,5807,1678873369
newOrder,643,1,5807,1678873369
cancel,586,,,1678873957
cancel,643,,,1678873957
newOrder,586,0,6190,1678873969
newOrder,655,1,6190,1678873969
cancel,586,,,1678874557
cancel,655,,,1678874557
newOrder,586,0,6545,1678874568
newOrder,666,1,6545,1678874568
cancel,586,,,1678875157
cancel,666,,,1678875157
newOrder,586,0,6981,1678875169
newOrder,681,1,6981,1678875169
cancel,586,,,1678875758
cancel,681,,,1678875758
newOrder,586,0,7345,1678875771
newOrder,693,1,7345,1678875771
cancel,586,,,1678876357
cancel,693,,,1678876357
newOrder,586,0,7179,1678876368
newOrder,688,1,7179,1678876368
cancel,586,,,1678876957
cancel,688,,,1678876957
newOrder,586,0,7112,1678876969
newOrder,685,1,7112,1678876969
cancel,586,,,1678877557
cancel,685,,,1678877557
newOrder,586,0,7271,1678877569
newOrder,691,1,7271,1678877569
cancel,586,,,1678878157
cancel,691,,,1678878157
newOrder,586,0,7001,1678878171
newOrder,682,1,7001,1678878171
cancel,586,,,1678878758
cancel,682,,,1678878758
newOrder,586,0,6562,1678878771
newOrder,667,1,6562,1678878771
cancel,586,,,1678879093
newOrder,585,0,7015,1678879101
newOrder,684,1,7015,1678879101
newOrder,693,1,5602,1678879101
cancel,585,,,1678879359
cancel,684,,,1678879359
cancel,693,,,1678879359
newOrder,586,0,7224,1678879374
newOrder,689,1,7224,1678879374
cancel,586,,,1678879958
cancel,689,,,1678879958
newOrder,586,0,7050,1678879971
newOrder,683,1,7050,1678879971
cancel,586,,,1678880558
cancel,683,,,1678880558
newOrder,586,0,7154,1678880569
newOrder,687,1,7154,1678880569
cancel,586,,,1678881158
cancel,687,,,1678881158
newOrder,586,0,6705,1678881170
newOrder,672,1,6705,1678881170
cancel,586,,,1678881757
cancel,672,,,1678881757
newOrder,586,0,6745,1678881772
newOrder,673,1,6745,1678881772