instruction,price,side,qty,time
cancel,362,,,1688472973
cancel,368,,,1688472973
newOrder,362,0,2958,1688472997
newOrder,369,1,2958,1688472997
cancel,362,,,1688473572
cancel,369,,,1688473572
newOrder,362,0,2959,1688473596
newOrder,369,1,2959,1688473596
cancel,362,,,1688474172
cancel,369,,,1688474172
newOrder,363,0,2958,1688474194
newOrder,370,1,2958,1688474194
cancel,363,,,1688474773
cancel,370,,,1688474773
newOrder,363,0,2959,1688474796
newOrder,369,1,2959,1688474796
cancel,363,,,1688475373
cancel,369,,,1688475373
newOrder,363,0,2959,1688475395
newOrder,370,1,2959,1688475395
cancel,363,,,1688475973
cancel,370,,,1688475973
newOrder,364,0,2959,1688475995
newOrder,370,1,2959,1688475995
cancel,364,,,1688476573
cancel,370,,,1688476573
newOrder,363,0,2960,1688476595
newOrder,370,1,2960,1688476595
cancel,363,,,1688477173
cancel,370,,,1688477173
newOrder,364,0,2960,1688477195
newOrder,370,1,2960,1688477195
cancel,364,,,1688477772
cancel,370,,,1688477772
newOrder,364,0,2960,1688477795
newOrder,370,1,2960,1688477795
cancel,364,,,1688478372
cancel,370,,,1688478372
newOrder,363,0,2961,1688478393
newOrder,370,1,2961,1688478393
cancel,363,,,1688478972
cancel,370,,,1688478972
newOrder,364,0,2961,1688478995
newOrder,370,1,2961,1688478995
cancel,364,,,1688479573
cancel,370,,,1688479573
newOrder,363,0,2962,1688479594
newOrder,370,1,2962,1688479594
cancel,363,,,1688480172
cancel,370,,,1688480172
newOrder,363,0,2962,1688480195
newOrder,370,1,2962,1688480195
cancel,363,,,1688480773
cancel,370,,,1688480773
newOrder,364,0,2962,1688480796
newOrder,370,1,2962,1688480796
newOrder,364,0,717,1688480796
cancel,364,,,1688481372
cancel,364,,,1688481372
cancel,370,,,1688481372
newOrder,363,0,2963,1688481394
newOrder,370,1,2963,1688481394
cancel,363,,,1688481972
cancel,370,,,1688481972
newOrder,363,0,2964,1688481995
newOrder,369,1,2964,1688481995
newOrder,370,1,1720,1688481995
cancel,363,,,1688482573
cancel,369,,,1688482573
cancel,370,,,1688482573
newOrder,366,0,2961,1688482597
newOrder,372,1,2961,1688482597
cancel,366,,,1688483173
cancel,372,,,1688483173
newOrder,367,0,2960,1688483198
newOrder,374,1,2960,1688483198
cancel,367,,,1688483773
cancel,374,,,1688483773
newOrder,366,0,2962,1688483796
newOrder,373,1,2962,1688483796
cancel,366,,,1688484373
cancel,373,,,1688484373
newOrder,366,0,2962,1688484394
newOrder,373,1,2962,1688484394
cancel,366,,,1688484973
cancel,373,,,1688484973
newOrder,367,0,2961,1688484995
newOrder,374,1,2961,1688484995
cancel,367,,,1688485573
cancel,374,,,1688485573
newOrder,366,0,2964,1688485597
newOrder,372,1,2964,1688485597
cancel,366,,,1688486173
cancel,372,,,1688486173
newOrder,365,0,2965,1688486198
newOrder,372,1,2965,1688486198
cancel,365,,,1688486773
cancel,372,,,1688486773
newOrder,365,0,2965,1688486796
newOrder,372,1,2965,1688486796
cancel,365,,,1688487373
cancel,372,,,1688487373
newOrder,365,0,2965,1688487398
newOrder,372,1,2965,1688487398
cancel,365,,,1688487973
cancel,372,,,1688487973
newOrder,365,0,2966,1688487995
newOrder,372,1,2966,1688487995
cancel,365,,,1688488572
cancel,372,,,1688488572
newOrder,366,0,2965,1688488602
newOrder,373,1,2965,1688488602
cancel,366,,,1688489172
cancel,373,,,1688489172
newOrder,367,0,2965,1688489195
newOrder,373,1,2965,1688489195
cancel,367,,,1688489776
cancel,373,,,1688489776
newOrder,365,0,2967,1688489801
newOrder,372,1,2967,1688489801
newOrder,366,0,114,1688489801
newOrder,372,1,1164,1688489801
cancel,372,,,1688490168
cancel,372,,,1688490168
newOrder,361,0,2970,1688490175
newOrder,369,1,2970,1688490175
newOrder,362,0,674,1688490175
cancel,361,,,1688490373
cancel,362,,,1688490373
cancel,369,,,1688490373
newOrder,361,0,2971,1688490395
newOrder,367,1,2971,1688490395
cancel,361,,,1688490973
cancel,367,,,1688490973
newOrder,360,0,2971,1688490995
newOrder,366,1,2971,1688490995
cancel,360,,,1688491572
cancel,366,,,1688491572
newOrder,357,0,2973,1688491594
newOrder,364,1,2973,1688491594
cancel,357,,,1688492173
cancel,364,,,1688492173
newOrder,357,0,2973,1688492196
newOrder,364,1,2973,1688492196
cancel,357,,,1688492773
cancel,364,,,1688492773
newOrder,357,0,2973,1688492796
newOrder,363,1,2973,1688492796
cancel,357,,,1688493372
cancel,363,,,1688493372
newOrder,357,0,2974,1688493396
newOrder,364,1,2974,1688493396
cancel,357,,,1688493975
cancel,364,,,1688493975
newOrder,355,0,2974,1688493999
newOrder,361,1,2974,1688493999
cancel,355,,,1688494572
cancel,361,,,1688494572
newOrder,355,0,2974,1688494597
newOrder,361,1,2974,1688494597
cancel,355,,,1688495173
cancel,361,,,1688495173
newOrder,356,0,2975,1688495196
newOrder,362,1,2975,1688495196
cancel,356,,,1688495773
cancel,362,,,1688495773
newOrder,356,0,2975,1688495797
newOrder,363,1,2975,1688495797
cancel,356,,,1688496373
cancel,363,,,1688496373
newOrder,353,0,2975,1688496395
newOrder,360,1,2975,1688496395
cancel,353,,,1688496972
cancel,360,,,1688496972
newOrder,354,0,2976,1688496994
newOrder,360,1,2976,1688496994
cancel,354,,,1688497572
cancel,360,,,1688497572
newOrder,353,0,2975,1688497599
newOrder,359,1,2975,1688497599
cancel,353,,,1688498172
cancel,359,,,1688498172
newOrder,352,0,2976,1688498199
newOrder,359,1,2976,1688498199
cancel,352,,,1688498773
cancel,359,,,1688498773
newOrder,352,0,2976,1688498795
newOrder,359,1,2976,1688498795
newOrder,358,1,273,1688498795
cancel,352,,,1688499373
cancel,358,,,1688499373
cancel,359,,,1688499373
newOrder,352,0,2976,1688499395
newOrder,359,1,2976,1688499395
cancel,352,,,1688499972
cancel,359,,,1688499972
newOrder,352,0,2977,1688499995
newOrder,359,1,2977,1688499995
cancel,352,,,1688500573
cancel,359,,,1688500573
newOrder,353,0,2977,1688500594
newOrder,359,1,2977,1688500594
cancel,353,,,1688501173
cancel,359,,,1688501173
newOrder,353,0,2978,1688501195
newOrder,359,1,2978,1688501195
cancel,353,,,1688501774
cancel,359,,,1688501774
newOrder,354,0,2979,1688501796
newOrder,361,1,2979,1688501796
cancel,354,,,1688502373
cancel,361,,,1688502373
newOrder,355,0,2979,1688502395
newOrder,361,1,2979,1688502395
cancel,355,,,1688502972
cancel,361,,,1688502972
newOrder,356,0,2980,1688502995
newOrder,362,1,2980,1688502995
cancel,356,,,1688503572
cancel,362,,,1688503572
newOrder,354,0,2980,1688503595
newOrder,361,1,2980,1688503595
cancel,354,,,1688504173
cancel,361,,,1688504173
newOrder,354,0,2980,1688504194
newOrder,361,1,2980,1688504194
cancel,354,,,1688504773
cancel,361,,,1688504773
newOrder,357,0,2981,1688504798
newOrder,363,1,2981,1688504798
cancel,357,,,1688505373
cancel,363,,,1688505373
newOrder,356,0,2982,1688505395
newOrder,363,1,2982,1688505395
cancel,356,,,1688505973
cancel,363,,,1688505973
newOrder,356,0,2982,1688505997
newOrder,362,1,2982,1688505997
cancel,356,,,1688506572
cancel,362,,,1688506572
newOrder,356,0,2982,1688506595
newOrder,362,1,2982,1688506595
cancel,356,,,1688507172
cancel,362,,,1688507172
newOrder,356,0,2983,1688507194
newOrder,362,1,2983,1688507194
cancel,356,,,1688507773
cancel,362,,,1688507773
newOrder,357,0,2983,1688507796
newOrder,363,1,2983,1688507796
cancel,357,,,1688508373
cancel,363,,,1688508373
newOrder,356,0,2984,1688508395
newOrder,363,1,2984,1688508395
cancel,356,,,1688508972
cancel,363,,,1688508972
newOrder,357,0,2984,1688508996
newOrder,363,1,2984,1688508996
cancel,357,,,1688509573
cancel,363,,,1688509573
newOrder,357,0,2984,1688509595
newOrder,363,1,2984,1688509595
cancel,357,,,1688510172
cancel,363,,,1688510172
newOrder,357,0,2985,1688510194
newOrder,363,1,2985,1688510194
cancel,357,,,1688510772
cancel,363,,,1688510772
newOrder,356,0,2985,1688510798
newOrder,363,1,2985,1688510798
cancel,356,,,1688511374
cancel,363,,,1688511374
newOrder,357,0,2986,1688511397
newOrder,363,1,2986,1688511397
cancel,357,,,1688511973
cancel,363,,,1688511973
newOrder,357,0,2986,1688511995
newOrder,363,1,2986,1688511995
cancel,357,,,1688512573
cancel,363,,,1688512573
newOrder,356,0,2986,1688512597
newOrder,362,1,2986,1688512597
cancel,356,,,1688513172
cancel,362,,,1688513172
newOrder,356,0,2987,1688513196
newOrder,362,1,2987,1688513196
cancel,356,,,1688513773
cancel,362,,,1688513773
newOrder,356,0,2987,1688513794
newOrder,362,1,2987,1688513794
cancel,356,,,1688514373
cancel,362,,,1688514373
newOrder,354,0,2987,1688514394
newOrder,360,1,2987,1688514394
cancel,354,,,1688514973
cancel,360,,,1688514973
newOrder,354,0,2987,1688514996
newOrder,360,1,2987,1688514996
cancel,354,,,1688515573
cancel,360,,,1688515573
newOrder,354,0,2988,1688515595
newOrder,360,1,2988,1688515595
cancel,354,,,1688516172
cancel,360,,,1688516172
newOrder,353,0,2988,1688516194
newOrder,360,1,2988,1688516194
cancel,353,,,1688516772
cancel,360,,,1688516772
newOrder,354,0,2989,1688516794
newOrder,361,1,2989,1688516794
cancel,354,,,1688517373
cancel,361,,,1688517373
newOrder,353,0,2988,1688517395
newOrder,359,1,2988,1688517395
cancel,353,,,1688517973
cancel,359,,,1688517973
newOrder,353,0,2989,1688517996
newOrder,359,1,2989,1688517996
cancel,353,,,1688518572
cancel,359,,,1688518572
newOrder,353,0,2989,1688518594
newOrder,359,1,2989,1688518594
cancel,353,,,1688519173
cancel,359,,,1688519173
newOrder,353,0,2990,1688519194
newOrder,359,1,2990,1688519194
cancel,353,,,1688519773
cancel,359,,,1688519773
newOrder,353,0,2990,1688519795
newOrder,360,1,2990,1688519795
cancel,353,,,1688520373
cancel,360,,,1688520373
newOrder,353,0,2991,1688520396
newOrder,360,1,2991,1688520396
cancel,353,,,1688520973
cancel,360,,,1688520973
newOrder,353,0,2991,1688520997
newOrder,360,1,2991,1688520997
cancel,353,,,1688521572
cancel,360,,,1688521572
newOrder,354,0,2991,1688521595
newOrder,360,1,2991,1688521595
cancel,354,,,1688522172
cancel,360,,,1688522172
newOrder,353,0,2992,1688522194
newOrder,359,1,2992,1688522194
cancel,353,,,1688522772
cancel,359,,,1688522772
newOrder,352,0,2992,1688522794
newOrder,359,1,2992,1688522794
cancel,352,,,1688523373
cancel,359,,,1688523373
newOrder,353,0,2993,1688523394
newOrder,360,1,2993,1688523394
cancel,353,,,1688523972
cancel,360,,,1688523972
newOrder,354,0,2993,1688523994
newOrder,360,1,2993,1688523994
cancel,354,,,1688524573
cancel,360,,,1688524573
newOrder,354,0,2993,1688524595
newOrder,360,1,2993,1688524595
cancel,354,,,1688525172
cancel,360,,,1688525172
newOrder,353,0,2994,1688525196
newOrder,360,1,2994,1688525196
cancel,353,,,1688525773
cancel,360,,,1688525773
newOrder,353,0,2994,1688525795
newOrder,360,1,2994,1688525795
cancel,353,,,1688526372
cancel,360,,,1688526372
newOrder,353,0,2994,1688526397
newOrder,359,1,2994,1688526397
cancel,353,,,1688526973
cancel,359,,,1688526973
newOrder,352,0,2994,1688526996
newOrder,359,1,2994,1688526996
cancel,352,,,1688527573
cancel,359,,,1688527573
newOrder,352,0,2995,1688527596
newOrder,359,1,2995,1688527596
cancel,352,,,1688528172
cancel,359,,,1688528172
newOrder,352,0,2995,1688528196
newOrder,359,1,2995,1688528196
cancel,352,,,1688528772
cancel,359,,,1688528772
newOrder,353,0,2996,1688528796
newOrder,359,1,2996,1688528796
cancel,353,,,1688529373
cancel,359,,,1688529373
newOrder,353,0,2996,1688529396
newOrder,359,1,2996,1688529396
newOrder,359,1,847,1688529396
cancel,353,,,1688529973
cancel,359,,,1688529973
cancel,359,,,1688529973
newOrder,353,0,2997,1688529995
newOrder,359,1,2997,1688529995
cancel,353,,,1688530573
cancel,359,,,1688530573
newOrder,353,0,2997,1688530595
newOrder,359,1,2997,1688530595
cancel,353,,,1688531172
cancel,359,,,1688531172
newOrder,353,0,2997,1688531195
newOrder,359,1,2997,1688531195
cancel,353,,,1688531772
cancel,359,,,1688531772
newOrder,353,0,2998,1688531794
newOrder,359,1,2998,1688531794
cancel,353,,,1688532372
cancel,359,,,1688532372
newOrder,353,0,2998,1688532394
newOrder,359,1,2998,1688532394
cancel,353,,,1688532972
cancel,359,,,1688532972
newOrder,352,0,2998,1688532996
newOrder,359,1,2998,1688532996
cancel,352,,,1688533573
cancel,359,,,1688533573
newOrder,353,0,2999,1688533594
newOrder,359,1,2999,1688533594
cancel,353,,,1688534172
cancel,359,,,1688534172
newOrder,353,0,2999,1688534194
newOrder,359,1,2999,1688534194
cancel,353,,,1688534772
cancel,359,,,1688534772
newOrder,353,0,3000,1688534794
newOrder,359,1,3000,1688534794
cancel,353,,,1688535374
cancel,359,,,1688535374
newOrder,353,0,3000,1688535398
newOrder,359,1,3000,1688535398
cancel,353,,,1688535973
cancel,359,,,1688535973
newOrder,353,0,3001,1688535994
newOrder,359,1,3001,1688535994
cancel,353,,,1688536573
cancel,359,,,1688536573
newOrder,353,0,3001,1688536597
newOrder,360,1,3001,1688536597
cancel,353,,,1688537172
cancel,360,,,1688537172
newOrder,353,0,3001,1688537197
newOrder,359,1,3001,1688537197
cancel,353,,,1688537773
cancel,359,,,1688537773
newOrder,353,0,3002,1688537796
newOrder,359,1,3002,1688537796
cancel,353,,,1688538372
cancel,359,,,1688538372
newOrder,353,0,3002,1688538394
newOrder,359,1,3002,1688538394
cancel,353,,,1688538973
cancel,359,,,1688538973
newOrder,352,0,3002,1688538996
newOrder,358,1,3002,1688538996
cancel,352,,,1688539572
cancel,358,,,1688539572
newOrder,353,0,3003,1688539597
newOrder,359,1,3003,1688539597
cancel,353,,,1688540172
cancel,359,,,1688540172
newOrder,353,0,3003,1688540194
newOrder,359,1,3003,1688540194
cancel,353,,,1688540773
cancel,359,,,1688540773
newOrder,353,0,3004,1688540794
newOrder,359,1,3004,1688540794
cancel,353,,,1688541373
cancel,359,,,1688541373
newOrder,353,0,3004,1688541395
newOrder,359,1,3004,1688541395
cancel,353,,,1688541973
cancel,359,,,1688541973
newOrder,353,0,3005,1688541994
newOrder,359,1,3005,1688541994
cancel,353,,,1688542573
cancel,359,,,1688542573
newOrder,353,0,3005,1688542596
newOrder,359,1,3005,1688542596
cancel,353,,,1688543172
cancel,359,,,1688543172
newOrder,353,0,3006,1688543196
newOrder,360,1,3006,1688543196
cancel,353,,,1688543773
cancel,360,,,1688543773
newOrder,353,0,3006,1688543796
newOrder,360,1,3006,1688543796
cancel,353,,,1688544372
cancel,360,,,1688544372
newOrder,353,0,3006,1688544394
newOrder,359,1,3006,1688544394
cancel,353,,,1688544972
cancel,359,,,1688544972
newOrder,352,0,3006,1688544997
newOrder,358,1,3006,1688544997
cancel,352,,,1688545572
cancel,358,,,1688545572
newOrder,351,0,3005,1688545595
newOrder,357,1,3005,1688545595
cancel,351,,,1688546173
cancel,357,,,1688546173
newOrder,351,0,3006,1688546197
newOrder,357,1,3006,1688546197
cancel,351,,,1688546772
cancel,357,,,1688546772
newOrder,348,0,3004,1688546795
newOrder,355,1,3004,1688546795
cancel,348,,,1688547373
cancel,355,,,1688547373
newOrder,350,0,3006,1688547395
newOrder,356,1,3006,1688547395
cancel,350,,,1688547972
cancel,356,,,1688547972
newOrder,350,0,3006,1688547995
newOrder,356,1,3006,1688547995
cancel,350,,,1688548573
cancel,356,,,1688548573
newOrder,349,0,3006,1688548595
newOrder,355,1,3006,1688548595
cancel,349,,,1688549173
cancel,355,,,1688549173
newOrder,348,0,3005,1688549194
newOrder,355,1,3005,1688549194
cancel,348,,,1688549773
cancel,355,,,1688549773
newOrder,348,0,3006,1688549797
newOrder,355,1,3006,1688549797
cancel,348,,,1688550373
cancel,355,,,1688550373
newOrder,348,0,3006,1688550394
newOrder,355,1,3006,1688550394
cancel,355,,,1688550799
newOrder,345,0,3001,1688550807
newOrder,351,1,3001,1688550807
newOrder,341,0,4722,1688550807
cancel,341,,,1688550972
cancel,345,,,1688550972
cancel,351,,,1688550972
newOrder,344,0,2999,1688550995
newOrder,350,1,2999,1688550995
newOrder,350,1,999,1688550995
cancel,344,,,1688551573
cancel,350,,,1688551573
cancel,350,,,1688551573
newOrder,345,0,3002,1688551597
newOrder,351,1,3002,1688551597
cancel,345,,,1688552173
cancel,351,,,1688552173
newOrder,344,0,3001,1688552199
newOrder,350,1,3001,1688552199
cancel,344,,,1688552773
cancel,350,,,1688552773
newOrder,345,0,3003,1688552798
newOrder,351,1,3003,1688552798
cancel,345,,,1688553373
cancel,351,,,1688553373
newOrder,343,0,2999,1688553395
newOrder,349,1,2999,1688553395
cancel,349,,,1688553516
newOrder,340,0,2992,1688553525
newOrder,346,1,2992,1688553525
newOrder,337,0,3844,1688553525
cancel,337,,,1688553973
cancel,340,,,1688553973
cancel,346,,,1688553973
newOrder,339,0,2990,1688553996
newOrder,345,1,2990,1688553996
newOrder,345,1,958,1688553996
cancel,339,,,1688554572
cancel,345,,,1688554572
cancel,345,,,1688554572
newOrder,340,0,2993,1688554598
newOrder,346,1,2993,1688554598
cancel,340,,,1688555173
cancel,346,,,1688555173
newOrder,339,0,2992,1688555197
newOrder,346,1,2992,1688555197
newOrder,345,1,472,1688555197
cancel,339,,,1688555773
cancel,345,,,1688555773
cancel,346,,,1688555773
newOrder,338,0,2989,1688555795
newOrder,344,1,2989,1688555795
cancel,338,,,1688556373
cancel,344,,,1688556373
newOrder,338,0,2990,1688556397
newOrder,345,1,2990,1688556397
cancel,338,,,1688556973
cancel,345,,,1688556973
newOrder,338,0,2990,1688556995
newOrder,344,1,2990,1688556995
cancel,338,,,1688557573
cancel,344,,,1688557573
newOrder,339,0,2993,1688557595
newOrder,345,1,2993,1688557595
cancel,339,,,1688558173
cancel,345,,,1688558173
newOrder,338,0,2991,1688558194
newOrder,344,1,2991,1688558194
cancel,338,,,1688558773
cancel,344,,,1688558773
newOrder,339,0,2993,1688558796
newOrder,345,1,2993,1688558796