instruction,price,side,qty,time
cancel,821,,,1676290304
cancel,863,,,1676290304
newOrder,822,0,6580,1676290314
newOrder,864,1,6580,1676290314
cancel,822,,,1676290903
cancel,864,,,1676290903
newOrder,824,0,6654,1676290913
newOrder,867,1,6654,1676290913
cancel,824,,,1676291503
cancel,867,,,1676291503
newOrder,821,0,6560,1676291513
newOrder,864,1,6560,1676291513
cancel,821,,,1676292103
cancel,864,,,1676292103
newOrder,821,0,6555,1676292113
newOrder,864,1,6555,1676292113
cancel,821,,,1676292703
cancel,864,,,1676292703
newOrder,822,0,6590,1676292717
newOrder,865,1,6590,1676292717
cancel,822,,,1676293303
cancel,865,,,1676293303
newOrder,821,0,6548,1676293313
newOrder,863,1,6548,1676293313
cancel,821,,,1676293903
cancel,863,,,1676293903
newOrder,818,0,6482,1676293914
newOrder,861,1,6482,1676293914
cancel,818,,,1676294504
cancel,861,,,1676294504
newOrder,817,0,6442,1676294514
newOrder,859,1,6442,1676294514
cancel,817,,,1676295102
cancel,859,,,1676295102
newOrder,810,0,6264,1676295117
newOrder,852,1,6264,1676295117
cancel,810,,,1676295705
cancel,852,,,1676295705
newOrder,808,0,6204,1676295716
newOrder,850,1,6204,1676295716
newOrder,766,0,12718,1676295716
newOrder,1124,1,24815,1676295716
cancel,766,,,1676296303
cancel,808,,,1676296303
cancel,850,,,1676296303
cancel,1124,,,1676296303
newOrder,808,0,6196,1676296313
newOrder,850,1,6196,1676296313
cancel,808,,,1676296903
cancel,850,,,1676296903
newOrder,799,0,5969,1676296912
newOrder,841,1,5969,1676296912
cancel,799,,,1676297503
cancel,841,,,1676297503
newOrder,801,0,6009,1676297513
newOrder,842,1,6009,1676297513
cancel,801,,,1676298103
cancel,842,,,1676298103
newOrder,801,0,6021,1676298114
newOrder,843,1,6021,1676298114
cancel,801,,,1676298700
cancel,843,,,1676298700
newOrder,802,0,6030,1676298749
newOrder,844,1,6030,1676298749
newOrder,766,0,10677,1676298749
newOrder,1124,1,24121,1676298749
cancel,766,,,1676299303
cancel,802,,,1676299303
cancel,844,,,1676299303
cancel,1124,,,1676299303
newOrder,806,0,6123,1676299314
newOrder,847,1,6123,1676299314
cancel,806,,,1676299903
cancel,847,,,1676299903
newOrder,806,0,6120,1676299912
newOrder,847,1,6120,1676299912
cancel,806,,,1676300503
cancel,847,,,1676300503
newOrder,805,0,6108,1676300514
newOrder,847,1,6108,1676300514
cancel,805,,,1676301102
cancel,847,,,1676301102
newOrder,802,0,6032,1676301112
newOrder,844,1,6032,1676301112
cancel,802,,,1676301704
cancel,844,,,1676301704
newOrder,802,0,6029,1676301715
newOrder,844,1,6029,1676301715
cancel,802,,,1676302303
cancel,844,,,1676302303
newOrder,802,0,6020,1676302314
newOrder,844,1,6020,1676302314
cancel,802,,,1676302903
cancel,844,,,1676302903
newOrder,801,0,5985,1676302911
newOrder,842,1,5985,1676302911
cancel,801,,,1676304104
cancel,842,,,1676304104
newOrder,790,0,5710,1676304113
newOrder,832,1,5710,1676304113
cancel,790,,,1676304703
cancel,832,,,1676304703
newOrder,795,0,5828,1676304713
newOrder,836,1,5828,1676304713
cancel,795,,,1676305303
cancel,836,,,1676305303
newOrder,789,0,5657,1676305313
newOrder,830,1,5657,1676305313
cancel,789,,,1676305904
cancel,830,,,1676305904
newOrder,780,0,5419,1676305917
newOrder,820,1,5419,1676305917
cancel,780,,,1676306504
cancel,820,,,1676306504
newOrder,768,0,5110,1676306514
newOrder,807,1,5110,1676306514
cancel,768,,,1676307104
cancel,807,,,1676307104
newOrder,773,0,5249,1676307115
newOrder,813,1,5249,1676307115
cancel,773,,,1676307703
cancel,813,,,1676307703
newOrder,780,0,5421,1676307714
newOrder,820,1,5421,1676307714
cancel,780,,,1676308304
cancel,820,,,1676308304
newOrder,777,0,5354,1676308316
newOrder,818,1,5354,1676308316
newOrder,766,0,3292,1676308316
newOrder,1124,1,21416,1676308316
cancel,766,,,1676308903
cancel,777,,,1676308903
cancel,818,,,1676308903
cancel,1124,,,1676308903
newOrder,771,0,5195,1676308914
newOrder,811,1,5195,1676308914
cancel,771,,,1676309505
cancel,811,,,1676309505
newOrder,768,0,5109,1676309516
newOrder,808,1,5109,1676309516
cancel,768,,,1676310105
cancel,808,,,1676310105
newOrder,756,0,4797,1676310118
newOrder,795,1,4797,1676310118
cancel,756,,,1676310703
cancel,795,,,1676310703
newOrder,755,0,4775,1676310713
newOrder,794,1,4775,1676310713
cancel,755,,,1676311304
cancel,794,,,1676311304
newOrder,762,0,4942,1676311314
newOrder,801,1,4942,1676311314
cancel,762,,,1676311903
cancel,801,,,1676311903
newOrder,770,0,5159,1676311917
newOrder,810,1,5159,1676311917
cancel,770,,,1676312503
cancel,810,,,1676312503
newOrder,771,0,5171,1676312514
newOrder,811,1,5171,1676312514
cancel,771,,,1676313103
cancel,811,,,1676313103
newOrder,772,0,5193,1676313112
newOrder,812,1,5193,1676313112
cancel,772,,,1676313703
cancel,812,,,1676313703
newOrder,771,0,5154,1676313712
newOrder,811,1,5154,1676313712
cancel,771,,,1676314303
cancel,811,,,1676314303
newOrder,774,0,5239,1676314316
newOrder,814,1,5239,1676314316
cancel,774,,,1676314903
cancel,814,,,1676314903
newOrder,776,0,5292,1676314914
newOrder,817,1,5292,1676314914
cancel,776,,,1676315505
cancel,817,,,1676315505
newOrder,780,0,5388,1676315516
newOrder,821,1,5388,1676315516
cancel,780,,,1676316103
cancel,821,,,1676316103
newOrder,782,0,5438,1676316113
newOrder,823,1,5438,1676316113
cancel,782,,,1676316703
cancel,823,,,1676316703
newOrder,781,0,5406,1676316713
newOrder,822,1,5406,1676316713
cancel,781,,,1676317304
cancel,822,,,1676317304
newOrder,779,0,5350,1676317315
newOrder,819,1,5350,1676317315
cancel,779,,,1676317927
cancel,819,,,1676317927
newOrder,780,0,5381,1676318007
newOrder,821,1,5381,1676318007
newOrder,766,0,4043,1676318007
newOrder,1124,1,21523,1676318007
cancel,766,,,1676318505
cancel,780,,,1676318505
cancel,821,,,1676318505
cancel,1124,,,1676318505
newOrder,781,0,5409,1676318515
newOrder,822,1,5409,1676318515
cancel,781,,,1676319103
cancel,822,,,1676319103
newOrder,785,0,5505,1676319113
newOrder,826,1,5505,1676319113
cancel,785,,,1676320303
cancel,826,,,1676320303
newOrder,786,0,5508,1676320313
newOrder,826,1,5508,1676320313
cancel,786,,,1676320903
cancel,826,,,1676320903
newOrder,785,0,5481,1676320918
newOrder,825,1,5481,1676320918
newOrder,766,0,5277,1676320918
newOrder,1124,1,21922,1676320918
cancel,766,,,1676321503
cancel,785,,,1676321503
cancel,825,,,1676321503
cancel,1124,,,1676321503
newOrder,783,0,5435,1676321515
newOrder,824,1,5435,1676321515
newOrder,766,0,4808,1676321515
newOrder,1124,1,21742,1676321515
cancel,766,,,1676322103
cancel,783,,,1676322103
cancel,824,,,1676322103
cancel,1124,,,1676322103
newOrder,786,0,5522,1676322118
newOrder,827,1,5522,1676322118
newOrder,766,0,5790,1676322118
newOrder,1124,1,22086,1676322118
cancel,766,,,1676322703
cancel,786,,,1676322703
cancel,827,,,1676322703
cancel,1124,,,1676322703
newOrder,781,0,5371,1676322787
newOrder,821,1,5371,1676322787
newOrder,766,0,4172,1676322787
newOrder,1124,1,21486,1676322787
cancel,766,,,1676323904
cancel,781,,,1676323904
cancel,821,,,1676323904
cancel,1124,,,1676323904
newOrder,780,0,5338,1676323915
newOrder,820,1,5338,1676323915
newOrder,766,0,3867,1676323915
newOrder,1124,1,21352,1676323915
cancel,766,,,1676324504
cancel,780,,,1676324504
cancel,820,,,1676324504
cancel,1124,,,1676324504
newOrder,778,0,5294,1676324516
newOrder,819,1,5294,1676324516
newOrder,766,0,3426,1676324516
newOrder,1124,1,21177,1676324516
cancel,766,,,1676325103
cancel,778,,,1676325103
cancel,819,,,1676325103
cancel,1124,,,1676325103
newOrder,776,0,5228,1676325113
newOrder,816,1,5228,1676325113
newOrder,766,0,2752,1676325113
newOrder,1124,1,20910,1676325113
cancel,766,,,1676325703
cancel,776,,,1676325703
cancel,816,,,1676325703
cancel,1124,,,1676325703
newOrder,777,0,5248,1676325715
newOrder,817,1,5248,1676325715
newOrder,766,0,2994,1676325715
newOrder,1124,1,20992,1676325715
cancel,766,,,1676326303
cancel,777,,,1676326303
cancel,817,,,1676326303
cancel,1124,,,1676326303
newOrder,777,0,5245,1676326313
newOrder,817,1,5245,1676326313
newOrder,766,0,2993,1676326313
newOrder,1124,1,20980,1676326313
cancel,766,,,1676326904
cancel,777,,,1676326904
cancel,817,,,1676326904
cancel,1124,,,1676326904
newOrder,776,0,5240,1676326916
newOrder,817,1,5240,1676326916
newOrder,766,0,2972,1676326916
newOrder,1124,1,20961,1676326916
cancel,766,,,1676327503
cancel,776,,,1676327503
cancel,817,,,1676327503
cancel,1124,,,1676327503
newOrder,776,0,5229,1676327511
newOrder,816,1,5229,1676327511
cancel,776,,,1676328705
cancel,816,,,1676328705
newOrder,782,0,5375,1676328719
newOrder,823,1,5375,1676328719
newOrder,766,0,4502,1676328719
newOrder,1124,1,21502,1676328719
cancel,766,,,1676329303
cancel,782,,,1676329303
cancel,823,,,1676329303
cancel,1124,,,1676329303
newOrder,781,0,5349,1676329313
newOrder,822,1,5349,1676329313
cancel,781,,,1676329902
cancel,822,,,1676329902
newOrder,780,0,5321,1676329913
newOrder,821,1,5321,1676329913
cancel,780,,,1676330504
cancel,821,,,1676330504
newOrder,783,0,5401,1676330514
newOrder,824,1,5401,1676330514
cancel,783,,,1676331103
cancel,824,,,1676331103
newOrder,795,0,5697,1676331113
newOrder,836,1,5697,1676331113
cancel,795,,,1676331703
cancel,836,,,1676331703
newOrder,791,0,5594,1676331711
newOrder,832,1,5594,1676331711
cancel,791,,,1676332303
cancel,832,,,1676332303
newOrder,795,0,5685,1676332314
newOrder,836,1,5685,1676332314
cancel,795,,,1676332903
cancel,836,,,1676332903
newOrder,797,0,5758,1676332924
newOrder,839,1,5758,1676332924
cancel,797,,,1676333504
cancel,839,,,1676333504
newOrder,798,0,5770,1676333515
newOrder,839,1,5770,1676333515
cancel,798,,,1676334703
cancel,839,,,1676334703
newOrder,806,0,5972,1676334717
newOrder,848,1,5972,1676334717
cancel,806,,,1676335302
cancel,848,,,1676335302
newOrder,805,0,5951,1676335312
newOrder,847,1,5951,1676335312
cancel,805,,,1676335903
cancel,847,,,1676335903
newOrder,806,0,5973,1676335915
newOrder,848,1,5973,1676335915
cancel,806,,,1676336504
cancel,848,,,1676336504
newOrder,805,0,5942,1676336517
newOrder,847,1,5942,1676336517
cancel,805,,,1676337103
cancel,847,,,1676337103
newOrder,802,0,5871,1676337114
newOrder,844,1,5871,1676337114
cancel,802,,,1676337703
cancel,844,,,1676337703
newOrder,800,0,5803,1676337714
newOrder,842,1,5803,1676337714
cancel,800,,,1676338303
cancel,842,,,1676338303
newOrder,797,0,5716,1676338313
newOrder,838,1,5716,1676338313
cancel,797,,,1676338905
cancel,838,,,1676338905
newOrder,801,0,5817,1676338914
newOrder,842,1,5817,1676338914
cancel,801,,,1676339503
cancel,842,,,1676339503
newOrder,802,0,5846,1676339513
newOrder,844,1,5846,1676339513
cancel,802,,,1676340103
cancel,844,,,1676340103
newOrder,798,0,5745,1676340112
newOrder,840,1,5745,1676340112
cancel,798,,,1676340706
cancel,840,,,1676340706
newOrder,803,0,5866,1676340717
newOrder,845,1,5866,1676340717
cancel,803,,,1676341303
cancel,845,,,1676341303
newOrder,803,0,5869,1676341314
newOrder,845,1,5869,1676341314
cancel,803,,,1676341915
cancel,845,,,1676341915
newOrder,803,0,5864,1676341925
newOrder,845,1,5864,1676341925
cancel,803,,,1676342503
cancel,845,,,1676342503
newOrder,808,0,5982,1676342514
newOrder,849,1,5982,1676342514
cancel,808,,,1676343110
cancel,849,,,1676343110
newOrder,806,0,5938,1676343122
newOrder,848,1,5938,1676343122
cancel,806,,,1676343704
cancel,848,,,1676343704
newOrder,806,0,5926,1676343714
newOrder,848,1,5926,1676343714
cancel,806,,,1676344304
cancel,848,,,1676344304
newOrder,807,0,5954,1676344313
newOrder,849,1,5954,1676344313
cancel,807,,,1676344904
cancel,849,,,1676344904
newOrder,805,0,5912,1676344914
newOrder,847,1,5912,1676344914
cancel,805,,,1676345504
cancel,847,,,1676345504
newOrder,801,0,5788,1676345515
newOrder,842,1,5788,1676345515
cancel,801,,,1676346103
cancel,842,,,1676346103
newOrder,800,0,5767,1676346112
newOrder,842,1,5767,1676346112
cancel,800,,,1676346703
cancel,842,,,1676346703
newOrder,799,0,5725,1676346712
newOrder,840,1,5725,1676346712
cancel,799,,,1676347303
cancel,840,,,1676347303
newOrder,801,0,5777,1676347313
newOrder,842,1,5777,1676347313
cancel,801,,,1676347903
cancel,842,,,1676347903
newOrder,800,0,5744,1676347912
newOrder,841,1,5744,1676347912
cancel,800,,,1676348503
cancel,841,,,1676348503
newOrder,803,0,5839,1676348514
newOrder,845,1,5839,1676348514
cancel,803,,,1676349103
cancel,845,,,1676349103
newOrder,804,0,5851,1676349114
newOrder,846,1,5851,1676349114
cancel,804,,,1676349703
cancel,846,,,1676349703
newOrder,803,0,5839,1676349713
newOrder,845,1,5839,1676349713
cancel,803,,,1676350303
cancel,845,,,1676350303
newOrder,802,0,5810,1676350312
newOrder,844,1,5810,1676350312
cancel,802,,,1676350904
cancel,844,,,1676350904
newOrder,802,0,5804,1676350914
newOrder,844,1,5804,1676350914
cancel,802,,,1676351503
cancel,844,,,1676351503
newOrder,804,0,5846,1676351514
newOrder,846,1,5846,1676351514
cancel,804,,,1676352104
cancel,846,,,1676352104
newOrder,803,0,5817,1676352114
newOrder,845,1,5817,1676352114
cancel,803,,,1676352703
cancel,845,,,1676352703
newOrder,803,0,5822,1676352714
newOrder,845,1,5822,1676352714
cancel,803,,,1676353303
cancel,845,,,1676353303
newOrder,804,0,5847,1676353315
newOrder,846,1,5847,1676353315
cancel,804,,,1676353904
cancel,846,,,1676353904
newOrder,803,0,5795,1676353914
newOrder,844,1,5795,1676353914
cancel,803,,,1676354503
cancel,844,,,1676354503
newOrder,804,0,5841,1676354513
newOrder,846,1,5841,1676354513
cancel,804,,,1676355102
cancel,846,,,1676355102
newOrder,804,0,5834,1676355114
newOrder,846,1,5834,1676355114
cancel,804,,,1676355703
cancel,846,,,1676355703
newOrder,804,0,5827,1676355716
newOrder,846,1,5827,1676355716
newOrder,766,0,10906,1676355716
newOrder,1124,1,23308,1676355716
cancel,766,,,1676356303
cancel,804,,,1676356303
cancel,846,,,1676356303
cancel,1124,,,1676356303
newOrder,804,0,5822,1676356315
newOrder,846,1,5822,1676356315
newOrder,766,0,10878,1676356315
newOrder,1124,1,23289,1676356315
cancel,766,,,1676356903
cancel,804,,,1676356903
cancel,846,,,1676356903
cancel,1124,,,1676356903
newOrder,804,0,5831,1676356914
newOrder,846,1,5831,1676356914
newOrder,766,0,11008,1676356914
newOrder,1124,1,23323,1676356914
cancel,766,,,1676357503
cancel,804,,,1676357503
cancel,846,,,1676357503
cancel,1124,,,1676357503
newOrder,805,0,5849,1676357515
newOrder,847,1,5849,1676357515
newOrder,766,0,11257,1676357515
newOrder,1124,1,23398,1676357515
cancel,766,,,1676358104
cancel,805,,,1676358104
cancel,847,,,1676358104
cancel,1124,,,1676358104
newOrder,806,0,5878,1676358115
newOrder,848,1,5878,1676358115
newOrder,766,0,11619,1676358115
newOrder,1124,1,23511,1676358115
cancel,766,,,1676358703
cancel,806,,,1676358703
cancel,848,,,1676358703
cancel,1124,,,1676358703
newOrder,809,0,5937,1676358713
newOrder,851,1,5937,1676358713
cancel,809,,,1676359303
cancel,851,,,1676359303
newOrder,808,0,5902,1676359314
newOrder,849,1,5902,1676359314
cancel,808,,,1676359903
cancel,849,,,1676359903
newOrder,808,0,5908,1676359913
newOrder,850,1,5908,1676359913
cancel,808,,,1676360503
cancel,850,,,1676360503
newOrder,808,0,5916,1676360514
newOrder,850,1,5916,1676360514
cancel,808,,,1676361103
cancel,850,,,1676361103
newOrder,808,0,5906,1676361112
newOrder,850,1,5906,1676361112
cancel,808,,,1676361702
cancel,850,,,1676361702
newOrder,808,0,5908,1676361713
newOrder,850,1,5908,1676361713
cancel,808,,,1676362303
cancel,850,,,1676362303
newOrder,805,0,5824,1676362313
newOrder,847,1,5824,1676362313
cancel,805,,,1676363503
cancel,847,,,1676363503
newOrder,799,0,5665,1676363513
newOrder,841,1,5665,1676363513
cancel,799,,,1676364104
cancel,841,,,1676364104
newOrder,796,0,5568,1676364114
newOrder,837,1,5568,1676364114
cancel,796,,,1676364703
cancel,837,,,1676364703
newOrder,800,0,5676,1676364713
newOrder,842,1,5676,1676364713
cancel,800,,,1676365303
cancel,842,,,1676365303
newOrder,798,0,5623,1676365314
newOrder,840,1,5623,1676365314
cancel,798,,,1676365903
cancel,840,,,1676365903
newOrder,801,0,5681,1676365913
newOrder,842,1,5681,1676365913
cancel,801,,,1676366504
cancel,842,,,1676366504
newOrder,802,0,5708,1676366511
newOrder,843,1,5708,1676366511
cancel,802,,,1676367103
cancel,843,,,1676367103
newOrder,801,0,5695,1676367113
newOrder,843,1,5695,1676367113
cancel,801,,,1676367703
cancel,843,,,1676367703
newOrder,802,0,5717,1676367715
newOrder,844,1,5717,1676367715
cancel,802,,,1676368304
cancel,844,,,1676368304
newOrder,808,0,5877,1676368320
newOrder,850,1,5877,1676368320
cancel,808,,,1676368907
cancel,850,,,1676368907
newOrder,811,0,5943,1676368923
newOrder,853,1,5943,1676368923
cancel,811,,,1676369504
cancel,853,,,1676369504
newOrder,812,0,5975,1676369513
newOrder,854,1,5975,1676369513
cancel,812,,,1676370103
cancel,854,,,1676370103
newOrder,812,0,5963,1676370111
newOrder,854,1,5963,1676370111
cancel,812,,,1676370704
cancel,854,,,1676370704
newOrder,816,0,6085,1676370714
newOrder,859,1,6085,1676370714
cancel,816,,,1676371303
cancel,859,,,1676371303
newOrder,818,0,6123,1676371314
newOrder,860,1,6123,1676371314
cancel,818,,,1676371902
cancel,860,,,1676371902
newOrder,813,0,5989,1676371912
newOrder,855,1,5989,1676371912
cancel,813,,,1676372503
cancel,855,,,1676372503
newOrder,815,0,6040,1676372513
newOrder,857,1,6040,1676372513
cancel,815,,,1676373103
cancel,857,,,1676373103
newOrder,813,0,5993,1676373113
newOrder,856,1,5993,1676373113
cancel,813,,,1676373703
cancel,856,,,1676373703
newOrder,812,0,5964,1676373713
newOrder,855,1,5964,1676373713
cancel,812,,,1676374303
cancel,855,,,1676374303
newOrder,814,0,6010,1676374314
newOrder,857,1,6010,1676374314
cancel,814,,,1676374904
cancel,857,,,1676374904
newOrder,813,0,5966,1676374915
newOrder,855,1,5966,1676374915
cancel,813,,,1676375504
cancel,855,,,1676375504
newOrder,811,0,5913,1676375513
newOrder,853,1,5913,1676375513
cancel,811,,,1676376103
cancel,853,,,1676376103
newOrder,810,0,5874,1676376113
newOrder,852,1,5874,1676376113