instruction,price,side,qty,time
cancel,387,,,1685189424
cancel,394,,,1685189424
newOrder,387,0,2084,1685189448
newOrder,394,1,2084,1685189448
cancel,387,,,1685190025
cancel,394,,,1685190025
newOrder,387,0,2083,1685190049
newOrder,394,1,2083,1685190049
cancel,387,,,1685190624
cancel,394,,,1685190624
newOrder,387,0,2085,1685190649
newOrder,394,1,2085,1685190649
cancel,387,,,1685191224
cancel,394,,,1685191224
newOrder,387,0,2085,1685191251
newOrder,394,1,2085,1685191251
cancel,387,,,1685191824
cancel,394,,,1685191824
newOrder,387,0,2084,1685191851
newOrder,394,1,2084,1685191851
cancel,387,,,1685192424
cancel,394,,,1685192424
newOrder,387,0,2084,1685192450
newOrder,394,1,2084,1685192450
cancel,387,,,1685193026
cancel,394,,,1685193026
newOrder,387,0,2086,1685193050
newOrder,394,1,2086,1685193050
cancel,387,,,1685193628
cancel,394,,,1685193628
newOrder,387,0,2086,1685193655
newOrder,394,1,2086,1685193655
cancel,387,,,1685194224
cancel,394,,,1685194224
newOrder,388,0,2087,1685194249
newOrder,395,1,2087,1685194249
cancel,388,,,1685194822
cancel,395,,,1685194822
newOrder,387,0,2086,1685194851
newOrder,394,1,2086,1685194851
cancel,387,,,1685195424
cancel,394,,,1685195424
newOrder,388,0,2087,1685195449
newOrder,395,1,2087,1685195449
cancel,388,,,1685196024
cancel,395,,,1685196024
newOrder,387,0,2085,1685196049
newOrder,394,1,2085,1685196049
cancel,387,,,1685196624
cancel,394,,,1685196624
newOrder,387,0,2086,1685196652
newOrder,394,1,2086,1685196652
cancel,387,,,1685197224
cancel,394,,,1685197224
newOrder,387,0,2086,1685197248
newOrder,394,1,2086,1685197248
cancel,387,,,1685197824
cancel,394,,,1685197824
newOrder,386,0,2083,1685197853
newOrder,393,1,2083,1685197853
cancel,386,,,1685198425
cancel,393,,,1685198425
newOrder,387,0,2087,1685198450
newOrder,394,1,2087,1685198450
cancel,387,,,1685199026
cancel,394,,,1685199026
newOrder,387,0,2085,1685199051
newOrder,394,1,2085,1685199051
cancel,387,,,1685199624
cancel,394,,,1685199624
newOrder,386,0,2084,1685199648
newOrder,393,1,2084,1685199648
cancel,386,,,1685200226
cancel,393,,,1685200226
newOrder,386,0,2083,1685200254
newOrder,393,1,2083,1685200254
newOrder,327,0,9839,1685200254
newOrder,550,1,9839,1685200254
cancel,327,,,1685200824
cancel,386,,,1685200824
cancel,393,,,1685200824
cancel,550,,,1685200824
newOrder,386,0,2084,1685200851
newOrder,393,1,2084,1685200851
newOrder,387,0,161,1685200851
cancel,386,,,1685201424
cancel,387,,,1685201424
cancel,393,,,1685201424
newOrder,386,0,2082,1685201450
newOrder,393,1,2082,1685201450
cancel,386,,,1685202025
cancel,393,,,1685202025
newOrder,386,0,2082,1685202052
newOrder,393,1,2082,1685202052
cancel,386,,,1685202626
cancel,393,,,1685202626
newOrder,386,0,2083,1685202651
newOrder,393,1,2083,1685202651
cancel,386,,,1685203226
cancel,393,,,1685203226
newOrder,387,0,2086,1685203254
newOrder,394,1,2086,1685203254
cancel,387,,,1685203826
cancel,394,,,1685203826
newOrder,386,0,2085,1685203851
newOrder,393,1,2085,1685203851
newOrder,327,0,6661,1685203851
newOrder,551,1,6661,1685203851
cancel,327,,,1685204425
cancel,386,,,1685204425
cancel,393,,,1685204425
cancel,551,,,1685204425
newOrder,386,0,2084,1685204452
newOrder,393,1,2084,1685204452
cancel,386,,,1685205025
cancel,393,,,1685205025
newOrder,386,0,2085,1685205052
newOrder,393,1,2085,1685205052
newOrder,327,0,9686,1685205052
newOrder,551,1,9686,1685205052
cancel,327,,,1685205625
cancel,386,,,1685205625
cancel,393,,,1685205625
cancel,551,,,1685205625
newOrder,386,0,2083,1685205655
newOrder,393,1,2083,1685205655
newOrder,327,0,4414,1685205655
newOrder,550,1,4414,1685205655
cancel,327,,,1685206224
cancel,386,,,1685206224
cancel,393,,,1685206224
cancel,550,,,1685206224
newOrder,385,0,2082,1685206252
newOrder,392,1,2082,1685206252
newOrder,327,0,9922,1685206252
newOrder,549,1,9922,1685206252
cancel,327,,,1685206825
cancel,385,,,1685206825
cancel,392,,,1685206825
cancel,549,,,1685206825
newOrder,385,0,2082,1685206850
newOrder,392,1,2082,1685206850
cancel,385,,,1685207426
cancel,392,,,1685207426
newOrder,386,0,2087,1685207454
newOrder,393,1,2087,1685207454
cancel,386,,,1685208025
cancel,393,,,1685208025
newOrder,386,0,2085,1685208053
newOrder,393,1,2085,1685208053
cancel,386,,,1685208625
cancel,393,,,1685208625
newOrder,386,0,2087,1685208665
newOrder,393,1,2087,1685208665
cancel,386,,,1685209226
cancel,393,,,1685209226
newOrder,387,0,2091,1685209261
newOrder,394,1,2091,1685209261
cancel,387,,,1685209824
cancel,394,,,1685209824
newOrder,388,0,2095,1685209855
newOrder,395,1,2095,1685209855
cancel,388,,,1685210428
cancel,395,,,1685210428
newOrder,390,0,2100,1685210456
newOrder,397,1,2100,1685210456
newOrder,556,1,10018,1685210456
cancel,390,,,1685211024
cancel,397,,,1685211024
cancel,556,,,1685211024
newOrder,390,0,2102,1685211050
newOrder,397,1,2102,1685211050
newOrder,556,1,2372,1685211050
cancel,390,,,1685211624
cancel,397,,,1685211624
cancel,556,,,1685211624
newOrder,393,0,2111,1685211651
newOrder,400,1,2111,1685211651
newOrder,560,1,4750,1685211651
cancel,393,,,1685212224
cancel,400,,,1685212224
cancel,560,,,1685212224
newOrder,396,0,2121,1685212254
newOrder,403,1,2121,1685212254
newOrder,396,0,305,1685212254
newOrder,564,1,7896,1685212254
cancel,396,,,1685212825
cancel,396,,,1685212825
cancel,403,,,1685212825
cancel,564,,,1685212825
newOrder,398,0,2129,1685212854
newOrder,405,1,2129,1685212854
newOrder,567,1,8389,1685212854
cancel,398,,,1685213425
cancel,405,,,1685213425
cancel,567,,,1685213425
newOrder,400,0,2136,1685213452
newOrder,408,1,2136,1685213452
newOrder,571,1,1819,1685213452
cancel,400,,,1685214027
cancel,408,,,1685214027
cancel,571,,,1685214027
newOrder,401,0,2140,1685214058
newOrder,409,1,2140,1685214058
newOrder,402,0,246,1685214058
newOrder,572,1,5966,1685214058
cancel,401,,,1685214624
cancel,402,,,1685214624
cancel,409,,,1685214624
cancel,572,,,1685214624
newOrder,402,0,2142,1685214651
newOrder,409,1,2142,1685214651
newOrder,403,0,19,1685214651
newOrder,573,1,7831,1685214651
cancel,402,,,1685215225
cancel,403,,,1685215225
cancel,409,,,1685215225
cancel,573,,,1685215225
newOrder,405,0,2151,1685215257
newOrder,413,1,2151,1685215257
newOrder,578,1,1667,1685215257
cancel,405,,,1685215826
cancel,413,,,1685215826
cancel,578,,,1685215826
newOrder,408,0,2157,1685215856
newOrder,415,1,2157,1685215856
newOrder,581,1,1771,1685215856
cancel,408,,,1685216132
cancel,581,,,1685216132
newOrder,411,0,2165,1685216143
newOrder,419,1,2165,1685216143
newOrder,587,1,10864,1685216143
cancel,411,,,1685216425
cancel,419,,,1685216425
cancel,587,,,1685216425
newOrder,414,0,2171,1685216452
newOrder,421,1,2171,1685216452
newOrder,590,1,5693,1685216452
cancel,414,,,1685216559
cancel,590,,,1685216559
newOrder,417,0,2178,1685216568
newOrder,425,1,2178,1685216568
newOrder,328,0,7430,1685216568
newOrder,595,1,7430,1685216568
cancel,328,,,1685217027
cancel,417,,,1685217027
cancel,425,,,1685217027
cancel,595,,,1685217027
newOrder,420,0,2183,1685217057
newOrder,428,1,2183,1685217057
newOrder,420,0,618,1685217057
newOrder,599,1,7104,1685217057
cancel,420,,,1685217626
cancel,420,,,1685217626
cancel,428,,,1685217626
cancel,599,,,1685217626
newOrder,423,0,2188,1685217658
newOrder,431,1,2188,1685217658
newOrder,603,1,4987,1685217658
cancel,423,,,1685218224
cancel,431,,,1685218224
cancel,603,,,1685218224
newOrder,424,0,2189,1685218250
newOrder,432,1,2189,1685218250
cancel,424,,,1685218515
newOrder,428,0,2195,1685218522
newOrder,436,1,2195,1685218522
cancel,428,,,1685218733
newOrder,431,0,2199,1685218742
newOrder,441,1,2199,1685218742
newOrder,617,1,5357,1685218742
cancel,431,,,1685218828
cancel,441,,,1685218828
cancel,617,,,1685218828
newOrder,436,0,2202,1685218858
newOrder,444,1,2202,1685218858
newOrder,447,1,2180,1685218858
cancel,436,,,1685219152
newOrder,440,0,2204,1685219159
newOrder,448,1,2204,1685219159
cancel,440,,,1685219292
cancel,448,,,1685219292
newOrder,443,0,2206,1685219303
newOrder,453,1,2206,1685219303
newOrder,455,1,2203,1685219303
cancel,443,,,1685219426
cancel,453,,,1685219426
cancel,455,,,1685219426
newOrder,448,0,2206,1685219454
newOrder,456,1,2206,1685219454
newOrder,456,1,567,1685219454
cancel,448,,,1685219487
newOrder,452,0,2206,1685219494
newOrder,460,1,2206,1685219494
newOrder,452,0,502,1685219494
cancel,452,,,1685219658
cancel,460,,,1685219658
newOrder,447,0,2206,1685219669
newOrder,457,1,2206,1685219669
newOrder,433,0,7670,1685219669
newOrder,640,1,7670,1685219669
cancel,433,,,1685219757
cancel,447,,,1685219757
cancel,457,,,1685219757
cancel,640,,,1685219757
newOrder,442,0,2206,1685219766
newOrder,452,1,2206,1685219766
newOrder,442,0,1109,1685219766
newOrder,633,1,8911,1685219766
cancel,452,,,1685219773
cancel,633,,,1685219773
newOrder,436,0,2204,1685219781
newOrder,448,1,2204,1685219781
newOrder,627,1,2534,1685219781
cancel,436,,,1685220026
cancel,448,,,1685220026
cancel,627,,,1685220026
newOrder,439,0,2204,1685220060
newOrder,447,1,2204,1685220060
newOrder,440,0,191,1685220060
cancel,439,,,1685220627
cancel,440,,,1685220627
cancel,447,,,1685220627
newOrder,441,0,2205,1685220653
newOrder,449,1,2205,1685220653
newOrder,442,0,138,1685220653
cancel,441,,,1685221021
cancel,442,,,1685221021
newOrder,445,0,2207,1685221028
newOrder,453,1,2207,1685221028
newOrder,456,1,2195,1685221028
cancel,445,,,1685221227
cancel,453,,,1685221227
cancel,456,,,1685221227
newOrder,446,0,2207,1685221255
newOrder,454,1,2207,1685221255
newOrder,456,1,1825,1685221255
cancel,446,,,1685221403
cancel,456,,,1685221403
newOrder,450,0,2207,1685221413
newOrder,458,1,2207,1685221413
newOrder,450,0,514,1685221413
cancel,450,,,1685221616
cancel,450,,,1685221616
newOrder,453,0,2206,1685221622
newOrder,463,1,2206,1685221622
newOrder,466,1,2647,1685221622
cancel,453,,,1685221827
cancel,463,,,1685221827
cancel,466,,,1685221827
newOrder,456,0,2205,1685221855
newOrder,465,1,2205,1685221855
cancel,465,,,1685222201
newOrder,452,0,2207,1685222211
newOrder,460,1,2207,1685222211
newOrder,645,1,9604,1685222211
cancel,452,,,1685222425
cancel,460,,,1685222425
cancel,645,,,1685222425
newOrder,455,0,2206,1685222451
newOrder,463,1,2206,1685222451
cancel,463,,,1685222952
newOrder,451,0,2208,1685222959
newOrder,459,1,2208,1685222959
cancel,451,,,1685223024
cancel,459,,,1685223024
newOrder,453,0,2207,1685223049
newOrder,461,1,2207,1685223049
cancel,453,,,1685223334
newOrder,456,0,2206,1685223344
newOrder,466,1,2206,1685223344
newOrder,474,1,4108,1685223344
cancel,456,,,1685223431
cancel,474,,,1685223431
newOrder,461,0,2203,1685223439
newOrder,471,1,2203,1685223439
newOrder,462,0,443,1685223439
cancel,461,,,1685223457
cancel,462,,,1685223457
newOrder,466,0,2199,1685223467
newOrder,476,1,2199,1685223467
newOrder,464,0,1982,1685223467
cancel,464,,,1685223625
cancel,466,,,1685223625
cancel,476,,,1685223625
newOrder,465,0,2201,1685223655
newOrder,473,1,2201,1685223655
cancel,465,,,1685223762
newOrder,468,0,2197,1685223770
newOrder,478,1,2197,1685223770
cancel,468,,,1685224225
cancel,478,,,1685224225
newOrder,470,0,2196,1685224251
newOrder,478,1,2196,1685224251
cancel,470,,,1685224342
newOrder,473,0,2192,1685224351
newOrder,483,1,2192,1685224351
newOrder,474,0,375,1685224351
newOrder,484,1,1401,1685224351
cancel,473,,,1685224556
cancel,474,,,1685224556
cancel,484,,,1685224556
newOrder,478,0,2185,1685224564
newOrder,488,1,2185,1685224564
newOrder,488,1,853,1685224564
cancel,478,,,1685224635
newOrder,482,0,2177,1685224644
newOrder,494,1,2177,1685224644
newOrder,495,1,1818,1685224644
cancel,482,,,1685224825
cancel,494,,,1685224825
cancel,495,,,1685224825
newOrder,485,0,2174,1685224854
newOrder,494,1,2174,1685224854
newOrder,480,0,3097,1685224854
cancel,480,,,1685225014
cancel,494,,,1685225014
newOrder,480,0,2182,1685225030
newOrder,490,1,2182,1685225030
newOrder,489,1,336,1685225030
cancel,480,,,1685225342
newOrder,485,0,2174,1685225350
newOrder,495,1,2174,1685225350
newOrder,481,0,2251,1685225350
newOrder,693,1,2251,1685225350
cancel,481,,,1685225426
cancel,485,,,1685225426
cancel,495,,,1685225426
cancel,693,,,1685225426
newOrder,481,0,2182,1685225456
newOrder,489,1,2182,1685225456
newOrder,480,0,807,1685225456
newOrder,685,1,9244,1685225456
cancel,480,,,1685225551
cancel,481,,,1685225551
cancel,685,,,1685225551
newOrder,484,0,2176,1685225559
newOrder,494,1,2176,1685225559
newOrder,481,0,2307,1685225559
newOrder,679,1,3302,1685225559
cancel,481,,,1685225644
cancel,484,,,1685225644
cancel,494,,,1685225644
cancel,679,,,1685225644
newOrder,489,0,2167,1685225654
newOrder,499,1,2167,1685225654
newOrder,487,0,1761,1685225654
newOrder,699,1,10624,1685225654
cancel,481,,,1685225706
cancel,484,,,1685225706
cancel,487,,,1685225706
cancel,489,,,1685225706
cancel,679,,,1685225706
cancel,699,,,1685225706
newOrder,493,0,2157,1685225714
newOrder,505,1,2157,1685225714
newOrder,486,0,4617,1685225714
newOrder,689,1,10976,1685225714
cancel,486,,,1685225793
cancel,493,,,1685225793
cancel,689,,,1685225793
newOrder,499,0,2143,1685225802
newOrder,511,1,2143,1685225802
newOrder,495,0,3083,1685225802
newOrder,689,1,10638,1685225802
cancel,495,,,1685225855
cancel,499,,,1685225855
cancel,689,,,1685225855
newOrder,504,0,2129,1685225868
newOrder,518,1,2129,1685225868
newOrder,689,1,3001,1685225868
cancel,504,,,1685225880
cancel,518,,,1685225880
cancel,689,,,1685225880
newOrder,511,0,2111,1685225891
newOrder,525,1,2111,1685225891
newOrder,505,0,4275,1685225891
newOrder,689,1,9771,1685225891
cancel,505,,,1685225928
cancel,511,,,1685225928
cancel,689,,,1685225928
newOrder,517,0,2091,1685225940
newOrder,533,1,2091,1685225940
newOrder,511,0,3835,1685225940
newOrder,689,1,3835,1685225940
cancel,511,,,1685225957
cancel,517,,,1685225957
cancel,533,,,1685225957
cancel,689,,,1685225957
newOrder,524,0,2066,1685225969
newOrder,542,1,2066,1685225969
newOrder,518,0,2907,1685225969
newOrder,688,1,2907,1685225969
cancel,511,,,1685226026
cancel,517,,,1685226026
cancel,518,,,1685226026
cancel,524,,,1685226026
cancel,542,,,1685226026
cancel,688,,,1685226026
cancel,689,,,1685226026
newOrder,524,0,2079,1685226058
newOrder,534,1,2079,1685226058
newOrder,513,0,5409,1685226058
newOrder,689,1,10299,1685226058
cancel,513,,,1685226149
cancel,534,,,1685226149
cancel,689,,,1685226149
newOrder,519,0,2094,1685226165
newOrder,529,1,2094,1685226165
newOrder,402,0,10512,1685226165
newOrder,689,1,10512,1685226165
cancel,402,,,1685226222
cancel,519,,,1685226222
cancel,529,,,1685226222
cancel,689,,,1685226222
newOrder,523,0,2079,1685226233
newOrder,535,1,2079,1685226233
newOrder,520,0,2320,1685226233
newOrder,689,1,9541,1685226233
cancel,520,,,1685226342
cancel,523,,,1685226342
cancel,535,,,1685226342
cancel,689,,,1685226342
newOrder,529,0,2060,1685226350
newOrder,541,1,2060,1685226350
newOrder,525,0,2682,1685226350
newOrder,689,1,4055,1685226350
cancel,525,,,1685226496
cancel,529,,,1685226496
cancel,541,,,1685226496
cancel,689,,,1685226496
newOrder,534,0,2041,1685226506
newOrder,548,1,2041,1685226506
newOrder,533,0,1760,1685226506
newOrder,689,1,3445,1685226506
cancel,533,,,1685226556
cancel,534,,,1685226556
cancel,548,,,1685226556
cancel,689,,,1685226556
newOrder,541,0,2017,1685226566
newOrder,555,1,2017,1685226566
newOrder,534,0,4163,1685226566
newOrder,689,1,6647,1685226566
cancel,534,,,1685226626
cancel,541,,,1685226626
cancel,555,,,1685226626
cancel,689,,,1685226626
newOrder,547,0,2005,1685226658
newOrder,556,1,2005,1685226658
newOrder,547,0,211,1685226658
newOrder,689,1,2529,1685226658
cancel,547,,,1685226765
cancel,547,,,1685226765
cancel,689,,,1685226765
newOrder,551,0,1988,1685226773
newOrder,561,1,1988,1685226773
newOrder,689,1,1283,1685226773
cancel,551,,,1685226842
cancel,689,,,1685226842
newOrder,555,0,1970,1685226857
newOrder,567,1,1970,1685226857
newOrder,689,1,7614,1685226857
cancel,555,,,1685226870
cancel,689,,,1685226870
newOrder,560,0,1947,1685226881
newOrder,574,1,1947,1685226881
newOrder,689,1,3780,1685226881
cancel,560,,,1685226898
cancel,689,,,1685226898
newOrder,567,0,1920,1685226908
newOrder,581,1,1920,1685226908
newOrder,689,1,6240,1685226908
cancel,567,,,1685226940
cancel,689,,,1685226940
newOrder,573,0,1892,1685226948
newOrder,589,1,1892,1685226948
newOrder,572,0,1754,1685226948
newOrder,689,1,5528,1685226948
newOrder,581,0,1860,1685226978
newOrder,597,1,1860,1685226978
newOrder,688,1,7193,1685226978
cancel,572,,,1685227008
cancel,573,,,1685227008
cancel,581,,,1685227008
cancel,688,,,1685227008
cancel,689,,,1685227008
newOrder,588,0,1827,1685227019
newOrder,606,1,1827,1685227019
newOrder,689,1,4464,1685227019
cancel,606,,,1685227113
cancel,689,,,1685227113
newOrder,579,0,1864,1685227123
newOrder,597,1,1864,1685227123
newOrder,579,0,1685,1685227123
newOrder,607,1,5233,1685227123
cancel,579,,,1685227164
cancel,597,,,1685227164
cancel,607,,,1685227164
newOrder,569,0,1900,1685227176
newOrder,589,1,1900,1685227176
newOrder,562,0,4713,1685227176
newOrder,599,1,5815,1685227176
cancel,562,,,1685227227
cancel,569,,,1685227227
cancel,589,,,1685227227
cancel,599,,,1685227227
newOrder,575,0,1895,1685227257
newOrder,586,1,1895,1685227257
newOrder,588,1,1276,1685227257
cancel,575,,,1685227281
cancel,588,,,1685227281
newOrder,580,0,1872,1685227301
newOrder,592,1,1872,1685227301
newOrder,580,0,631,1685227301
newOrder,606,1,5638,1685227301
cancel,580,,,1685227352
cancel,580,,,1685227352
cancel,606,,,1685227352
newOrder,586,0,1848,1685227360
newOrder,598,1,1848,1685227360
newOrder,576,0,4092,1685227360
cancel,576,,,1685227396
cancel,586,,,1685227396
cancel,598,,,1685227396
newOrder,579,0,1872,1685227405
newOrder,593,1,1872,1685227405
newOrder,562,0,7069,1685227405
cancel,562,,,1685227431
cancel,579,,,1685227431
cancel,593,,,1685227431
newOrder,572,0,1900,1685227441
newOrder,586,1,1900,1685227441
newOrder,567,0,2876,1685227441
newOrder,586,1,1039,1685227441
cancel,567,,,1685227618
cancel,572,,,1685227618
cancel,586,,,1685227618
newOrder,578,0,1872,1685227625
newOrder,594,1,1872,1685227625
cancel,594,,,1685227670
newOrder,570,0,1905,1685227679
newOrder,586,1,1905,1685227679
cancel,570,,,1685227825
cancel,586,,,1685227825
newOrder,564,0,1938,1685227853
newOrder,575,1,1938,1685227853
newOrder,547,0,3050,1685227853
cancel,547,,,1685227893
cancel,564,,,1685227893
cancel,575,,,1685227893
newOrder,558,0,1959,1685227902
newOrder,570,1,1959,1685227902
newOrder,552,0,3096,1685227902
newOrder,569,1,374,1685227902
cancel,552,,,1685227941
cancel,569,,,1685227941
cancel,570,,,1685227941
newOrder,552,0,1981,1685227949
newOrder,564,1,1981,1685227949
newOrder,550,0,1596,1685227949
cancel,550,,,1685228056
cancel,564,,,1685228056
newOrder,546,0,2003,1685228064
newOrder,558,1,2003,1685228064
newOrder,583,1,1941,1685228064
cancel,546,,,1685228068
cancel,583,,,1685228068
newOrder,551,0,1981,1685228079
newOrder,565,1,1981,1685228079
newOrder,592,1,9733,1685228079
cancel,551,,,1685228096
cancel,592,,,1685228096
newOrder,557,0,1955,1685228103
newOrder,573,1,1955,1685228103
newOrder,555,0,2306,1685228103
newOrder,589,1,6717,1685228103
cancel,555,,,1685228137
cancel,557,,,1685228137
cancel,589,,,1685228137
newOrder,565,0,1924,1685228146
newOrder,581,1,1924,1685228146
newOrder,564,0,1835,1685228146
cancel,564,,,1685228186
cancel,581,,,1685228186
newOrder,556,0,1955,1685228192
newOrder,574,1,1955,1685228192
cancel,556,,,1685228425
cancel,574,,,1685228425
newOrder,553,0,1983,1685228454
newOrder,563,1,1983,1685228454
newOrder,535,0,6361,1685228454
newOrder,565,1,1327,1685228454
cancel,535,,,1685228457
cancel,553,,,1685228457
cancel,565,,,1685228457
newOrder,557,0,1963,1685228468
newOrder,569,1,1963,1685228468
newOrder,532,0,1248,1685228468
cancel,532,,,1685228494
cancel,557,,,1685228494
cancel,569,,,1685228494
newOrder,551,0,1985,1685228504
newOrder,563,1,1985,1685228504
newOrder,539,0,1371,1685228504
cancel,539,,,1685228543
cancel,563,,,1685228543
newOrder,545,0,2007,1685228550
newOrder,557,1,2007,1685228550
newOrder,543,0,1663,1685228550
cancel,543,,,1685228625
cancel,557,,,1685228625
newOrder,538,0,2028,1685228633
newOrder,552,1,2028,1685228633
newOrder,537,0,1721,1685228633
cancel,552,,,1685228749
newOrder,531,0,2051,1685228755
newOrder,545,1,2051,1685228755
cancel,531,,,1685229025
cancel,545,,,1685229025
newOrder,532,0,2057,1685229054
newOrder,541,1,2057,1685229054
newOrder,532,0,277,1685229054
newOrder,689,1,8588,1685229054
cancel,532,,,1685229079
cancel,532,,,1685229079
cancel,541,,,1685229079
cancel,689,,,1685229079
newOrder,536,0,2042,1685229088
newOrder,546,1,2042,1685229088
newOrder,536,0,493,1685229088
newOrder,689,1,8768,1685229088
cancel,536,,,1685229443
cancel,536,,,1685229443
cancel,546,,,1685229443
cancel,689,,,1685229443
newOrder,540,0,2025,1685229456
newOrder,552,1,2025,1685229456
newOrder,541,0,466,1685229456
newOrder,689,1,4054,1685229456
cancel,540,,,1685229565
cancel,541,,,1685229565
cancel,689,,,1685229565
newOrder,546,0,2004,1685229575
newOrder,558,1,2004,1685229575
newOrder,546,0,841,1685229575
newOrder,689,1,5392,1685229575
cancel,546,,,1685229625
cancel,546,,,1685229625
cancel,558,,,1685229625
cancel,689,,,1685229625
newOrder,553,0,1984,1685229657
newOrder,563,1,1984,1685229657
newOrder,550,0,1437,1685229657
newOrder,581,1,7738,1685229657
cancel,550,,,1685229723
cancel,553,,,1685229723
cancel,581,,,1685229723
newOrder,557,0,1964,1685229731
newOrder,569,1,1964,1685229731
newOrder,574,1,2721,1685229731
cancel,557,,,1685229774
cancel,574,,,1685229774
newOrder,563,0,1941,1685229783
newOrder,575,1,1941,1685229783
newOrder,575,1,732,1685229783
cancel,563,,,1685229832
newOrder,568,0,1917,1685229842
newOrder,582,1,1917,1685229842
newOrder,402,0,10124,1685229842
newOrder,689,1,10124,1685229842
cancel,402,,,1685229950
cancel,568,,,1685229950
cancel,582,,,1685229950
cancel,689,,,1685229950
newOrder,561,0,1945,1685229961
newOrder,575,1,1945,1685229961
newOrder,545,0,6386,1685229961
newOrder,578,1,2271,1685229961
cancel,545,,,1685230151
cancel,575,,,1685230151
cancel,578,,,1685230151
newOrder,553,0,1971,1685230159
newOrder,569,1,1971,1685230159
newOrder,548,0,2070,1685230159
cancel,548,,,1685230226
cancel,553,,,1685230226
cancel,569,,,1685230226
newOrder,555,0,1974,1685230259
newOrder,565,1,1974,1685230259
newOrder,550,0,2424,1685230259
newOrder,689,1,3278,1685230259
cancel,550,,,1685230596
cancel,555,,,1685230596
cancel,689,,,1685230596
newOrder,559,0,1956,1685230605
newOrder,571,1,1956,1685230605
newOrder,557,0,1532,1685230605
newOrder,689,1,9706,1685230605
cancel,557,,,1685230797
cancel,559,,,1685230797
cancel,689,,,1685230797
newOrder,565,0,1933,1685230804
newOrder,577,1,1933,1685230804
newOrder,689,1,3774,1685230804
cancel,565,,,1685230825
cancel,577,,,1685230825
cancel,689,,,1685230825
newOrder,566,0,1933,1685230854
newOrder,576,1,1933,1685230854
newOrder,689,1,7871,1685230854
cancel,566,,,1685231169
cancel,576,,,1685231169
cancel,689,,,1685231169
newOrder,560,0,1953,1685231179
newOrder,572,1,1953,1685231179
newOrder,561,0,365,1685231179
newOrder,689,1,2269,1685231179
cancel,560,,,1685231426
cancel,561,,,1685231426
cancel,572,,,1685231426
cancel,689,,,1685231426
newOrder,556,0,1971,1685231456
newOrder,566,1,1971,1685231456
newOrder,552,0,2004,1685231456
newOrder,689,1,3238,1685231456
cancel,552,,,1685231623
cancel,556,,,1685231623
cancel,566,,,1685231623
cancel,689,,,1685231623
newOrder,551,0,1990,1685231632
newOrder,561,1,1990,1685231632
newOrder,528,0,3661,1685231632
newOrder,689,1,3661,1685231632
cancel,528,,,1685231690
cancel,551,,,1685231690
cancel,561,,,1685231690
cancel,689,,,1685231690
newOrder,545,0,2008,1685231700
newOrder,557,1,2008,1685231700
newOrder,535,0,4661,1685231700
newOrder,689,1,4661,1685231700
cancel,535,,,1685232025
cancel,545,,,1685232025
cancel,557,,,1685232025
cancel,689,,,1685232025
newOrder,546,0,2008,1685232054
newOrder,556,1,2008,1685232054
newOrder,537,0,4110,1685232054
newOrder,689,1,5955,1685232054
cancel,537,,,1685232183
cancel,546,,,1685232183
cancel,556,,,1685232183
cancel,689,,,1685232183
newOrder,541,0,2026,1685232193
newOrder,551,1,2026,1685232193
newOrder,538,0,1712,1685232193
newOrder,689,1,4727,1685232193
cancel,538,,,1685232255
cancel,551,,,1685232255
cancel,689,,,1685232255
newOrder,535,0,2043,1685232266
newOrder,547,1,2043,1685232266
newOrder,532,0,2184,1685232266
newOrder,689,1,6345,1685232266
cancel,547,,,1685232552
cancel,689,,,1685232552
newOrder,529,0,2063,1685232563
newOrder,541,1,2063,1685232563
newOrder,528,0,1390,1685232563
newOrder,689,1,8221,1685232563
cancel,541,,,1685232605
cancel,689,,,1685232605
newOrder,522,0,2082,1685232618
newOrder,536,1,2082,1685232618
newOrder,515,0,2922,1685232618
newOrder,689,1,2922,1685232618
cancel,515,,,1685232625
cancel,522,,,1685232625
cancel,536,,,1685232625
cancel,689,,,1685232625
newOrder,525,0,2079,1685232653
newOrder,535,1,2079,1685232653
newOrder,515,0,4885,1685232653
newOrder,689,1,8394,1685232653
cancel,515,,,1685232759
cancel,535,,,1685232759
cancel,689,,,1685232759
newOrder,520,0,2094,1685232767
newOrder,530,1,2094,1685232767
newOrder,689,1,9122,1685232767
cancel,530,,,1685232854
cancel,689,,,1685232854
newOrder,514,0,2108,1685232861
newOrder,526,1,2108,1685232861
cancel,514,,,1685233226
cancel,526,,,1685233226
newOrder,509,0,2125,1685233254
newOrder,518,1,2125,1685233254
newOrder,505,0,2373,1685233254
cancel,505,,,1685233443
cancel,518,,,1685233443
newOrder,504,0,2137,1685233452
newOrder,514,1,2137,1685233452
newOrder,493,0,5853,1685233452
cancel,493,,,1685233500
cancel,514,,,1685233500
newOrder,499,0,2149,1685233506
newOrder,509,1,2149,1685233506
cancel,499,,,1685233824
cancel,509,,,1685233824
newOrder,499,0,2151,1685233852
newOrder,508,1,2151,1685233852
newOrder,514,1,3465,1685233852
cancel,499,,,1685233858
cancel,514,,,1685233858
newOrder,503,0,2140,1685233866
newOrder,513,1,2140,1685233866
newOrder,522,1,4933,1685233866
cancel,503,,,1685233907
cancel,513,,,1685233907
cancel,522,,,1685233907
newOrder,508,0,2127,1685233917
newOrder,518,1,2127,1685233917
newOrder,507,0,1122,1685233917
newOrder,518,1,658,1685233917
cancel,518,,,1685234106
cancel,518,,,1685234106
newOrder,502,0,2140,1685234114
newOrder,514,1,2140,1685234114
newOrder,515,1,1633,1685234114
cancel,502,,,1685234425
cancel,514,,,1685234425
cancel,515,,,1685234425
newOrder,503,0,2142,1685234456
newOrder,512,1,2142,1685234456
newOrder,503,0,378,1685234456
newOrder,520,1,4318,1685234456
cancel,503,,,1685234515
cancel,503,,,1685234515
cancel,512,,,1685234515
cancel,520,,,1685234515
newOrder,507,0,2130,1685234531
newOrder,517,1,2130,1685234531
newOrder,520,1,2062,1685234531
cancel,507,,,1685234668
newOrder,511,0,2117,1685234676
newOrder,523,1,2117,1685234676
newOrder,525,1,2009,1685234676
cancel,511,,,1685235026
cancel,523,,,1685235026
cancel,525,,,1685235026
newOrder,512,0,2118,1685235053
newOrder,521,1,2118,1685235053
newOrder,513,0,116,1685235053
cancel,512,,,1685235323
cancel,513,,,1685235323
newOrder,516,0,2106,1685235332
newOrder,526,1,2106,1685235332
newOrder,528,1,1514,1685235332
cancel,516,,,1685235441
cancel,528,,,1685235441
newOrder,520,0,2092,1685235449
newOrder,532,1,2092,1685235449
newOrder,536,1,2805,1685235449
cancel,520,,,1685235530
cancel,536,,,1685235530
newOrder,526,0,2074,1685235545
newOrder,538,1,2074,1685235545
newOrder,540,1,1853,1685235545
cancel,526,,,1685235625
cancel,538,,,1685235625
cancel,540,,,1685235625
newOrder,529,0,2068,1685235654
newOrder,539,1,2068,1685235654
newOrder,529,0,483,1685235654
cancel,529,,,1685235911
cancel,539,,,1685235911
newOrder,524,0,2083,1685235921
newOrder,534,1,2083,1685235921
newOrder,522,0,1443,1685235921
cancel,522,,,1685236021
cancel,534,,,1685236021
newOrder,518,0,2098,1685236029
newOrder,530,1,2098,1685236029
newOrder,517,0,1488,1685236029
cancel,517,,,1685236213
cancel,530,,,1685236213
newOrder,512,0,2115,1685236219
newOrder,524,1,2115,1685236219
newOrder,512,0,1085,1685236219
cancel,512,,,1685236224
cancel,512,,,1685236224
cancel,524,,,1685236224
newOrder,513,0,2116,1685236250
newOrder,522,1,2116,1685236250
newOrder,514,0,13,1685236250
cancel,522,,,1685236643
newOrder,508,0,2129,1685236652
newOrder,518,1,2129,1685236652
newOrder,508,0,658,1685236652
cancel,518,,,1685236794
newOrder,503,0,2141,1685236801
newOrder,513,1,2141,1685236801
cancel,503,,,1685236824
cancel,513,,,1685236824
newOrder,504,0,2141,1685236852
newOrder,513,1,2141,1685236852
newOrder,504,0,323,1685236852
cancel,504,,,1685237301
cancel,504,,,1685237301
newOrder,508,0,2129,1685237308
newOrder,518,1,2129,1685237308
cancel,508,,,1685237426
cancel,518,,,1685237426
newOrder,510,0,2124,1685237455
newOrder,519,1,2124,1685237455
newOrder,521,1,1208,1685237455
cancel,510,,,1685238027
cancel,519,,,1685238027
cancel,521,,,1685238027
newOrder,509,0,2129,1685238054
newOrder,518,1,2129,1685238054
cancel,518,,,1685238233
newOrder,504,0,2139,1685238241
newOrder,514,1,2139,1685238241
cancel,504,,,1685238625
cancel,514,,,1685238625
newOrder,507,0,2134,1685238651
newOrder,516,1,2134,1685238651
cancel,507,,,1685239225
cancel,516,,,1685239225
newOrder,510,0,2126,1685239251
newOrder,519,1,2126,1685239251
cancel,510,,,1685239736
cancel,519,,,1685239736
newOrder,505,0,2138,1685239746
newOrder,515,1,2138,1685239746
newOrder,402,0,8295,1685239746
newOrder,689,1,8295,1685239746
cancel,402,,,1685239825
cancel,505,,,1685239825
cancel,515,,,1685239825
cancel,689,,,1685239825
newOrder,503,0,2144,1685239851
newOrder,512,1,2144,1685239851
newOrder,514,1,1441,1685239851
cancel,503,,,1685240426
cancel,512,,,1685240426
cancel,514,,,1685240426
newOrder,503,0,2145,1685240452
newOrder,512,1,2145,1685240452
newOrder,503,0,330,1685240452
cancel,512,,,1685240699
newOrder,498,0,2155,1685240707
newOrder,508,1,2155,1685240707
cancel,498,,,1685241025
cancel,508,,,1685241025
newOrder,498,0,2156,1685241051
newOrder,507,1,2156,1685241051
newOrder,498,0,499,1685241051
cancel,507,,,1685241230
newOrder,493,0,2166,1685241240
newOrder,503,1,2166,1685241240
newOrder,486,0,4163,1685241240
cancel,486,,,1685241351
cancel,503,,,1685241351
newOrder,488,0,2176,1685241360
newOrder,498,1,2176,1685241360
newOrder,488,0,788,1685241360
cancel,498,,,1685241506
newOrder,482,0,2185,1685241513
newOrder,494,1,2185,1685241513
cancel,482,,,1685241624
cancel,494,,,1685241624
newOrder,478,0,2194,1685241653
newOrder,487,1,2194,1685241653
newOrder,493,1,3763,1685241653
cancel,478,,,1685242011
cancel,493,,,1685242011
newOrder,482,0,2187,1685242019
newOrder,492,1,2187,1685242019
newOrder,495,1,2337,1685242019
cancel,482,,,1685242225
cancel,492,,,1685242225
cancel,495,,,1685242225
newOrder,483,0,2186,1685242253
newOrder,492,1,2186,1685242253
newOrder,480,0,1923,1685242253
cancel,480,,,1685242313
cancel,483,,,1685242313
newOrder,487,0,2178,1685242325
newOrder,497,1,2178,1685242325
newOrder,485,0,1703,1685242325
cancel,485,,,1685242826
cancel,487,,,1685242826
cancel,497,,,1685242826
newOrder,486,0,2181,1685242853
newOrder,495,1,2181,1685242853
newOrder,501,1,3677,1685242853
cancel,486,,,1685242950
cancel,501,,,1685242950
newOrder,490,0,2173,1685242958
newOrder,500,1,2173,1685242958
newOrder,501,1,1267,1685242958
cancel,490,,,1685243425
cancel,500,,,1685243425
cancel,501,,,1685243425
newOrder,491,0,2171,1685243452
newOrder,500,1,2171,1685243452
cancel,491,,,1685244024
cancel,500,,,1685244024
newOrder,489,0,2175,1685244050
newOrder,498,1,2175,1685244050
newOrder,488,0,1168,1685244050
cancel,488,,,1685244367
cancel,498,,,1685244367
newOrder,484,0,2184,1685244374
newOrder,494,1,2184,1685244374
newOrder,485,0,316,1685244374
cancel,484,,,1685244624
cancel,485,,,1685244624
cancel,494,,,1685244624
newOrder,483,0,2188,1685244651
newOrder,491,1,2188,1685244651
newOrder,496,1,2827,1685244651
cancel,483,,,1685244786
cancel,496,,,1685244786
newOrder,486,0,2181,1685244796
newOrder,496,1,2181,1685244796
newOrder,496,1,802,1685244796
cancel,486,,,1685245224
cancel,496,,,1685245224
cancel,496,,,1685245224
newOrder,487,0,2180,1685245248
newOrder,496,1,2180,1685245248
cancel,487,,,1685245824
cancel,496,,,1685245824
newOrder,490,0,2175,1685245850
newOrder,499,1,2175,1685245850
newOrder,498,1,106,1685245850
cancel,490,,,1685246241
newOrder,494,0,2166,1685246248
newOrder,504,1,2166,1685246248
newOrder,495,0,264,1685246248
cancel,494,,,1685246424
cancel,495,,,1685246424
cancel,504,,,1685246424
newOrder,492,0,2171,1685246449
newOrder,501,1,2171,1685246449
cancel,492,,,1685246773
newOrder,496,0,2162,1685246781
newOrder,506,1,2162,1685246781
newOrder,496,0,736,1685246781
newOrder,515,1,5084,1685246781
cancel,496,,,1685247026
cancel,496,,,1685247026
cancel,506,,,1685247026
cancel,515,,,1685247026
newOrder,500,0,2155,1685247052
newOrder,509,1,2155,1685247052
cancel,500,,,1685247624
cancel,509,,,1685247624
newOrder,500,0,2154,1685247649
newOrder,509,1,2154,1685247649
cancel,500,,,1685248097
newOrder,504,0,2144,1685248104
newOrder,514,1,2144,1685248104
cancel,504,,,1685248225
cancel,514,,,1685248225
newOrder,506,0,2140,1685248252
newOrder,515,1,2140,1685248252
newOrder,506,0,497,1685248252
cancel,506,,,1685248655
cancel,506,,,1685248655
newOrder,510,0,2129,1685248662
newOrder,520,1,2129,1685248662
newOrder,527,1,3887,1685248662
cancel,510,,,1685248821
cancel,520,,,1685248821
cancel,527,,,1685248821
newOrder,514,0,2115,1685248835
newOrder,526,1,2115,1685248835
newOrder,516,0,2112,1685248846
newOrder,526,1,2112,1685248846
cancel,514,,,1685249287
cancel,516,,,1685249287
newOrder,521,0,2098,1685249293
newOrder,531,1,2098,1685249293
newOrder,532,1,1027,1685249293
cancel,521,,,1685249425
cancel,531,,,1685249425
cancel,532,,,1685249425
newOrder,521,0,2100,1685249451
newOrder,530,1,2100,1685249451
newOrder,514,0,3403,1685249451
cancel,514,,,1685249524
cancel,530,,,1685249524
newOrder,516,0,2113,1685249531
newOrder,526,1,2113,1685249531
cancel,526,,,1685249658
newOrder,510,0,2127,1685249666
newOrder,522,1,2127,1685249666
newOrder,502,0,1982,1685249666
cancel,502,,,1685250024
cancel,510,,,1685250024
cancel,522,,,1685250024
newOrder,510,0,2132,1685250051
newOrder,519,1,2132,1685250051
newOrder,508,0,1170,1685250051
cancel,508,,,1685250624
cancel,510,,,1685250624
cancel,519,,,1685250624
newOrder,506,0,2142,1685250651
newOrder,515,1,2142,1685250651
cancel,506,,,1685251224
cancel,515,,,1685251224
newOrder,504,0,2146,1685251249
newOrder,513,1,2146,1685251249
cancel,504,,,1685251824
cancel,513,,,1685251824
newOrder,504,0,2147,1685251850
newOrder,513,1,2147,1685251850
cancel,504,,,1685252424
cancel,513,,,1685252424
newOrder,506,0,2141,1685252449
newOrder,515,1,2141,1685252449
cancel,506,,,1685252825
newOrder,510,0,2131,1685252833
newOrder,520,1,2131,1685252833
cancel,510,,,1685253024
cancel,520,,,1685253024
newOrder,515,0,2118,1685253050
newOrder,524,1,2118,1685253050
cancel,524,,,1685253607
newOrder,510,0,2131,1685253614
newOrder,520,1,2131,1685253614
newOrder,509,0,1111,1685253614
cancel,509,,,1685253624
cancel,510,,,1685253624
cancel,520,,,1685253624
newOrder,510,0,2131,1685253649
newOrder,520,1,2131,1685253649
newOrder,506,0,2498,1685253649
cancel,506,,,1685254224
cancel,510,,,1685254224
cancel,520,,,1685254224
newOrder,508,0,2138,1685254250
newOrder,517,1,2138,1685254250
cancel,508,,,1685254825
cancel,517,,,1685254825
newOrder,508,0,2139,1685254849
newOrder,517,1,2139,1685254849
cancel,508,,,1685255424
cancel,517,,,1685255424
newOrder,508,0,2139,1685255449
newOrder,517,1,2139,1685255449
cancel,508,,,1685256025
cancel,517,,,1685256025
newOrder,508,0,2137,1685256048
newOrder,518,1,2137,1685256048
cancel,508,,,1685256625
cancel,518,,,1685256625
newOrder,506,0,2143,1685256650
newOrder,515,1,2143,1685256650
cancel,506,,,1685257226
cancel,515,,,1685257226
newOrder,504,0,2149,1685257251
newOrder,513,1,2149,1685257251
cancel,513,,,1685257447
newOrder,499,0,2160,1685257454
newOrder,509,1,2160,1685257454
newOrder,498,0,1198,1685257454
cancel,498,,,1685257589
cancel,509,,,1685257589
newOrder,494,0,2171,1685257595
newOrder,504,1,2171,1685257595
cancel,494,,,1685257824
cancel,504,,,1685257824
newOrder,494,0,2173,1685257850
newOrder,503,1,2173,1685257850
cancel,494,,,1685258424
cancel,503,,,1685258424
newOrder,491,0,2179,1685258450
newOrder,500,1,2179,1685258450
newOrder,492,0,41,1685258450
newOrder,500,1,523,1685258450
cancel,500,,,1685258841
cancel,500,,,1685258841
newOrder,486,0,2188,1685258847
newOrder,496,1,2188,1685258847
cancel,486,,,1685259024
cancel,496,,,1685259024
newOrder,485,0,2190,1685259049
newOrder,494,1,2190,1685259049
cancel,485,,,1685259624
cancel,494,,,1685259624
newOrder,487,0,2187,1685259650
newOrder,496,1,2187,1685259650
newOrder,496,1,526,1685259650
cancel,487,,,1685260224
cancel,496,,,1685260224
cancel,496,,,1685260224
newOrder,489,0,2184,1685260250
newOrder,498,1,2184,1685260250
newOrder,500,1,1581,1685260250
cancel,489,,,1685260728
cancel,500,,,1685260728
newOrder,493,0,2175,1685260736
newOrder,503,1,2175,1685260736
newOrder,502,1,270,1685260736
cancel,493,,,1685260824
cancel,502,,,1685260824
cancel,503,,,1685260824
newOrder,494,0,2174,1685260853
newOrder,503,1,2174,1685260853
newOrder,494,0,570,1685260853
cancel,494,,,1685261424
cancel,494,,,1685261424
cancel,503,,,1685261424
newOrder,490,0,2182,1685261449
newOrder,499,1,2182,1685261449
cancel,499,,,1685261720
newOrder,485,0,2191,1685261726
newOrder,495,1,2191,1685261726
cancel,485,,,1685262024
cancel,495,,,1685262024
newOrder,485,0,2191,1685262052
newOrder,494,1,2191,1685262052
newOrder,483,0,1674,1685262052
cancel,483,,,1685262179
cancel,485,,,1685262179
newOrder,489,0,2183,1685262190
newOrder,499,1,2183,1685262190
newOrder,488,0,1280,1685262190
cancel,488,,,1685262287
cancel,489,,,1685262287
newOrder,494,0,2173,1685262299
newOrder,504,1,2173,1685262299
newOrder,491,0,2215,1685262299
cancel,491,,,1685262624
cancel,494,,,1685262624
cancel,504,,,1685262624
newOrder,492,0,2178,1685262649
newOrder,501,1,2178,1685262649
newOrder,689,1,3450,1685262649
cancel,492,,,1685262727
cancel,689,,,1685262727
newOrder,496,0,2169,1685262734
newOrder,506,1,2169,1685262734
newOrder,514,1,4617,1685262734
cancel,496,,,1685262861
cancel,514,,,1685262861
newOrder,501,0,2158,1685262867
newOrder,511,1,2158,1685262867
cancel,501,,,1685263223
cancel,511,,,1685263223
newOrder,504,0,2152,1685263249
newOrder,513,1,2152,1685263249
cancel,513,,,1685263809
newOrder,499,0,2163,1685263815
newOrder,509,1,2163,1685263815
cancel,499,,,1685263824
cancel,509,,,1685263824
newOrder,499,0,2163,1685263848
newOrder,508,1,2163,1685263848
cancel,499,,,1685264369
newOrder,503,0,2154,1685264376
newOrder,513,1,2154,1685264376
newOrder,524,1,5760,1685264376
cancel,503,,,1685264424
cancel,513,,,1685264424
cancel,524,,,1685264424
newOrder,504,0,2152,1685264449
newOrder,513,1,2152,1685264449
newOrder,514,1,881,1685264449
cancel,504,,,1685265024
cancel,513,,,1685265024
cancel,514,,,1685265024
newOrder,508,0,2143,1685265049
newOrder,517,1,2143,1685265049
cancel,508,,,1685265625
cancel,517,,,1685265625
newOrder,509,0,2141,1685265655
newOrder,518,1,2141,1685265655
cancel,509,,,1685266224
cancel,518,,,1685266224
newOrder,509,0,2142,1685266248
newOrder,518,1,2142,1685266248
cancel,518,,,1685266721
newOrder,504,0,2152,1685266727
newOrder,514,1,2152,1685266727
cancel,504,,,1685266824
cancel,514,,,1685266824
newOrder,510,0,2139,1685266852
newOrder,519,1,2139,1685266852
cancel,510,,,1685267424
cancel,519,,,1685267424
newOrder,514,0,2126,1685267448
newOrder,524,1,2126,1685267448
newOrder,529,1,2909,1685267448
cancel,514,,,1685268024
cancel,524,,,1685268024
cancel,529,,,1685268024
newOrder,512,0,2132,1685268052
newOrder,522,1,2132,1685268052
newOrder,510,0,1559,1685268052
cancel,510,,,1685268249
cancel,522,,,1685268249
newOrder,507,0,2146,1685268256
newOrder,517,1,2146,1685268256
cancel,507,,,1685268624
cancel,517,,,1685268624
newOrder,504,0,2154,1685268651
newOrder,513,1,2154,1685268651
cancel,504,,,1685269103
newOrder,508,0,2143,1685269111
newOrder,518,1,2143,1685269111
newOrder,402,0,9654,1685269111
newOrder,689,1,9654,1685269111
cancel,402,,,1685269224
cancel,508,,,1685269224
cancel,518,,,1685269224
cancel,689,,,1685269224
newOrder,511,0,2136,1685269248
newOrder,521,1,2136,1685269248
cancel,511,,,1685269824
cancel,521,,,1685269824
newOrder,509,0,2142,1685269849
newOrder,518,1,2142,1685269849
newOrder,518,1,365,1685269849
cancel,509,,,1685270425
cancel,518,,,1685270425
cancel,518,,,1685270425
newOrder,509,0,2143,1685270450
newOrder,518,1,2143,1685270450
cancel,509,,,1685271025
cancel,518,,,1685271025
newOrder,508,0,2146,1685271052
newOrder,517,1,2146,1685271052
cancel,508,,,1685271625
cancel,517,,,1685271625
cancel,518,,,1685271625
newOrder,510,0,2139,1685271654
newOrder,520,1,2139,1685271654
newOrder,510,0,634,1685271654
cancel,510,,,1685272224
cancel,510,,,1685272224
cancel,520,,,1685272224
newOrder,506,0,2151,1685272250
newOrder,515,1,2151,1685272250
cancel,506,,,1685272826
cancel,515,,,1685272826
newOrder,505,0,2155,1685272850
newOrder,514,1,2155,1685272850
cancel,505,,,1685273425
cancel,514,,,1685273425
newOrder,502,0,2162,1685273451
newOrder,511,1,2162,1685273451
cancel,511,,,1685273569
newOrder,497,0,2172,1685273575
newOrder,507,1,2172,1685273575
newOrder,497,0,734,1685273575
cancel,497,,,1685274025
cancel,497,,,1685274025
cancel,507,,,1685274025
newOrder,499,0,2170,1685274051
newOrder,508,1,2170,1685274051
newOrder,507,1,159,1685274051
cancel,499,,,1685274624
cancel,507,,,1685274624
cancel,508,,,1685274624
newOrder,498,0,2171,1685274650
newOrder,507,1,2171,1685274650
cancel,507,,,1685274807
newOrder,493,0,2181,1685274813
newOrder,503,1,2181,1685274813
newOrder,502,1,270,1685274813
cancel,493,,,1685275224
cancel,502,,,1685275224
cancel,503,,,1685275224
newOrder,494,0,2181,1685275250
newOrder,503,1,2181,1685275250