instruction,price,side,qty,time
cancel,574,,,1678968899
cancel,614,,,1678968899
newOrder,572,0,4008,1678968915
newOrder,614,1,4008,1678968915
cancel,572,,,1678969497
cancel,614,,,1678969497
newOrder,573,0,4030,1678969513
newOrder,614,1,4030,1678969513
cancel,573,,,1678970096
cancel,614,,,1678970096
newOrder,575,0,4096,1678970112
newOrder,614,1,4096,1678970112
cancel,575,,,1678970698
cancel,614,,,1678970698
newOrder,573,0,4034,1678970715
newOrder,614,1,4034,1678970715
cancel,573,,,1678971297
cancel,614,,,1678971297
newOrder,569,0,3878,1678971313
newOrder,614,1,3878,1678971313
cancel,569,,,1678971897
cancel,614,,,1678971897
newOrder,569,0,3873,1678971913
newOrder,614,1,3873,1678971913
cancel,569,,,1678972496
cancel,614,,,1678972496
newOrder,576,0,4126,1678972516
newOrder,614,1,4126,1678972516
newOrder,346,0,15201,1678972516
newOrder,859,1,15201,1678972516
cancel,346,,,1678973097
cancel,576,,,1678973097
cancel,614,,,1678973097
cancel,859,,,1678973097
newOrder,566,0,3774,1678973115
newOrder,614,1,3774,1678973115
cancel,566,,,1678973697
cancel,614,,,1678973697
newOrder,568,0,3818,1678973716
newOrder,614,1,3818,1678973716
cancel,568,,,1678974296
cancel,614,,,1678974296
newOrder,570,0,3917,1678974313
newOrder,614,1,3917,1678974313
cancel,570,,,1678974898
cancel,614,,,1678974898
newOrder,573,0,3988,1678974915
newOrder,614,1,3988,1678974915
cancel,573,,,1678975497
cancel,614,,,1678975497
newOrder,574,0,4046,1678975514
newOrder,614,1,4046,1678975514
cancel,574,,,1678976097
cancel,614,,,1678976097
newOrder,571,0,3941,1678976113
newOrder,614,1,3941,1678976113
cancel,571,,,1678976697
cancel,614,,,1678976697
newOrder,570,0,3901,1678976715
newOrder,614,1,3901,1678976715
cancel,570,,,1678977298
cancel,614,,,1678977298
newOrder,573,0,4002,1678977315
newOrder,614,1,4002,1678977315
cancel,573,,,1678977895
cancel,614,,,1678977895
newOrder,578,0,4173,1678977913
newOrder,614,1,4173,1678977913
cancel,578,,,1678978497
cancel,614,,,1678978497
newOrder,586,0,4472,1678978513
newOrder,614,1,4472,1678978513
cancel,586,,,1678979098
cancel,614,,,1678979098
newOrder,584,0,4406,1678979115
newOrder,614,1,4406,1678979115
cancel,584,,,1678979697
cancel,614,,,1678979697
newOrder,584,0,4379,1678979714
newOrder,614,1,4379,1678979714
cancel,584,,,1678980297
cancel,614,,,1678980297
newOrder,585,0,4403,1678980316
newOrder,614,1,4403,1678980316
cancel,585,,,1678980897
cancel,614,,,1678980897
newOrder,586,0,4970,1678980914
newOrder,627,1,4970,1678980914
cancel,586,,,1678981497
cancel,627,,,1678981497
newOrder,586,0,5153,1678981513
newOrder,632,1,5153,1678981513
cancel,586,,,1678982097
cancel,632,,,1678982097
newOrder,586,0,5238,1678982114
newOrder,635,1,5238,1678982114
newOrder,719,1,4542,1678982114
cancel,586,,,1678982697
cancel,635,,,1678982697
cancel,719,,,1678982697
newOrder,586,0,5029,1678982724
newOrder,629,1,5029,1678982724
cancel,586,,,1678983297
cancel,629,,,1678983297
newOrder,586,0,4873,1678983312
newOrder,625,1,4873,1678983312
cancel,586,,,1678983897
cancel,625,,,1678983897
newOrder,586,0,4793,1678983914
newOrder,623,1,4793,1678983914
cancel,586,,,1678984496
cancel,623,,,1678984496
newOrder,586,0,4752,1678984515
newOrder,622,1,4752,1678984515
cancel,586,,,1678985097
cancel,622,,,1678985097
newOrder,586,0,4717,1678985113
newOrder,621,1,4717,1678985113
cancel,586,,,1678985697
cancel,621,,,1678985697
newOrder,586,0,4774,1678985714
newOrder,622,1,4774,1678985714
cancel,586,,,1678986296
cancel,622,,,1678986296
newOrder,586,0,4815,1678986313
newOrder,624,1,4815,1678986313
cancel,586,,,1678986897
cancel,624,,,1678986897
newOrder,586,0,4685,1678986913
newOrder,620,1,4685,1678986913
cancel,586,,,1678987496
cancel,620,,,1678987496
newOrder,586,0,4569,1678987514
newOrder,617,1,4569,1678987514
cancel,586,,,1678988097
cancel,617,,,1678988097
newOrder,586,0,4516,1678988113
newOrder,616,1,4516,1678988113
cancel,586,,,1678988697
cancel,616,,,1678988697
newOrder,586,0,4835,1678988713
newOrder,624,1,4835,1678988713
cancel,586,,,1678989297
cancel,624,,,1678989297
newOrder,586,0,4911,1678989314
newOrder,627,1,4911,1678989314
cancel,586,,,1678989897
cancel,627,,,1678989897
newOrder,586,0,4880,1678989913
newOrder,626,1,4880,1678989913
cancel,586,,,1678990497
cancel,626,,,1678990497
newOrder,586,0,4843,1678990513
newOrder,625,1,4843,1678990513
cancel,586,,,1678991097
cancel,625,,,1678991097
newOrder,586,0,4764,1678991114
newOrder,623,1,4764,1678991114
cancel,586,,,1678991696
cancel,623,,,1678991696
newOrder,586,0,4673,1678991712
newOrder,620,1,4673,1678991712
cancel,586,,,1678992298
cancel,620,,,1678992298
newOrder,586,0,4644,1678992316
newOrder,620,1,4644,1678992316
cancel,586,,,1678992896
cancel,620,,,1678992896
newOrder,586,0,4568,1678992915
newOrder,618,1,4568,1678992915
cancel,586,,,1678993497
cancel,618,,,1678993497
newOrder,586,0,4856,1678993513
newOrder,626,1,4856,1678993513
cancel,586,,,1678994097
cancel,626,,,1678994097
newOrder,586,0,5091,1678994113
newOrder,632,1,5091,1678994113
cancel,586,,,1678994698
cancel,632,,,1678994698
newOrder,586,0,5328,1678994721
newOrder,638,1,5328,1678994721
cancel,586,,,1678995299
cancel,638,,,1678995299
newOrder,586,0,5262,1678995317
newOrder,637,1,5262,1678995317
cancel,586,,,1678995898
cancel,637,,,1678995898
newOrder,586,0,5250,1678995917
newOrder,636,1,5250,1678995917
cancel,586,,,1678996498
cancel,636,,,1678996498
newOrder,586,0,5219,1678996514
newOrder,636,1,5219,1678996514
cancel,586,,,1678997097
cancel,636,,,1678997097
newOrder,586,0,5173,1678997113
newOrder,635,1,5173,1678997113
cancel,586,,,1678997698
cancel,635,,,1678997698
newOrder,586,0,5301,1678997715
newOrder,638,1,5301,1678997715
cancel,586,,,1678998297
cancel,638,,,1678998297
newOrder,586,0,5389,1678998313
newOrder,640,1,5389,1678998313
cancel,586,,,1678998896
cancel,640,,,1678998896
newOrder,586,0,5408,1678998914
newOrder,641,1,5408,1678998914
cancel,586,,,1678999496
cancel,641,,,1678999496
newOrder,586,0,5611,1678999512
newOrder,646,1,5611,1678999512
cancel,586,,,1679000098
cancel,646,,,1679000098
newOrder,586,0,5368,1679000115
newOrder,640,1,5368,1679000115
cancel,586,,,1679000697
cancel,640,,,1679000697
newOrder,586,0,5153,1679000715
newOrder,634,1,5153,1679000715
cancel,586,,,1679001296
cancel,634,,,1679001296
newOrder,586,0,5186,1679001313
newOrder,635,1,5186,1679001313
cancel,586,,,1679001704
newOrder,585,0,5713,1679001709
newOrder,651,1,5713,1679001709
cancel,585,,,1679001897
cancel,651,,,1679001897
newOrder,586,0,5892,1679001913
newOrder,654,1,5892,1679001913
cancel,586,,,1679002497
cancel,654,,,1679002497
newOrder,586,0,5846,1679002513
newOrder,653,1,5846,1679002513
cancel,586,,,1679003099
cancel,653,,,1679003099
newOrder,586,0,6055,1679003118
newOrder,658,1,6055,1679003118
cancel,586,,,1679003697
cancel,658,,,1679003697
newOrder,586,0,6018,1679003713
newOrder,658,1,6018,1679003713
cancel,586,,,1679004296
cancel,658,,,1679004296
newOrder,586,0,5994,1679004314
newOrder,657,1,5994,1679004314
cancel,586,,,1679004897
cancel,657,,,1679004897
newOrder,586,0,5869,1679004913
newOrder,654,1,5869,1679004913
cancel,586,,,1679005497
cancel,654,,,1679005497
newOrder,586,0,5800,1679005513
newOrder,652,1,5800,1679005513
cancel,586,,,1679006097
cancel,652,,,1679006097
newOrder,586,0,5752,1679006112
newOrder,651,1,5752,1679006112
cancel,586,,,1679006696
cancel,651,,,1679006696
newOrder,586,0,5736,1679006716
newOrder,650,1,5736,1679006716
cancel,586,,,1679007297
cancel,650,,,1679007297
newOrder,586,0,5732,1679007313
newOrder,650,1,5732,1679007313
cancel,586,,,1679007896
cancel,650,,,1679007896
newOrder,586,0,5779,1679007915
newOrder,652,1,5779,1679007915
cancel,586,,,1679008496
cancel,652,,,1679008496
newOrder,586,0,5988,1679008512
newOrder,657,1,5988,1679008512
cancel,586,,,1679009096
cancel,657,,,1679009096
newOrder,586,0,5944,1679009115
newOrder,656,1,5944,1679009115
cancel,586,,,1679009697
cancel,656,,,1679009697
newOrder,586,0,6007,1679009714
newOrder,658,1,6007,1679009714
newOrder,352,0,26207,1679009714
cancel,352,,,1679010296
cancel,586,,,1679010296
cancel,658,,,1679010296
newOrder,586,0,6015,1679010314
newOrder,658,1,6015,1679010314
newOrder,352,0,29876,1679010314
cancel,352,,,1679010896
cancel,586,,,1679010896
cancel,658,,,1679010896
newOrder,586,0,6018,1679010913
newOrder,658,1,6018,1679010913
cancel,586,,,1679011497
cancel,658,,,1679011497
newOrder,586,0,6248,1679011514
newOrder,664,1,6248,1679011514
cancel,586,,,1679012097
cancel,664,,,1679012097
newOrder,586,0,6208,1679012113
newOrder,663,1,6208,1679012113
cancel,586,,,1679012696
cancel,663,,,1679012696
newOrder,586,0,6056,1679012713
newOrder,659,1,6056,1679012713
cancel,586,,,1679013296
cancel,659,,,1679013296
newOrder,586,0,5766,1679013312
newOrder,652,1,5766,1679013312
cancel,586,,,1679013897
cancel,652,,,1679013897
newOrder,586,0,5719,1679013912
newOrder,651,1,5719,1679013912
cancel,586,,,1679014497
cancel,651,,,1679014497
newOrder,586,0,5750,1679014513
newOrder,651,1,5750,1679014513
cancel,586,,,1679015096
cancel,651,,,1679015096
newOrder,586,0,5823,1679015114
newOrder,653,1,5823,1679015114
cancel,586,,,1679015697
cancel,653,,,1679015697
newOrder,586,0,5755,1679015712
newOrder,652,1,5755,1679015712
cancel,586,,,1679016297
cancel,652,,,1679016297
newOrder,586,0,5958,1679016313
newOrder,657,1,5958,1679016313
cancel,586,,,1679016897
cancel,657,,,1679016897
newOrder,586,0,6074,1679016913
newOrder,660,1,6074,1679016913
cancel,586,,,1679017496
cancel,660,,,1679017496
newOrder,586,0,6216,1679017512
newOrder,664,1,6216,1679017512
cancel,586,,,1679018096
cancel,664,,,1679018096
newOrder,586,0,6472,1679018113
newOrder,670,1,6472,1679018113
cancel,586,,,1679018696
cancel,670,,,1679018696
newOrder,586,0,6569,1679018713
newOrder,673,1,6569,1679018713
cancel,586,,,1679019297
cancel,673,,,1679019297
newOrder,586,0,6586,1679019313
newOrder,673,1,6586,1679019313
cancel,586,,,1679019897
cancel,673,,,1679019897
newOrder,586,0,6592,1679019913
newOrder,674,1,6592,1679019913
cancel,586,,,1679020497
cancel,674,,,1679020497
newOrder,586,0,6475,1679020513
newOrder,671,1,6475,1679020513
cancel,586,,,1679021097
cancel,671,,,1679021097
newOrder,586,0,6499,1679021114
newOrder,671,1,6499,1679021114
cancel,586,,,1679021698
cancel,671,,,1679021698
newOrder,586,0,6274,1679021715
newOrder,665,1,6274,1679021715
cancel,586,,,1679022297
cancel,665,,,1679022297
newOrder,586,0,6408,1679022312
newOrder,669,1,6408,1679022312
cancel,586,,,1679022897
cancel,669,,,1679022897
newOrder,586,0,6487,1679022914
newOrder,671,1,6487,1679022914
cancel,586,,,1679023497
cancel,671,,,1679023497
newOrder,586,0,6484,1679023516
newOrder,671,1,6484,1679023516
cancel,586,,,1679024097
cancel,671,,,1679024097
newOrder,586,0,6475,1679024115
newOrder,671,1,6475,1679024115
cancel,586,,,1679024697
cancel,671,,,1679024697
newOrder,586,0,6304,1679024713
newOrder,666,1,6304,1679024713
cancel,586,,,1679025297
cancel,666,,,1679025297
newOrder,586,0,6367,1679025312
newOrder,668,1,6367,1679025312
cancel,586,,,1679025897
cancel,668,,,1679025897
newOrder,586,0,6461,1679025913
newOrder,671,1,6461,1679025913
cancel,586,,,1679026496
cancel,671,,,1679026496
newOrder,586,0,6492,1679026513
newOrder,671,1,6492,1679026513
cancel,586,,,1679027096
cancel,671,,,1679027096
newOrder,586,0,6167,1679027112
newOrder,663,1,6167,1679027112
cancel,586,,,1679027697
cancel,663,,,1679027697
newOrder,586,0,6127,1679027713
newOrder,662,1,6127,1679027713
cancel,586,,,1679028297
cancel,662,,,1679028297
newOrder,586,0,5958,1679028312
newOrder,658,1,5958,1679028312
cancel,586,,,1679028897
cancel,658,,,1679028897
newOrder,586,0,5898,1679028913
newOrder,656,1,5898,1679028913
cancel,586,,,1679029496
cancel,656,,,1679029496
newOrder,586,0,5908,1679029513
newOrder,657,1,5908,1679029513
cancel,586,,,1679030097
cancel,657,,,1679030097
newOrder,586,0,5919,1679030117
newOrder,657,1,5919,1679030117
cancel,586,,,1679030697
cancel,657,,,1679030697
newOrder,586,0,5853,1679030713
newOrder,655,1,5853,1679030713
cancel,586,,,1679031297
cancel,655,,,1679031297
newOrder,586,0,5838,1679031314
newOrder,655,1,5838,1679031314
cancel,586,,,1679031897
cancel,655,,,1679031897
newOrder,586,0,5918,1679031913
newOrder,657,1,5918,1679031913
cancel,586,,,1679032497
cancel,657,,,1679032497
newOrder,586,0,5875,1679032513
newOrder,656,1,5875,1679032513
cancel,586,,,1679033097
cancel,656,,,1679033097
newOrder,586,0,5948,1679033114
newOrder,658,1,5948,1679033114
newOrder,352,0,14150,1679033114
newOrder,921,1,14150,1679033114
cancel,352,,,1679033697
cancel,586,,,1679033697
cancel,658,,,1679033697
cancel,921,,,1679033697
newOrder,586,0,6307,1679033716
newOrder,667,1,6307,1679033716
newOrder,352,0,7494,1679033716
newOrder,719,1,7494,1679033716
cancel,352,,,1679034297
cancel,586,,,1679034297
cancel,667,,,1679034297
cancel,719,,,1679034297
newOrder,586,0,6308,1679034316
newOrder,667,1,6308,1679034316
newOrder,352,0,33320,1679034316
newOrder,934,1,33320,1679034316
cancel,352,,,1679034899
cancel,586,,,1679034899
cancel,667,,,1679034899
cancel,934,,,1679034899
newOrder,586,0,6355,1679034917
newOrder,668,1,6355,1679034917
cancel,586,,,1679035497
cancel,668,,,1679035497
newOrder,586,0,6413,1679035514
newOrder,670,1,6413,1679035514
cancel,586,,,1679036097
cancel,670,,,1679036097
newOrder,586,0,6442,1679036114
newOrder,671,1,6442,1679036114
cancel,586,,,1679036697
cancel,671,,,1679036697
newOrder,586,0,6446,1679036713
newOrder,671,1,6446,1679036713
cancel,586,,,1679037297
cancel,671,,,1679037297
newOrder,586,0,6438,1679037314
newOrder,671,1,6438,1679037314
cancel,586,,,1679037897
cancel,671,,,1679037897
newOrder,586,0,6306,1679037913
newOrder,667,1,6306,1679037913
cancel,586,,,1679038496
cancel,667,,,1679038496
newOrder,586,0,6321,1679038513
newOrder,668,1,6321,1679038513
cancel,586,,,1679039097
cancel,668,,,1679039097
newOrder,586,0,6165,1679039113
newOrder,664,1,6165,1679039113
cancel,586,,,1679039697
cancel,664,,,1679039697
newOrder,586,0,6253,1679039714
newOrder,666,1,6253,1679039714
cancel,586,,,1679040296
cancel,666,,,1679040296
newOrder,586,0,6381,1679040313
newOrder,670,1,6381,1679040313
cancel,586,,,1679040897
cancel,670,,,1679040897
newOrder,586,0,6476,1679040912
newOrder,672,1,6476,1679040912
cancel,586,,,1679041496
cancel,672,,,1679041496
newOrder,586,0,6560,1679041513
newOrder,674,1,6560,1679041513
cancel,586,,,1679042097
cancel,674,,,1679042097
newOrder,586,0,6353,1679042113
newOrder,669,1,6353,1679042113
cancel,586,,,1679042697
cancel,669,,,1679042697
newOrder,586,0,6326,1679042711
newOrder,668,1,6326,1679042711
cancel,586,,,1679043297
cancel,668,,,1679043297
newOrder,586,0,6320,1679043313
newOrder,668,1,6320,1679043313
cancel,586,,,1679043897
cancel,668,,,1679043897
newOrder,586,0,6332,1679043912
newOrder,669,1,6332,1679043912
cancel,586,,,1679044496
cancel,669,,,1679044496
newOrder,586,0,6312,1679044513
newOrder,668,1,6312,1679044513
cancel,586,,,1679045097
cancel,668,,,1679045097
newOrder,586,0,6221,1679045112
newOrder,666,1,6221,1679045112
cancel,586,,,1679045697
cancel,666,,,1679045697
newOrder,586,0,6254,1679045711
newOrder,667,1,6254,1679045711
cancel,586,,,1679046296
cancel,667,,,1679046296
newOrder,586,0,6120,1679046313
newOrder,664,1,6120,1679046313
cancel,586,,,1679046897
cancel,664,,,1679046897
newOrder,586,0,5986,1679046914
newOrder,660,1,5986,1679046914
cancel,586,,,1679047496
cancel,660,,,1679047496
newOrder,586,0,5946,1679047513
newOrder,659,1,5946,1679047513
newOrder,659,1,281,1679047513
cancel,586,,,1679048097
cancel,659,,,1679048097
cancel,659,,,1679048097
newOrder,586,0,5999,1679048113
newOrder,661,1,5999,1679048113
cancel,586,,,1679048697
cancel,661,,,1679048697
newOrder,586,0,5838,1679048713
newOrder,657,1,5838,1679048713
cancel,586,,,1679049296
cancel,657,,,1679049296
newOrder,586,0,6061,1679049313
newOrder,662,1,6061,1679049313
cancel,586,,,1679049896
cancel,662,,,1679049896
newOrder,586,0,6417,1679049912
newOrder,671,1,6417,1679049912
cancel,586,,,1679050497
cancel,671,,,1679050497
newOrder,586,0,6423,1679050513
newOrder,671,1,6423,1679050513
cancel,586,,,1679051098
cancel,671,,,1679051098
newOrder,586,0,6318,1679051114
newOrder,669,1,6318,1679051114
cancel,586,,,1679051697
cancel,669,,,1679051697
newOrder,586,0,6313,1679051712
newOrder,669,1,6313,1679051712
cancel,586,,,1679052297
cancel,669,,,1679052297
newOrder,586,0,6093,1679052316
newOrder,663,1,6093,1679052316
cancel,586,,,1679052897
cancel,663,,,1679052897
newOrder,586,0,6225,1679052914
newOrder,667,1,6225,1679052914
cancel,586,,,1679053497
cancel,667,,,1679053497
newOrder,586,0,6282,1679053514
newOrder,668,1,6282,1679053514
cancel,586,,,1679054098
cancel,668,,,1679054098
newOrder,586,0,6581,1679054115
newOrder,675,1,6581,1679054115
cancel,586,,,1679054697
cancel,675,,,1679054697
newOrder,586,0,6620,1679054716
newOrder,676,1,6620,1679054716