instruction,price,side,qty,time
cancel,1236,,,1674043877
cancel,1323,,,1674043877
newOrder,1232,0,171,1674043889
newOrder,1318,1,171,1674043889
cancel,1232,,,1674044385
cancel,1318,,,1674044385
newOrder,1229,0,171,1674044416
newOrder,1315,1,171,1674044416
cancel,1229,,,1674044897
cancel,1315,,,1674044897
newOrder,1225,0,171,1674044925
newOrder,1311,1,171,1674044925
cancel,1225,,,1674045410
cancel,1311,,,1674045410
newOrder,1227,0,171,1674045431
newOrder,1313,1,171,1674045431
cancel,1227,,,1674045922
cancel,1313,,,1674045922
newOrder,1228,0,171,1674045950
newOrder,1314,1,171,1674045950
cancel,1228,,,1674046437
cancel,1314,,,1674046437
newOrder,1228,0,171,1674046456
newOrder,1314,1,171,1674046456
cancel,1228,,,1674046949
cancel,1314,,,1674046949
newOrder,1237,0,171,1674046958
newOrder,1324,1,171,1674046958
cancel,1237,,,1674047462
cancel,1324,,,1674047462
newOrder,1243,0,170,1674047486
newOrder,1330,1,170,1674047486
newOrder,1200,0,169,1674047486
newOrder,1748,1,682,1674047486
cancel,1200,,,1674047974
cancel,1243,,,1674047974
cancel,1330,,,1674047974
cancel,1748,,,1674047974
newOrder,1243,0,170,1674047996
newOrder,1329,1,170,1674047996
cancel,1243,,,1674048487
cancel,1329,,,1674048487
newOrder,1241,0,170,1674048510
newOrder,1327,1,170,1674048510
cancel,1327,,,1674048719
newOrder,1194,0,171,1674048726
newOrder,1287,1,171,1674048726
newOrder,1342,1,250,1674048726
cancel,1194,,,1674048769
cancel,1342,,,1674048769
newOrder,1234,0,170,1674048799
newOrder,1339,1,170,1674048799
newOrder,1200,0,171,1674048799
newOrder,1748,1,682,1674048799
cancel,1200,,,1674049002
cancel,1234,,,1674049002
cancel,1339,,,1674049002
cancel,1748,,,1674049002
newOrder,1248,0,170,1674049013
newOrder,1336,1,170,1674049013
newOrder,1200,0,191,1674049013
newOrder,1748,1,681,1674049013
cancel,1200,,,1674049511
cancel,1248,,,1674049511
cancel,1336,,,1674049511
cancel,1748,,,1674049511
newOrder,1252,0,170,1674049523
newOrder,1340,1,170,1674049523
cancel,1252,,,1674050025
cancel,1340,,,1674050025
newOrder,1278,0,170,1674050064
newOrder,1368,1,170,1674050064
cancel,1278,,,1674050538
cancel,1368,,,1674050538
newOrder,1287,0,170,1674050549
newOrder,1377,1,170,1674050549
newOrder,1200,0,331,1674050549
newOrder,1748,1,679,1674050549
cancel,1200,,,1674051052
cancel,1287,,,1674051052
cancel,1377,,,1674051052
cancel,1748,,,1674051052
newOrder,1293,0,170,1674051067
newOrder,1383,1,170,1674051067
newOrder,1200,0,351,1674051067
newOrder,1748,1,678,1674051067
cancel,1200,,,1674051563
cancel,1293,,,1674051563
cancel,1383,,,1674051563
cancel,1748,,,1674051563
newOrder,1293,0,170,1674051589
newOrder,1383,1,170,1674051589
cancel,1293,,,1674052077
cancel,1383,,,1674052077
newOrder,1281,0,170,1674052102
newOrder,1371,1,170,1674052102
cancel,1281,,,1674052589
cancel,1371,,,1674052589
newOrder,1269,0,170,1674052600
newOrder,1358,1,170,1674052600
cancel,1269,,,1674053103
cancel,1358,,,1674053103
newOrder,1272,0,170,1674053130
newOrder,1361,1,170,1674053130
cancel,1272,,,1674053616
cancel,1361,,,1674053616
newOrder,1273,0,170,1674053626
newOrder,1362,1,170,1674053626
cancel,1273,,,1674054131
cancel,1362,,,1674054131
newOrder,1272,0,170,1674054157
newOrder,1361,1,170,1674054157
cancel,1272,,,1674054640
cancel,1361,,,1674054640
newOrder,1281,0,170,1674054649
newOrder,1371,1,170,1674054649
cancel,1281,,,1674055153
cancel,1371,,,1674055153
newOrder,1276,0,170,1674055162
newOrder,1365,1,170,1674055162
cancel,1276,,,1674055665
cancel,1365,,,1674055665
newOrder,1263,0,170,1674055674
newOrder,1351,1,170,1674055674
cancel,1263,,,1674056180
cancel,1351,,,1674056180
newOrder,1257,0,170,1674056188
newOrder,1345,1,170,1674056188
cancel,1257,,,1674056695
cancel,1345,,,1674056695
newOrder,1244,0,170,1674056723
newOrder,1331,1,170,1674056723
cancel,1244,,,1674057205
cancel,1331,,,1674057205
newOrder,1214,0,171,1674057227
newOrder,1299,1,171,1674057227
cancel,1299,,,1674057304
newOrder,1168,0,172,1674057325
newOrder,1259,1,172,1674057325
newOrder,1111,0,264,1674057325
newOrder,1748,1,688,1674057325
cancel,1111,,,1674057432
cancel,1748,,,1674057432
newOrder,1120,0,173,1674057449
newOrder,1215,1,173,1674057449
newOrder,1111,0,82,1674057449
newOrder,1748,1,694,1674057449
cancel,1111,,,1674057718
cancel,1120,,,1674057718
cancel,1215,,,1674057718
cancel,1748,,,1674057718
newOrder,1131,0,173,1674057730
newOrder,1210,1,173,1674057730
cancel,1131,,,1674058233
cancel,1210,,,1674058233
newOrder,1133,0,173,1674058247
newOrder,1213,1,173,1674058247
cancel,1133,,,1674058743
cancel,1213,,,1674058743
newOrder,1128,0,173,1674058760
newOrder,1207,1,173,1674058760
cancel,1207,,,1674058854
newOrder,1086,0,175,1674058885
newOrder,1169,1,175,1674058885
newOrder,1748,1,700,1674058885
cancel,1086,,,1674059265
cancel,1169,,,1674059265
cancel,1748,,,1674059265
newOrder,1094,0,175,1674059293
newOrder,1171,1,175,1674059293
cancel,1094,,,1674059782
cancel,1171,,,1674059782
newOrder,1087,0,175,1674059807
newOrder,1163,1,175,1674059807
newOrder,1748,1,701,1674059807
cancel,1087,,,1674060282
cancel,1163,,,1674060282
cancel,1748,,,1674060282
newOrder,1078,0,176,1674060300
newOrder,1153,1,176,1674060300
cancel,1153,,,1674060555
newOrder,1037,0,178,1674060570
newOrder,1118,1,178,1674060570
newOrder,1133,1,101,1674060570
cancel,1037,,,1674060644
cancel,1133,,,1674060644
newOrder,1072,0,176,1674060671
newOrder,1163,1,176,1674060671
cancel,1072,,,1674060799
cancel,1163,,,1674060799
newOrder,1087,0,175,1674060833
newOrder,1162,1,175,1674060833
cancel,1087,,,1674061312
newOrder,1132,0,173,1674061334
newOrder,1211,1,173,1674061334
cancel,1132,,,1674061821
cancel,1211,,,1674061821
newOrder,1149,0,173,1674061845
newOrder,1230,1,173,1674061845
cancel,1149,,,1674062334
cancel,1230,,,1674062334
newOrder,1161,0,172,1674062348
newOrder,1242,1,172,1674062348
newOrder,1000,0,683,1674062348
newOrder,1748,1,689,1674062348
cancel,1000,,,1674062359
cancel,1161,,,1674062359
cancel,1748,,,1674062359
newOrder,1195,0,171,1674062375
newOrder,1288,1,171,1674062375
newOrder,1000,0,684,1674062375
newOrder,1748,1,684,1674062375
cancel,1000,,,1674062849
cancel,1195,,,1674062849
cancel,1288,,,1674062849
cancel,1748,,,1674062849
newOrder,1169,0,172,1674062942
newOrder,1251,1,172,1674062942
newOrder,1050,0,504,1674062942
newOrder,1745,1,687,1674062942
cancel,1050,,,1674063360
cancel,1169,,,1674063360
cancel,1251,,,1674063360
cancel,1745,,,1674063360
newOrder,1149,0,172,1674063380
newOrder,1230,1,172,1674063380
newOrder,1050,0,428,1674063380
newOrder,1745,1,690,1674063380
cancel,1050,,,1674063874
cancel,1149,,,1674063874
cancel,1230,,,1674063874
cancel,1745,,,1674063874
newOrder,1178,0,172,1674063902
newOrder,1260,1,172,1674063902
cancel,1178,,,1674064386
cancel,1260,,,1674064386
newOrder,1172,0,172,1674064405
newOrder,1254,1,172,1674064405
cancel,1172,,,1674064901
cancel,1254,,,1674064901
newOrder,1149,0,172,1674064913
newOrder,1229,1,172,1674064913
newOrder,1050,0,426,1674064913
newOrder,1697,1,690,1674064913
cancel,1050,,,1674065411
cancel,1149,,,1674065411
cancel,1229,,,1674065411
cancel,1697,,,1674065411
newOrder,1135,0,173,1674065441
newOrder,1214,1,173,1674065441
newOrder,1050,0,372,1674065441
newOrder,1697,1,692,1674065441
cancel,1050,,,1674065924
cancel,1135,,,1674065924
cancel,1214,,,1674065924
cancel,1697,,,1674065924
newOrder,1146,0,173,1674065940
newOrder,1226,1,173,1674065940
cancel,1146,,,1674066444
cancel,1226,,,1674066444
newOrder,1155,0,172,1674066463
newOrder,1236,1,172,1674066463
cancel,1236,,,1674066513
newOrder,1112,0,174,1674066526
newOrder,1197,1,174,1674066526
newOrder,1207,1,67,1674066526
cancel,1112,,,1674066536
cancel,1207,,,1674066536
newOrder,1150,0,172,1674066554
newOrder,1247,1,172,1674066554
cancel,1150,,,1674066948
cancel,1247,,,1674066948
newOrder,1161,0,172,1674066961
newOrder,1242,1,172,1674066961
cancel,1161,,,1674067462
cancel,1242,,,1674067462
newOrder,1149,0,172,1674067473
newOrder,1229,1,172,1674067473
cancel,1149,,,1674067977
cancel,1229,,,1674067977
newOrder,1142,0,173,1674068002
newOrder,1221,1,173,1674068002
newOrder,1050,0,398,1674068002
newOrder,1697,1,690,1674068002
cancel,1050,,,1674068492
cancel,1142,,,1674068492
cancel,1221,,,1674068492
cancel,1697,,,1674068492
newOrder,1141,0,173,1674068502
newOrder,1220,1,173,1674068502
cancel,1141,,,1674069002
cancel,1220,,,1674069002
newOrder,1134,0,173,1674069012
newOrder,1213,1,173,1674069012
cancel,1134,,,1674069517
cancel,1213,,,1674069517
newOrder,1145,0,172,1674069550
newOrder,1225,1,172,1674069550
cancel,1145,,,1674069818
newOrder,1179,0,171,1674069843
newOrder,1270,1,171,1674069843
newOrder,650,0,685,1674069843
newOrder,1697,1,685,1674069843
cancel,650,,,1674069916
cancel,1270,,,1674069916
cancel,1697,,,1674069916
newOrder,1131,0,173,1674069933
newOrder,1226,1,173,1674069933
cancel,1131,,,1674070028
cancel,1226,,,1674070028
newOrder,1137,0,173,1674070060
newOrder,1216,1,173,1674070060
cancel,1137,,,1674070472
newOrder,1170,0,171,1674070484
newOrder,1261,1,171,1674070484
newOrder,1000,0,686,1674070484
newOrder,1697,1,686,1674070484
cancel,1000,,,1674070539
cancel,1170,,,1674070539
cancel,1261,,,1674070539
cancel,1697,,,1674070539
newOrder,1135,0,173,1674070567
newOrder,1214,1,173,1674070567
cancel,1135,,,1674071055
cancel,1214,,,1674071055
newOrder,1132,0,173,1674071084
newOrder,1211,1,173,1674071084
cancel,1132,,,1674071566
cancel,1211,,,1674071566
newOrder,1127,0,173,1674071608
newOrder,1206,1,173,1674071608
cancel,1127,,,1674072077
cancel,1206,,,1674072077
newOrder,1121,0,173,1674072113
newOrder,1200,1,173,1674072113
cancel,1121,,,1674072592
cancel,1200,,,1674072592
newOrder,1108,0,174,1674072604
newOrder,1186,1,174,1674072604
cancel,1108,,,1674073108
cancel,1186,,,1674073108
newOrder,1110,0,174,1674073135
newOrder,1188,1,174,1674073135
cancel,1110,,,1674073625
cancel,1188,,,1674073625
newOrder,1101,0,174,1674073654
newOrder,1178,1,174,1674073654
cancel,1101,,,1674074136
cancel,1178,,,1674074136
newOrder,1085,0,175,1674074164
newOrder,1161,1,175,1674074164
cancel,1085,,,1674074646
cancel,1161,,,1674074646
newOrder,1084,0,175,1674074682
newOrder,1160,1,175,1674074682
cancel,1084,,,1674075160
cancel,1160,,,1674075160
newOrder,1081,0,175,1674075193
newOrder,1156,1,175,1674075193
cancel,1081,,,1674075676
cancel,1156,,,1674075676
newOrder,1083,0,175,1674075698
newOrder,1159,1,175,1674075698
newOrder,1052,0,150,1674075698
newOrder,1697,1,700,1674075698
cancel,1052,,,1674076183
cancel,1083,,,1674076183
cancel,1159,,,1674076183
cancel,1697,,,1674076183
newOrder,1084,0,175,1674076193
newOrder,1160,1,175,1674076193
cancel,1084,,,1674076699
cancel,1160,,,1674076699
newOrder,1097,0,174,1674076756
newOrder,1174,1,174,1674076756
cancel,1097,,,1674077209
cancel,1174,,,1674077209
newOrder,1093,0,174,1674077233
newOrder,1169,1,174,1674077233
cancel,1093,,,1674077721
cancel,1169,,,1674077721
newOrder,1109,0,174,1674077732
newOrder,1187,1,174,1674077732
newOrder,1052,0,262,1674077732
newOrder,1697,1,694,1674077732
cancel,1187,,,1674077956
cancel,1697,,,1674077956
newOrder,1067,0,175,1674077980
newOrder,1150,1,175,1674077980
newOrder,1158,1,64,1674077980
cancel,1067,,,1674078005
cancel,1158,,,1674078005
newOrder,1105,0,173,1674078008
newOrder,1198,1,173,1674078008
cancel,1105,,,1674078234
cancel,1198,,,1674078234
newOrder,1114,0,173,1674078244
newOrder,1192,1,173,1674078244
cancel,1114,,,1674078747
cancel,1192,,,1674078747
newOrder,1112,0,173,1674078760
newOrder,1190,1,173,1674078760
cancel,1112,,,1674079259
cancel,1190,,,1674079259
newOrder,1109,0,174,1674079296
newOrder,1186,1,174,1674079296
cancel,1109,,,1674079774
cancel,1186,,,1674079774
newOrder,1101,0,174,1674079809
newOrder,1178,1,174,1674079809
cancel,1101,,,1674080287
cancel,1178,,,1674080287
newOrder,1088,0,174,1674080316
newOrder,1164,1,174,1674080316
newOrder,1052,0,172,1674080316
newOrder,1697,1,698,1674080316
cancel,1052,,,1674080798
cancel,1088,,,1674080798
cancel,1164,,,1674080798
cancel,1697,,,1674080798
newOrder,1086,0,175,1674080826
newOrder,1161,1,175,1674080826
cancel,1086,,,1674081310
cancel,1161,,,1674081310
newOrder,1085,0,175,1674081351
newOrder,1161,1,175,1674081351
cancel,1085,,,1674081824
cancel,1161,,,1674081824
newOrder,1082,0,175,1674081852
newOrder,1157,1,175,1674081852
cancel,1082,,,1674082337
cancel,1157,,,1674082337
newOrder,1085,0,175,1674082356
newOrder,1161,1,175,1674082356
cancel,1085,,,1674082851
cancel,1161,,,1674082851
newOrder,1084,0,175,1674082863
newOrder,1160,1,175,1674082863
newOrder,1052,0,155,1674082863
newOrder,1697,1,698,1674082863
cancel,1052,,,1674083362
cancel,1084,,,1674083362
cancel,1160,,,1674083362
cancel,1697,,,1674083362
newOrder,1087,0,174,1674083371
newOrder,1163,1,174,1674083371
cancel,1087,,,1674083877
cancel,1163,,,1674083877
newOrder,1083,0,175,1674083897
newOrder,1159,1,175,1674083897
cancel,1083,,,1674084387
cancel,1159,,,1674084387
newOrder,1082,0,175,1674084426
newOrder,1158,1,175,1674084426
newOrder,1052,0,145,1674084426
newOrder,1697,1,699,1674084426
cancel,1052,,,1674084900
cancel,1082,,,1674084900
cancel,1158,,,1674084900
cancel,1697,,,1674084900
newOrder,1076,0,175,1674084912
newOrder,1151,1,175,1674084912
cancel,1076,,,1674085414
cancel,1151,,,1674085414
newOrder,1070,0,175,1674085442
newOrder,1145,1,175,1674085442
cancel,1070,,,1674085928
cancel,1145,,,1674085928
newOrder,1068,0,175,1674085938
newOrder,1143,1,175,1674085938
cancel,1068,,,1674086440
cancel,1143,,,1674086440
newOrder,1059,0,176,1674086458
newOrder,1134,1,176,1674086458
cancel,1059,,,1674086952
cancel,1134,,,1674086952
newOrder,1032,0,177,1674086976
newOrder,1105,1,177,1674086976
cancel,1032,,,1674087466
cancel,1105,,,1674087466
newOrder,1027,0,178,1674087492
newOrder,1098,1,178,1674087492
cancel,1027,,,1674087978
cancel,1098,,,1674087978
newOrder,1041,0,177,1674087995
newOrder,1114,1,177,1674087995
newOrder,1697,1,707,1674087995
cancel,1041,,,1674088490
cancel,1114,,,1674088490
cancel,1697,,,1674088490
newOrder,1042,0,177,1674088525
newOrder,1115,1,177,1674088525
cancel,1042,,,1674089004
cancel,1115,,,1674089004
newOrder,1052,0,176,1674089020
newOrder,1126,1,176,1674089020
cancel,1052,,,1674089518
cancel,1126,,,1674089518
newOrder,1054,0,176,1674089557
newOrder,1127,1,176,1674089557
cancel,1054,,,1674090030
cancel,1127,,,1674090030
newOrder,1055,0,176,1674090040
newOrder,1129,1,176,1674090040
cancel,1055,,,1674090543
cancel,1129,,,1674090543
newOrder,1059,0,176,1674090578
newOrder,1134,1,176,1674090578
cancel,1059,,,1674091055
cancel,1134,,,1674091055
newOrder,1074,0,175,1674091086
newOrder,1149,1,175,1674091086
newOrder,1052,0,111,1674091086
newOrder,1697,1,699,1674091086
cancel,1052,,,1674091567
cancel,1074,,,1674091567
cancel,1149,,,1674091567
cancel,1697,,,1674091567
newOrder,1082,0,174,1674091577
newOrder,1157,1,174,1674091577
cancel,1082,,,1674092081
cancel,1157,,,1674092081
newOrder,1079,0,175,1674092102
newOrder,1154,1,175,1674092102
cancel,1079,,,1674092594
cancel,1154,,,1674092594
newOrder,1079,0,175,1674092603
newOrder,1154,1,175,1674092603
cancel,1079,,,1674093106
cancel,1154,,,1674093106
newOrder,1077,0,175,1674093116
newOrder,1152,1,175,1674093116
cancel,1077,,,1674093624
cancel,1152,,,1674093624
newOrder,1075,0,175,1674093639
newOrder,1150,1,175,1674093639
cancel,1075,,,1674094133
cancel,1150,,,1674094133
newOrder,1084,0,174,1674094165
newOrder,1159,1,174,1674094165
cancel,1084,,,1674094647
cancel,1159,,,1674094647
newOrder,1094,0,174,1674094678
newOrder,1170,1,174,1674094678
cancel,1094,,,1674095158
cancel,1170,,,1674095158
newOrder,1091,0,174,1674095185
newOrder,1167,1,174,1674095185
cancel,1091,,,1674095672
cancel,1167,,,1674095672
newOrder,1094,0,174,1674095692
newOrder,1170,1,174,1674095692
cancel,1170,,,1674095995
newOrder,1053,0,176,1674096015
newOrder,1134,1,176,1674096015
newOrder,1182,1,252,1674096015
cancel,1053,,,1674096184
cancel,1134,,,1674096184
cancel,1182,,,1674096184
newOrder,1107,0,173,1674096217
newOrder,1185,1,173,1674096217
newOrder,1052,0,254,1674096217
newOrder,1697,1,692,1674096217
cancel,1052,,,1674096696
cancel,1107,,,1674096696
cancel,1185,,,1674096696
cancel,1697,,,1674096696
newOrder,1107,0,173,1674096711
newOrder,1185,1,173,1674096711
cancel,1107,,,1674097210
cancel,1185,,,1674097210
newOrder,1110,0,173,1674097732
newOrder,1188,1,173,1674097732
cancel,1110,,,1674098235
cancel,1188,,,1674098235
newOrder,1109,0,173,1674098252
newOrder,1187,1,173,1674098252
cancel,1109,,,1674098748
cancel,1187,,,1674098748
newOrder,1116,0,173,1674098761
newOrder,1194,1,173,1674098761
cancel,1116,,,1674099259
cancel,1194,,,1674099259
newOrder,1116,0,173,1674099297
newOrder,1194,1,173,1674099297
newOrder,1052,0,289,1674099297
newOrder,1697,1,691,1674099297
cancel,1052,,,1674099775
cancel,1116,,,1674099775
cancel,1194,,,1674099775
cancel,1697,,,1674099775
newOrder,1129,0,172,1674099798
newOrder,1208,1,172,1674099798
cancel,1129,,,1674100287
cancel,1208,,,1674100287
newOrder,1131,0,172,1674100314
newOrder,1210,1,172,1674100314
cancel,1131,,,1674100801
cancel,1210,,,1674100801
newOrder,1124,0,172,1674100831
newOrder,1202,1,172,1674100831
cancel,1124,,,1674101312
cancel,1202,,,1674101312
newOrder,1128,0,172,1674101324
newOrder,1206,1,172,1674101324
newOrder,1052,0,337,1674101324
newOrder,1697,1,688,1674101324
cancel,1052,,,1674101824
cancel,1128,,,1674101824
cancel,1206,,,1674101824
cancel,1697,,,1674101824
newOrder,1132,0,172,1674101851
newOrder,1211,1,172,1674101851
cancel,1132,,,1674102339
cancel,1211,,,1674102339
newOrder,1135,0,172,1674102371
newOrder,1214,1,172,1674102371
cancel,1135,,,1674102853
cancel,1214,,,1674102853
newOrder,1137,0,172,1674102879
newOrder,1217,1,172,1674102879
cancel,1137,,,1674103364
cancel,1217,,,1674103364
newOrder,1136,0,172,1674103374
newOrder,1215,1,172,1674103374
cancel,1136,,,1674103880
cancel,1215,,,1674103880
newOrder,1127,0,172,1674103908
newOrder,1206,1,172,1674103908
cancel,1127,,,1674104389
cancel,1206,,,1674104389
newOrder,1127,0,172,1674104400
newOrder,1206,1,172,1674104400
cancel,1127,,,1674104902
cancel,1206,,,1674104902
newOrder,1125,0,172,1674104935
newOrder,1204,1,172,1674104935
cancel,1125,,,1674105415
cancel,1204,,,1674105415
newOrder,1119,0,172,1674105432
newOrder,1197,1,172,1674105432
cancel,1119,,,1674105928
cancel,1197,,,1674105928
newOrder,1115,0,172,1674105954
newOrder,1193,1,172,1674105954
cancel,1115,,,1674106441
cancel,1193,,,1674106441
newOrder,1108,0,173,1674106470
newOrder,1185,1,173,1674106470
cancel,1108,,,1674106953
cancel,1185,,,1674106953
newOrder,1096,0,173,1674106965
newOrder,1173,1,173,1674106965
cancel,1096,,,1674107467
cancel,1173,,,1674107467
newOrder,1097,0,173,1674107486
newOrder,1174,1,173,1674107486
cancel,1097,,,1674107979
cancel,1174,,,1674107979
newOrder,1098,0,173,1674108007
newOrder,1175,1,173,1674108007
cancel,1098,,,1674108492
cancel,1175,,,1674108492
newOrder,1099,0,173,1674108516
newOrder,1175,1,173,1674108516
cancel,1099,,,1674109007
cancel,1175,,,1674109007
newOrder,1098,0,173,1674109015
newOrder,1175,1,173,1674109015
cancel,1098,,,1674109519
cancel,1175,,,1674109519
newOrder,1098,0,173,1674109547
newOrder,1175,1,173,1674109547
cancel,1098,,,1674110030
cancel,1175,,,1674110030
newOrder,1098,0,173,1674110038
newOrder,1175,1,173,1674110038
cancel,1098,,,1674110544
cancel,1175,,,1674110544
newOrder,1099,0,173,1674110572
newOrder,1175,1,173,1674110572
cancel,1099,,,1674111056
cancel,1175,,,1674111056
newOrder,1103,0,173,1674111066
newOrder,1180,1,173,1674111066
cancel,1103,,,1674111570
cancel,1180,,,1674111570
newOrder,1103,0,173,1674111585
newOrder,1180,1,173,1674111585
cancel,1103,,,1674112082
cancel,1180,,,1674112082
newOrder,1104,0,173,1674112091
newOrder,1181,1,173,1674112091
cancel,1104,,,1674112595
cancel,1181,,,1674112595
newOrder,1115,0,172,1674112615
newOrder,1192,1,172,1674112615
cancel,1115,,,1674113109
cancel,1192,,,1674113109
newOrder,1108,0,172,1674113134
newOrder,1186,1,172,1674113134
cancel,1108,,,1674113620
cancel,1186,,,1674113620
newOrder,1110,0,172,1674113640
newOrder,1187,1,172,1674113640
cancel,1110,,,1674114134
cancel,1187,,,1674114134
newOrder,1107,0,173,1674114162
newOrder,1184,1,173,1674114162
cancel,1107,,,1674114649
cancel,1184,,,1674114649
newOrder,1106,0,173,1674114676
newOrder,1184,1,173,1674114676
cancel,1106,,,1674115160
cancel,1184,,,1674115160
newOrder,1105,0,173,1674115187
newOrder,1182,1,173,1674115187
cancel,1105,,,1674115672
cancel,1182,,,1674115672
newOrder,1104,0,173,1674115691
newOrder,1181,1,173,1674115691
cancel,1104,,,1674116185
cancel,1181,,,1674116185
newOrder,1100,0,173,1674116214
newOrder,1177,1,173,1674116214
cancel,1100,,,1674116698
cancel,1177,,,1674116698
newOrder,1091,0,173,1674116730
newOrder,1167,1,173,1674116730
cancel,1091,,,1674117211
cancel,1167,,,1674117211
newOrder,1083,0,173,1674117220
newOrder,1159,1,173,1674117220
cancel,1083,,,1674117724
cancel,1159,,,1674117724
newOrder,1086,0,173,1674117755
newOrder,1162,1,173,1674117755
cancel,1086,,,1674118238
cancel,1162,,,1674118238
newOrder,1083,0,173,1674118264
newOrder,1159,1,173,1674118264
cancel,1083,,,1674118751
cancel,1159,,,1674118751
newOrder,1073,0,174,1674118786
newOrder,1148,1,174,1674118786
newOrder,1052,0,104,1674118786
newOrder,1696,1,696,1674118786
cancel,1052,,,1674119262
cancel,1073,,,1674119262
cancel,1148,,,1674119262
cancel,1696,,,1674119262
newOrder,1076,0,174,1674119290
newOrder,1151,1,174,1674119290
cancel,1076,,,1674119774
cancel,1151,,,1674119774
newOrder,1079,0,174,1674119803
newOrder,1155,1,174,1674119803
newOrder,1052,0,132,1674119803
newOrder,1695,1,694,1674119803
cancel,1052,,,1674120291
cancel,1079,,,1674120291
cancel,1155,,,1674120291
cancel,1695,,,1674120291
newOrder,1078,0,174,1674120317
newOrder,1154,1,174,1674120317
cancel,1078,,,1674120800
cancel,1154,,,1674120800
newOrder,1077,0,174,1674120810
newOrder,1152,1,174,1674120810
cancel,1077,,,1674121314
cancel,1152,,,1674121314
newOrder,1081,0,173,1674121342
newOrder,1157,1,173,1674121342
cancel,1081,,,1674121827
cancel,1157,,,1674121827
newOrder,1081,0,173,1674121836
newOrder,1157,1,173,1674121836
cancel,1081,,,1674122339
cancel,1157,,,1674122339
newOrder,1081,0,173,1674122349
newOrder,1157,1,173,1674122349
cancel,1081,,,1674122853
cancel,1157,,,1674122853
newOrder,1084,0,173,1674122861
newOrder,1160,1,173,1674122861
cancel,1084,,,1674123364
cancel,1160,,,1674123364
newOrder,1085,0,173,1674123376
newOrder,1161,1,173,1674123376
cancel,1085,,,1674123879
cancel,1161,,,1674123879
newOrder,1086,0,173,1674123890
newOrder,1161,1,173,1674123890
cancel,1086,,,1674124393
cancel,1161,,,1674124393
newOrder,1082,0,173,1674124435
newOrder,1158,1,173,1674124435
cancel,1082,,,1674124903
cancel,1158,,,1674124903
newOrder,1077,0,174,1674124914
newOrder,1153,1,174,1674124914
cancel,1077,,,1674125417
cancel,1153,,,1674125417
newOrder,1074,0,174,1674125443
newOrder,1149,1,174,1674125443
cancel,1074,,,1674125928
cancel,1149,,,1674125928
newOrder,1078,0,173,1674125939
newOrder,1153,1,173,1674125939
cancel,1078,,,1674126442
cancel,1153,,,1674126442
newOrder,1077,0,173,1674126468
newOrder,1152,1,173,1674126468
cancel,1152,,,1674126897
newOrder,1037,0,176,1674126927
newOrder,1116,1,176,1674126927
newOrder,1695,1,702,1674126927
cancel,1037,,,1674126948
cancel,1695,,,1674126948
newOrder,1078,0,173,1674126960
newOrder,1153,1,173,1674126960
newOrder,1070,0,173,1674126965
newOrder,1161,1,173,1674126965
cancel,1070,,,1674127470
cancel,1078,,,1674127470
cancel,1153,,,1674127470
cancel,1161,,,1674127470
newOrder,1071,0,174,1674127479
newOrder,1146,1,174,1674127479
cancel,1071,,,1674127979
cancel,1146,,,1674127979
newOrder,1068,0,174,1674127996
newOrder,1143,1,174,1674127996
newOrder,1052,0,81,1674127996
newOrder,1695,1,696,1674127996
cancel,1052,,,1674128494
cancel,1068,,,1674128494
cancel,1143,,,1674128494
cancel,1695,,,1674128494
newOrder,1057,0,174,1674128505
newOrder,1131,1,174,1674128505
cancel,1057,,,1674129006
cancel,1131,,,1674129006
newOrder,1061,0,174,1674129023
newOrder,1135,1,174,1674129023
cancel,1061,,,1674129519
cancel,1135,,,1674129519
newOrder,1063,0,174,1674129529
newOrder,1137,1,174,1674129529
cancel,1063,,,1674130031
cancel,1137,,,1674130031
newOrder,1059,0,174,1674130045
newOrder,1133,1,174,1674130045