instruction,price,side,qty,time
cancel,394,,,1686139676
cancel,401,,,1686139676
newOrder,394,0,2504,1686139702
newOrder,401,1,2504,1686139702
cancel,394,,,1686140277
cancel,401,,,1686140277
newOrder,393,0,2498,1686140304
newOrder,400,1,2498,1686140304
newOrder,394,0,267,1686140304
cancel,393,,,1686140876
cancel,394,,,1686140876
cancel,400,,,1686140876
newOrder,393,0,2494,1686140905
newOrder,400,1,2494,1686140905
newOrder,328,0,8064,1686140905
newOrder,399,1,68,1686140905
cancel,328,,,1686141478
cancel,393,,,1686141478
cancel,399,,,1686141478
cancel,400,,,1686141478
newOrder,394,0,2501,1686141505
newOrder,401,1,2501,1686141505
newOrder,328,0,4956,1686141505
cancel,328,,,1686142078
cancel,394,,,1686142078
cancel,401,,,1686142078
newOrder,393,0,2493,1686142107
newOrder,400,1,2493,1686142107
newOrder,328,0,4304,1686142107
cancel,328,,,1686142676
cancel,393,,,1686142676
cancel,400,,,1686142676
newOrder,391,0,2479,1686142705
newOrder,398,1,2479,1686142705
newOrder,328,0,10868,1686142705
cancel,328,,,1686143280
cancel,391,,,1686143280
cancel,398,,,1686143280
newOrder,390,0,2468,1686143309
newOrder,397,1,2468,1686143309
newOrder,328,0,12758,1686143309
cancel,328,,,1686143877
cancel,390,,,1686143877
cancel,397,,,1686143877
newOrder,391,0,2479,1686143906
newOrder,398,1,2479,1686143906
newOrder,328,0,9170,1686143906
cancel,328,,,1686144476
cancel,391,,,1686144476
cancel,398,,,1686144476
newOrder,391,0,2478,1686144502
newOrder,398,1,2478,1686144502
cancel,391,,,1686145077
cancel,398,,,1686145077
newOrder,389,0,2466,1686145106
newOrder,396,1,2466,1686145106
cancel,389,,,1686145676
cancel,396,,,1686145676
newOrder,387,0,2446,1686145703
newOrder,394,1,2446,1686145703
cancel,387,,,1686146280
cancel,394,,,1686146280
newOrder,388,0,2460,1686146306
newOrder,395,1,2460,1686146306
cancel,388,,,1686146877
cancel,395,,,1686146877
newOrder,386,0,2441,1686146905
newOrder,393,1,2441,1686146905
cancel,386,,,1686147476
cancel,393,,,1686147476
newOrder,387,0,2446,1686147503
newOrder,394,1,2446,1686147503
cancel,394,,,1686147911
newOrder,383,0,2416,1686147922
newOrder,391,1,2416,1686147922
newOrder,384,0,379,1686147922
cancel,383,,,1686148076
cancel,384,,,1686148076
cancel,391,,,1686148076
newOrder,383,0,2412,1686148104
newOrder,390,1,2412,1686148104
cancel,390,,,1686148513
newOrder,379,0,2378,1686148520
newOrder,387,1,2378,1686148520
cancel,379,,,1686148678
cancel,387,,,1686148678
newOrder,379,0,2377,1686148705
newOrder,386,1,2377,1686148705
cancel,379,,,1686149276
cancel,386,,,1686149276
newOrder,380,0,2383,1686149305
newOrder,387,1,2383,1686149305
newOrder,386,1,57,1686149305
cancel,380,,,1686149876
cancel,386,,,1686149876
cancel,387,,,1686149876
newOrder,381,0,2394,1686149902
newOrder,388,1,2394,1686149902
cancel,381,,,1686150299
newOrder,384,0,2426,1686150310
newOrder,392,1,2426,1686150310
newOrder,394,1,2474,1686150310
cancel,384,,,1686150457
cancel,394,,,1686150457
newOrder,388,0,2462,1686150466
newOrder,396,1,2462,1686150466
newOrder,328,0,11680,1686150466
newOrder,399,1,3162,1686150466
cancel,328,,,1686150477
cancel,388,,,1686150477
cancel,396,,,1686150477
cancel,399,,,1686150477
newOrder,390,0,2478,1686150508
newOrder,397,1,2478,1686150508
newOrder,328,0,8478,1686150508
newOrder,399,1,1821,1686150508
cancel,328,,,1686150909
cancel,397,,,1686150909
cancel,399,,,1686150909
newOrder,386,0,2444,1686150917
newOrder,394,1,2444,1686150917
newOrder,387,0,362,1686150917
cancel,386,,,1686151076
cancel,387,,,1686151076
cancel,394,,,1686151076
newOrder,384,0,2422,1686151105
newOrder,391,1,2422,1686151105
newOrder,384,0,771,1686151105
newOrder,396,1,4180,1686151105
cancel,384,,,1686151677
cancel,384,,,1686151677
cancel,391,,,1686151677
cancel,396,,,1686151677
newOrder,384,0,2425,1686151703
newOrder,391,1,2425,1686151703
cancel,384,,,1686151775
newOrder,387,0,2454,1686151784
newOrder,395,1,2454,1686151784
newOrder,387,0,1059,1686151784
cancel,387,,,1686152276
cancel,387,,,1686152276
cancel,395,,,1686152276
newOrder,388,0,2460,1686152306
newOrder,395,1,2460,1686152306
newOrder,397,1,1977,1686152306
cancel,395,,,1686152683
cancel,397,,,1686152683
newOrder,384,0,2427,1686152691
newOrder,392,1,2427,1686152691
newOrder,385,0,374,1686152691
cancel,384,,,1686152876
cancel,385,,,1686152876
cancel,392,,,1686152876
newOrder,383,0,2409,1686152903
newOrder,390,1,2409,1686152903
cancel,383,,,1686153477
cancel,390,,,1686153477
newOrder,382,0,2408,1686153503
newOrder,389,1,2408,1686153503
cancel,382,,,1686154075
cancel,389,,,1686154075
newOrder,383,0,2414,1686154104
newOrder,390,1,2414,1686154104
cancel,383,,,1686154676
cancel,390,,,1686154676
newOrder,384,0,2421,1686154709
newOrder,391,1,2421,1686154709
newOrder,328,0,1948,1686154709
newOrder,390,1,206,1686154709
cancel,328,,,1686155278
cancel,384,,,1686155278
cancel,390,,,1686155278
cancel,391,,,1686155278
newOrder,380,0,2382,1686155308
newOrder,387,1,2382,1686155308
newOrder,328,0,9729,1686155308
newOrder,386,1,337,1686155308
cancel,328,,,1686155877
cancel,380,,,1686155877
cancel,387,,,1686155877
newOrder,381,0,2395,1686155903
newOrder,388,1,2395,1686155903
newOrder,328,0,10172,1686155903
cancel,328,,,1686156476
cancel,381,,,1686156476
cancel,388,,,1686156476
newOrder,383,0,2411,1686156505
newOrder,389,1,2411,1686156505
newOrder,328,0,1549,1686156505
newOrder,391,1,1549,1686156505
cancel,328,,,1686157078
cancel,383,,,1686157078
cancel,389,,,1686157078
cancel,391,,,1686157078
newOrder,381,0,2399,1686157106
newOrder,388,1,2399,1686157106
newOrder,382,0,283,1686157106
cancel,381,,,1686157676
cancel,388,,,1686157676
newOrder,378,0,2366,1686157706
newOrder,385,1,2366,1686157706
newOrder,328,0,12097,1686157706
newOrder,385,1,849,1686157706
cancel,328,,,1686158276
cancel,378,,,1686158276
cancel,385,,,1686158276
cancel,385,,,1686158276
newOrder,380,0,2382,1686158307
newOrder,386,1,2382,1686158307
newOrder,328,0,10640,1686158307
cancel,328,,,1686158877
cancel,380,,,1686158877
cancel,386,,,1686158877
newOrder,378,0,2367,1686158907
newOrder,385,1,2367,1686158907
newOrder,328,0,5625,1686158907
newOrder,384,1,52,1686158907
cancel,328,,,1686159300
cancel,378,,,1686159300
newOrder,381,0,2402,1686159319
newOrder,389,1,2402,1686159319
cancel,381,,,1686159477
cancel,389,,,1686159477
newOrder,382,0,2407,1686159504
newOrder,389,1,2407,1686159504
cancel,382,,,1686160076
cancel,389,,,1686160076
newOrder,381,0,2401,1686160102
newOrder,388,1,2401,1686160102
cancel,381,,,1686160676
cancel,388,,,1686160676
newOrder,382,0,2403,1686160705
newOrder,389,1,2403,1686160705
newOrder,328,0,12935,1686160705
newOrder,544,1,12935,1686160705
cancel,328,,,1686161276
cancel,382,,,1686161276
cancel,389,,,1686161276
cancel,544,,,1686161276
newOrder,382,0,2403,1686161302
newOrder,388,1,2403,1686161302
cancel,382,,,1686161878
cancel,388,,,1686161878
newOrder,382,0,2405,1686161905
newOrder,389,1,2405,1686161905
newOrder,382,0,560,1686161905
cancel,382,,,1686162478
cancel,382,,,1686162478
cancel,389,,,1686162478
newOrder,381,0,2395,1686163103
newOrder,388,1,2395,1686163103
cancel,381,,,1686163678
cancel,388,,,1686163678
newOrder,380,0,2389,1686163708
newOrder,387,1,2389,1686163708
cancel,380,,,1686164276
cancel,387,,,1686164276
newOrder,381,0,2395,1686164283
newOrder,388,1,2395,1686164283
cancel,381,,,1686164876
cancel,388,,,1686164876
newOrder,380,0,2390,1686164904
newOrder,387,1,2390,1686164904
newOrder,328,0,11984,1686164904
newOrder,542,1,11984,1686164904
cancel,328,,,1686165477
cancel,380,,,1686165477
cancel,387,,,1686165477
cancel,542,,,1686165477
newOrder,381,0,2397,1686165508
newOrder,388,1,2397,1686165508
cancel,388,,,1686165962
newOrder,377,0,2365,1686165971
newOrder,385,1,2365,1686165971
newOrder,328,0,12143,1686165971
newOrder,384,1,414,1686165971
cancel,328,,,1686166076
cancel,377,,,1686166076
cancel,384,,,1686166076
cancel,385,,,1686166076
newOrder,378,0,2373,1686166104
newOrder,385,1,2373,1686166104
newOrder,328,0,9995,1686166104
cancel,328,,,1686166677
cancel,378,,,1686166677
cancel,385,,,1686166677
newOrder,380,0,2391,1686166703
newOrder,387,1,2391,1686166703
newOrder,328,0,9836,1686166703
cancel,328,,,1686167276
cancel,380,,,1686167276
cancel,387,,,1686167276
newOrder,380,0,2389,1686167304
newOrder,387,1,2389,1686167304
newOrder,328,0,8002,1686167304
cancel,328,,,1686167877
cancel,380,,,1686167877
cancel,387,,,1686167877
newOrder,380,0,2391,1686167905
newOrder,387,1,2391,1686167905
newOrder,328,0,5483,1686167905
cancel,328,,,1686168477
cancel,380,,,1686168477
cancel,387,,,1686168477
newOrder,380,0,2392,1686168507
newOrder,387,1,2392,1686168507
newOrder,328,0,6290,1686168507
cancel,328,,,1686169076
cancel,380,,,1686169076
cancel,387,,,1686169076
newOrder,379,0,2385,1686169105
newOrder,386,1,2385,1686169105
newOrder,328,0,11073,1686169105
newOrder,386,1,485,1686169105
cancel,328,,,1686169677
cancel,379,,,1686169677
cancel,386,,,1686169677
cancel,386,,,1686169677
newOrder,381,0,2401,1686169706
newOrder,388,1,2401,1686169706
newOrder,328,0,5289,1686169706
cancel,328,,,1686170276
cancel,381,,,1686170276
cancel,388,,,1686170276
newOrder,379,0,2378,1686170305
newOrder,386,1,2378,1686170305
newOrder,328,0,12136,1686170305
newOrder,387,1,1717,1686170305
cancel,328,,,1686170877
cancel,379,,,1686170877
cancel,386,,,1686170877
cancel,387,,,1686170877
newOrder,378,0,2368,1686170905
newOrder,385,1,2368,1686170905
newOrder,328,0,7892,1686170905
newOrder,384,1,335,1686170905
cancel,328,,,1686171476
cancel,378,,,1686171476
cancel,384,,,1686171476
cancel,385,,,1686171476
newOrder,378,0,2367,1686171507
newOrder,384,1,2367,1686171507
newOrder,328,0,8503,1686171507
newOrder,385,1,1083,1686171507
cancel,328,,,1686172077
cancel,378,,,1686172077
cancel,384,,,1686172077
cancel,385,,,1686172077
newOrder,377,0,2364,1686172107
newOrder,384,1,2364,1686172107
newOrder,328,0,7636,1686172107
newOrder,385,1,1300,1686172107
cancel,328,,,1686172676
cancel,377,,,1686172676
cancel,384,,,1686172676
cancel,385,,,1686172676
newOrder,378,0,2375,1686172706
newOrder,385,1,2375,1686172706
newOrder,328,0,9325,1686172706
cancel,328,,,1686173277
cancel,378,,,1686173277
cancel,385,,,1686173277
newOrder,378,0,2372,1686173304
newOrder,385,1,2372,1686173304
newOrder,328,0,1838,1686173304
cancel,328,,,1686173876
cancel,378,,,1686173876
cancel,385,,,1686173876
newOrder,378,0,2372,1686173904
newOrder,385,1,2372,1686173904
newOrder,328,0,11559,1686173904
newOrder,384,1,83,1686173904
cancel,328,,,1686174476
cancel,378,,,1686174476
cancel,384,,,1686174476
cancel,385,,,1686174476
newOrder,378,0,2371,1686174506
newOrder,385,1,2371,1686174506
newOrder,328,0,8270,1686174506
newOrder,384,1,195,1686174506
cancel,328,,,1686175077
cancel,378,,,1686175077
cancel,384,,,1686175077
cancel,385,,,1686175077
newOrder,376,0,2354,1686175108
newOrder,383,1,2354,1686175108
newOrder,328,0,6085,1686175108
newOrder,384,1,1335,1686175108
cancel,328,,,1686175676
cancel,376,,,1686175676
cancel,383,,,1686175676
cancel,384,,,1686175676
newOrder,378,0,2377,1686175704
newOrder,385,1,2377,1686175704
newOrder,328,0,8954,1686175704
cancel,328,,,1686176276
cancel,378,,,1686176276
cancel,385,,,1686176276
newOrder,379,0,2386,1686176303
newOrder,386,1,2386,1686176303
newOrder,328,0,10693,1686176303
cancel,328,,,1686176877
cancel,379,,,1686176877
cancel,386,,,1686176877
newOrder,378,0,2370,1686176905
newOrder,385,1,2370,1686176905
newOrder,328,0,7693,1686176905
cancel,328,,,1686177477
cancel,378,,,1686177477
cancel,385,,,1686177477
newOrder,376,0,2356,1686177507
newOrder,383,1,2356,1686177507
newOrder,328,0,12632,1686177507
newOrder,384,1,1268,1686177507
cancel,328,,,1686178076
cancel,376,,,1686178076
cancel,383,,,1686178076
cancel,384,,,1686178076
newOrder,377,0,2365,1686178106
newOrder,384,1,2365,1686178106
newOrder,328,0,10660,1686178106
newOrder,383,1,23,1686178106
cancel,328,,,1686178676
cancel,377,,,1686178676
cancel,383,,,1686178676
cancel,384,,,1686178676
newOrder,377,0,2363,1686178704
newOrder,384,1,2363,1686178704
newOrder,328,0,7513,1686178704
newOrder,385,1,1565,1686178704
cancel,328,,,1686179277
cancel,377,,,1686179277
cancel,384,,,1686179277
cancel,385,,,1686179277
newOrder,376,0,2350,1686179306
newOrder,382,1,2350,1686179306
newOrder,328,0,10406,1686179306
newOrder,383,1,1042,1686179306
cancel,328,,,1686179876
cancel,376,,,1686179876
cancel,382,,,1686179876
cancel,383,,,1686179876
newOrder,377,0,2359,1686179908
newOrder,383,1,2359,1686179908
newOrder,328,0,2447,1686179908
newOrder,384,1,1160,1686179908
cancel,328,,,1686180476
cancel,377,,,1686180476
cancel,383,,,1686180476
cancel,384,,,1686180476
newOrder,377,0,2366,1686180505
newOrder,384,1,2366,1686180505
newOrder,328,0,6380,1686180505
newOrder,384,1,646,1686180505
cancel,328,,,1686181076
cancel,377,,,1686181076
cancel,384,,,1686181076
cancel,384,,,1686181076
newOrder,378,0,2375,1686181105
newOrder,385,1,2375,1686181105
newOrder,328,0,2910,1686181105
newOrder,385,1,808,1686181105
cancel,328,,,1686181676
cancel,378,,,1686181676
cancel,385,,,1686181676
cancel,385,,,1686181676
newOrder,378,0,2374,1686181706
newOrder,385,1,2374,1686181706
newOrder,328,0,2106,1686181706
newOrder,384,1,176,1686181706
cancel,328,,,1686182276
cancel,378,,,1686182276
cancel,384,,,1686182276
cancel,385,,,1686182276
newOrder,377,0,2368,1686182307
newOrder,384,1,2368,1686182307
newOrder,328,0,11664,1686182307
newOrder,385,1,1269,1686182307
cancel,328,,,1686182876
cancel,377,,,1686182876
cancel,384,,,1686182876
cancel,385,,,1686182876
newOrder,378,0,2378,1686182904
newOrder,385,1,2378,1686182904
newOrder,328,0,3792,1686182904
cancel,328,,,1686183477
cancel,378,,,1686183477
cancel,385,,,1686183477
newOrder,377,0,2366,1686183506
newOrder,384,1,2366,1686183506
newOrder,328,0,6854,1686183506
newOrder,384,1,723,1686183506
cancel,328,,,1686184076
cancel,377,,,1686184076
cancel,384,,,1686184076
cancel,384,,,1686184076
newOrder,378,0,2378,1686184106
newOrder,385,1,2378,1686184106
newOrder,328,0,7621,1686184106
newOrder,385,1,658,1686184106
cancel,328,,,1686184676
cancel,378,,,1686184676
cancel,385,,,1686184676
cancel,385,,,1686184676
newOrder,379,0,2387,1686184705
newOrder,386,1,2387,1686184705
newOrder,328,0,8731,1686184705
newOrder,386,1,729,1686184705
cancel,328,,,1686185276
cancel,379,,,1686185276
cancel,386,,,1686185276
cancel,386,,,1686185276
newOrder,376,0,2355,1686185305
newOrder,383,1,2355,1686185305
newOrder,328,0,2323,1686185305
newOrder,384,1,1498,1686185305
cancel,328,,,1686185878
cancel,376,,,1686185878
cancel,383,,,1686185878
cancel,384,,,1686185878
newOrder,376,0,2359,1686185908
newOrder,383,1,2359,1686185908
newOrder,328,0,8900,1686185908
newOrder,385,1,1990,1686185908
cancel,328,,,1686186476
cancel,376,,,1686186476
cancel,383,,,1686186476
cancel,385,,,1686186476
newOrder,377,0,2367,1686186506
newOrder,384,1,2367,1686186506
newOrder,328,0,12128,1686186506
newOrder,384,1,773,1686186506
cancel,328,,,1686187078
cancel,377,,,1686187078
cancel,384,,,1686187078
cancel,384,,,1686187078
newOrder,377,0,2365,1686187107
newOrder,384,1,2365,1686187107
newOrder,328,0,10729,1686187107
newOrder,384,1,881,1686187107
cancel,328,,,1686187676
cancel,377,,,1686187676
cancel,384,,,1686187676
cancel,384,,,1686187676
newOrder,377,0,2371,1686187705
newOrder,384,1,2371,1686187705
newOrder,328,0,7163,1686187705
newOrder,385,1,1190,1686187705
cancel,328,,,1686188276
cancel,377,,,1686188276
cancel,384,,,1686188276
cancel,385,,,1686188276
newOrder,378,0,2374,1686188305
newOrder,385,1,2374,1686188305
newOrder,328,0,8340,1686188305
newOrder,384,1,295,1686188305
cancel,328,,,1686188876
cancel,378,,,1686188876
cancel,384,,,1686188876
cancel,385,,,1686188876
newOrder,378,0,2374,1686188905
newOrder,385,1,2374,1686188905
newOrder,328,0,9478,1686188905
newOrder,384,1,310,1686188905
cancel,328,,,1686189476
cancel,378,,,1686189476
cancel,384,,,1686189476
cancel,385,,,1686189476
newOrder,378,0,2372,1686189504
newOrder,384,1,2372,1686189504
newOrder,328,0,5990,1686189504
newOrder,384,1,478,1686189504
cancel,328,,,1686190076
cancel,378,,,1686190076
cancel,384,,,1686190076
cancel,384,,,1686190076
newOrder,377,0,2367,1686190106
newOrder,384,1,2367,1686190106
newOrder,328,0,6425,1686190106
newOrder,385,1,1565,1686190106
cancel,328,,,1686190676
cancel,377,,,1686190676
cancel,384,,,1686190676
cancel,385,,,1686190676
newOrder,377,0,2370,1686190706
newOrder,384,1,2370,1686190706
newOrder,328,0,10538,1686190706
newOrder,384,1,635,1686190706
cancel,328,,,1686191276
cancel,377,,,1686191276
cancel,384,,,1686191276
cancel,384,,,1686191276
newOrder,378,0,2374,1686191304
newOrder,384,1,2374,1686191304
newOrder,328,0,3835,1686191304
cancel,328,,,1686191876
cancel,378,,,1686191876
cancel,384,,,1686191876
newOrder,377,0,2373,1686191903
newOrder,384,1,2373,1686191903
newOrder,328,0,6770,1686191903
cancel,328,,,1686192476
cancel,377,,,1686192476
cancel,384,,,1686192476
newOrder,377,0,2368,1686192505
newOrder,384,1,2368,1686192505
newOrder,328,0,7016,1686192505
newOrder,384,1,816,1686192505
cancel,328,,,1686193077
cancel,377,,,1686193077
cancel,384,,,1686193077
cancel,384,,,1686193077
newOrder,376,0,2361,1686193106
newOrder,383,1,2361,1686193106
newOrder,328,0,7040,1686193106
newOrder,384,1,1332,1686193106
cancel,328,,,1686193677
cancel,376,,,1686193677
cancel,383,,,1686193677
cancel,384,,,1686193677
newOrder,376,0,2358,1686193704
newOrder,383,1,2358,1686193704
newOrder,328,0,4967,1686193704
newOrder,383,1,793,1686193704
cancel,328,,,1686194276
cancel,376,,,1686194276
cancel,383,,,1686194276
cancel,383,,,1686194276
newOrder,376,0,2361,1686194304
newOrder,383,1,2361,1686194304
newOrder,328,0,7633,1686194304
cancel,328,,,1686194877
cancel,376,,,1686194877
cancel,383,,,1686194877
newOrder,375,0,2345,1686194905
newOrder,382,1,2345,1686194905
newOrder,328,0,2449,1686194905
newOrder,382,1,1025,1686194905
cancel,328,,,1686195476
cancel,375,,,1686195476
cancel,382,,,1686195476
cancel,382,,,1686195476
newOrder,376,0,2357,1686195504
newOrder,383,1,2357,1686195504
newOrder,328,0,3746,1686195504
newOrder,383,1,911,1686195504
cancel,328,,,1686196075
cancel,376,,,1686196075
cancel,383,,,1686196075
cancel,383,,,1686196075
newOrder,377,0,2367,1686196104
newOrder,384,1,2367,1686196104
newOrder,328,0,3451,1686196104
cancel,328,,,1686196676
cancel,377,,,1686196676
cancel,384,,,1686196676
newOrder,377,0,2367,1686196703
newOrder,384,1,2367,1686196703
newOrder,328,0,11820,1686196703
newOrder,384,1,972,1686196703
cancel,328,,,1686197276
cancel,377,,,1686197276
cancel,384,,,1686197276
cancel,384,,,1686197276
newOrder,379,0,2387,1686197303
newOrder,385,1,2387,1686197303
newOrder,328,0,7702,1686197303
cancel,328,,,1686197877
cancel,379,,,1686197877
cancel,385,,,1686197877
newOrder,379,0,2386,1686197905
newOrder,385,1,2386,1686197905
newOrder,328,0,4593,1686197905
newOrder,385,1,411,1686197905
cancel,328,,,1686198476
cancel,379,,,1686198476
cancel,385,,,1686198476
cancel,385,,,1686198476
newOrder,379,0,2387,1686198503
newOrder,385,1,2387,1686198503
newOrder,328,0,10808,1686198503
cancel,328,,,1686199076
cancel,379,,,1686199076
cancel,385,,,1686199076
newOrder,379,0,2388,1686199104
newOrder,386,1,2388,1686199104
newOrder,328,0,6500,1686199104
newOrder,385,1,299,1686199104
cancel,328,,,1686199677
cancel,379,,,1686199677
cancel,385,,,1686199677
cancel,386,,,1686199677
newOrder,379,0,2392,1686199707
newOrder,386,1,2392,1686199707
newOrder,328,0,7463,1686199707
newOrder,385,1,82,1686199707
cancel,328,,,1686199813
cancel,379,,,1686199813
newOrder,382,0,2427,1686199822
newOrder,390,1,2427,1686199822
newOrder,328,0,11674,1686199822
newOrder,397,1,6020,1686199822
cancel,328,,,1686200276
cancel,382,,,1686200276
cancel,390,,,1686200276
cancel,397,,,1686200276
newOrder,383,0,2430,1686200303
newOrder,390,1,2430,1686200303
newOrder,383,0,576,1686200303
cancel,383,,,1686200876
cancel,383,,,1686200876
cancel,390,,,1686200876
newOrder,382,0,2421,1686200903
newOrder,389,1,2421,1686200903
cancel,382,,,1686201476
cancel,389,,,1686201476
newOrder,383,0,2430,1686201505
newOrder,390,1,2430,1686201505
cancel,383,,,1686202077
cancel,390,,,1686202077
newOrder,383,0,2436,1686202103
newOrder,390,1,2436,1686202103
cancel,383,,,1686202678
cancel,390,,,1686202678
newOrder,383,0,2435,1686202706
newOrder,390,1,2435,1686202706
newOrder,383,0,806,1686202706
cancel,390,,,1686202846
newOrder,379,0,2398,1686202851
newOrder,387,1,2398,1686202851
cancel,379,,,1686203276
cancel,387,,,1686203276
newOrder,380,0,2402,1686203303
newOrder,387,1,2402,1686203303
cancel,380,,,1686203876
cancel,387,,,1686203876
newOrder,379,0,2388,1686203902
newOrder,385,1,2388,1686203902
cancel,379,,,1686204477
cancel,385,,,1686204477
newOrder,379,0,2392,1686204504
newOrder,386,1,2392,1686204504
cancel,379,,,1686205077
cancel,386,,,1686205077
newOrder,380,0,2403,1686205104
newOrder,387,1,2403,1686205104
cancel,380,,,1686205676
cancel,387,,,1686205676
newOrder,380,0,2400,1686205703
newOrder,386,1,2400,1686205703
cancel,380,,,1686206276
cancel,386,,,1686206276
newOrder,381,0,2412,1686206301
newOrder,388,1,2412,1686206301
cancel,381,,,1686206876
cancel,388,,,1686206876
newOrder,382,0,2425,1686206901
newOrder,389,1,2425,1686206901
cancel,382,,,1686207477
cancel,389,,,1686207477
newOrder,381,0,2420,1686207507
newOrder,388,1,2420,1686207507
cancel,381,,,1686207766
newOrder,384,0,2450,1686207775
newOrder,392,1,2450,1686207775
newOrder,385,0,377,1686207775
cancel,384,,,1686208076
cancel,385,,,1686208076
cancel,392,,,1686208076
newOrder,385,0,2450,1686208102
newOrder,391,1,2450,1686208102
cancel,385,,,1686208678
cancel,391,,,1686208678
newOrder,384,0,2447,1686208704
newOrder,391,1,2447,1686208704
cancel,384,,,1686209276
cancel,391,,,1686209276
newOrder,385,0,2451,1686209306
newOrder,392,1,2451,1686209306
cancel,385,,,1686209876
cancel,392,,,1686209876
newOrder,385,0,2457,1686209904
newOrder,392,1,2457,1686209904
cancel,385,,,1686210278
newOrder,388,0,2489,1686210285
newOrder,396,1,2489,1686210285
newOrder,388,0,1065,1686210285
cancel,388,,,1686210476
cancel,388,,,1686210476
cancel,396,,,1686210476
newOrder,386,0,2470,1686210504
newOrder,393,1,2470,1686210504
cancel,386,,,1686211076
cancel,393,,,1686211076
newOrder,387,0,2480,1686211105
newOrder,394,1,2480,1686211105
cancel,387,,,1686211676
cancel,394,,,1686211676
newOrder,388,0,2485,1686211704
newOrder,395,1,2485,1686211704
cancel,388,,,1686212277
cancel,395,,,1686212277
newOrder,387,0,2473,1686212303
newOrder,394,1,2473,1686212303
cancel,387,,,1686212877
cancel,394,,,1686212877
newOrder,387,0,2474,1686212903
newOrder,394,1,2474,1686212903
cancel,387,,,1686213476
cancel,394,,,1686213476
newOrder,387,0,2473,1686213504
newOrder,394,1,2473,1686213504
cancel,387,,,1686214076
cancel,394,,,1686214076
newOrder,386,0,2472,1686214102
newOrder,393,1,2472,1686214102
cancel,386,,,1686214677
cancel,393,,,1686214677
newOrder,387,0,2477,1686214704
newOrder,394,1,2477,1686214704
cancel,387,,,1686215276
cancel,394,,,1686215276
newOrder,387,0,2482,1686215304
newOrder,394,1,2482,1686215304
cancel,387,,,1686215876
cancel,394,,,1686215876
newOrder,387,0,2475,1686215904
newOrder,394,1,2475,1686215904
cancel,387,,,1686216477
cancel,394,,,1686216477
newOrder,387,0,2477,1686216501
newOrder,394,1,2477,1686216501
cancel,387,,,1686217077
cancel,394,,,1686217077
newOrder,387,0,2476,1686217106
newOrder,394,1,2476,1686217106
cancel,387,,,1686217676
cancel,394,,,1686217676
newOrder,387,0,2483,1686217702
newOrder,394,1,2483,1686217702
cancel,387,,,1686218276
cancel,394,,,1686218276
newOrder,389,0,2497,1686218302
newOrder,396,1,2497,1686218302
cancel,389,,,1686218809
newOrder,392,0,2530,1686218815
newOrder,400,1,2530,1686218815
cancel,392,,,1686218875
cancel,400,,,1686218875
newOrder,391,0,2515,1686218902
newOrder,398,1,2515,1686218902
cancel,391,,,1686219478
cancel,398,,,1686219478
newOrder,390,0,2503,1686219503
newOrder,397,1,2503,1686219503
cancel,390,,,1686220076
cancel,397,,,1686220076
newOrder,388,0,2493,1686220103
newOrder,395,1,2493,1686220103
cancel,388,,,1686220676
cancel,395,,,1686220676
newOrder,387,0,2484,1686220701
newOrder,394,1,2484,1686220701
cancel,387,,,1686221276
cancel,394,,,1686221276
newOrder,388,0,2489,1686221304
newOrder,395,1,2489,1686221304
cancel,388,,,1686221876
cancel,395,,,1686221876
newOrder,388,0,2489,1686221905
newOrder,395,1,2489,1686221905
cancel,388,,,1686222476
cancel,395,,,1686222476
newOrder,388,0,2492,1686222504
newOrder,395,1,2492,1686222504
cancel,388,,,1686223076
cancel,395,,,1686223076
newOrder,388,0,2495,1686223101
newOrder,395,1,2495,1686223101
cancel,388,,,1686223675
cancel,395,,,1686223675
newOrder,388,0,2491,1686223702
newOrder,395,1,2491,1686223702
cancel,388,,,1686224276
cancel,395,,,1686224276
newOrder,388,0,2488,1686224302
newOrder,395,1,2488,1686224302
cancel,388,,,1686224876
cancel,395,,,1686224876
newOrder,386,0,2469,1686224902
newOrder,393,1,2469,1686224902
cancel,386,,,1686225476
cancel,393,,,1686225476
newOrder,388,0,2495,1686225504
newOrder,395,1,2495,1686225504
newOrder,395,1,482,1686225504