instruction,price,side,qty,time
cancel,562,,,1681733298
cancel,936,,,1681733298
cancel,953,,,1681733298
cancel,1049,,,1681733298
newOrder,936,0,1073,1681733331
newOrder,953,1,1073,1681733331
cancel,936,,,1681733898
cancel,953,,,1681733898
newOrder,932,0,1101,1681733947
newOrder,949,1,1101,1681733947
cancel,932,,,1681734499
cancel,949,,,1681734499
newOrder,936,0,1070,1681734533
newOrder,953,1,1070,1681734533
cancel,936,,,1681735098
cancel,953,,,1681735098
newOrder,936,0,1075,1681735131
newOrder,953,1,1075,1681735131
newOrder,561,0,1305,1681735131
newOrder,1049,1,1305,1681735131
cancel,561,,,1681735698
cancel,936,,,1681735698
cancel,953,,,1681735698
cancel,1049,,,1681735698
newOrder,935,0,1079,1681735731
newOrder,952,1,1079,1681735731
newOrder,561,0,2534,1681735731
newOrder,1049,1,2534,1681735731
cancel,561,,,1681736299
cancel,935,,,1681736299
cancel,952,,,1681736299
cancel,1049,,,1681736299
newOrder,936,0,1075,1681736330
newOrder,952,1,1075,1681736330
newOrder,561,0,4280,1681736330
newOrder,1049,1,4280,1681736330
cancel,561,,,1681736897
cancel,936,,,1681736897
cancel,952,,,1681736897
cancel,1049,,,1681736897
newOrder,939,0,1048,1681736932
newOrder,956,1,1048,1681736932
cancel,939,,,1681737499
cancel,956,,,1681737499
newOrder,937,0,1066,1681737530
newOrder,953,1,1066,1681737530
cancel,953,,,1681737828
newOrder,928,0,1125,1681737835
newOrder,946,1,1125,1681737835
cancel,928,,,1681738098
cancel,946,,,1681738098
newOrder,922,0,1174,1681738130
newOrder,939,1,1174,1681738130
cancel,922,,,1681738699
cancel,939,,,1681738699
newOrder,920,0,1195,1681738738
newOrder,936,1,1195,1681738738
cancel,920,,,1681739299
cancel,936,,,1681739299
newOrder,919,0,1196,1681739331
newOrder,936,1,1196,1681739331
cancel,919,,,1681739899
cancel,936,,,1681739899
newOrder,922,0,1176,1681739929
newOrder,938,1,1176,1681739929
cancel,922,,,1681740498
cancel,938,,,1681740498
newOrder,924,0,1156,1681740531
newOrder,941,1,1156,1681740531
cancel,924,,,1681741100
cancel,941,,,1681741100
newOrder,931,0,1107,1681741133
newOrder,947,1,1107,1681741133
cancel,931,,,1681741697
cancel,947,,,1681741697
newOrder,934,0,1082,1681741730
newOrder,951,1,1082,1681741730
cancel,934,,,1681742299
cancel,951,,,1681742299
newOrder,931,0,1100,1681742331
newOrder,948,1,1100,1681742331
newOrder,928,0,575,1681742331
cancel,928,,,1681742577
cancel,948,,,1681742577
newOrder,922,0,1167,1681742582
newOrder,940,1,1167,1681742582
cancel,922,,,1681742898
cancel,940,,,1681742898
newOrder,925,0,1145,1681742931
newOrder,942,1,1145,1681742931
cancel,925,,,1681743498
cancel,942,,,1681743498
newOrder,928,0,1125,1681743529
newOrder,945,1,1125,1681743529
cancel,928,,,1681744098
cancel,945,,,1681744098
newOrder,925,0,1146,1681744128
newOrder,942,1,1146,1681744128
cancel,925,,,1681744698
cancel,942,,,1681744698
newOrder,925,0,1145,1681744731
newOrder,942,1,1145,1681744731
cancel,925,,,1681745298
cancel,942,,,1681745298
newOrder,923,0,1165,1681745329
newOrder,939,1,1165,1681745329
cancel,939,,,1681745702
newOrder,914,0,1228,1681745709
newOrder,932,1,1228,1681745709
newOrder,913,0,410,1681745709
cancel,913,,,1681745899
cancel,914,,,1681745899
cancel,932,,,1681745899
newOrder,906,0,1299,1681745934
newOrder,923,1,1299,1681745934
newOrder,544,0,4235,1681745934
newOrder,1049,1,4235,1681745934
cancel,544,,,1681746160
cancel,923,,,1681746160
cancel,1049,,,1681746160
newOrder,897,0,1374,1681746165
newOrder,915,1,1374,1681746165
cancel,897,,,1681746499
cancel,915,,,1681746499
newOrder,895,0,1401,1681746531
newOrder,911,1,1401,1681746531
newOrder,911,1,160,1681746531
cancel,895,,,1681747098
cancel,911,,,1681747098
cancel,911,,,1681747098
newOrder,894,0,1410,1681747129
newOrder,910,1,1410,1681747129
cancel,894,,,1681747698
cancel,910,,,1681747698
newOrder,891,0,1432,1681747730
newOrder,908,1,1432,1681747730
cancel,891,,,1681748298
cancel,908,,,1681748298
newOrder,896,0,1391,1681748330
newOrder,912,1,1391,1681748330
cancel,896,,,1681748898
cancel,912,,,1681748898
newOrder,894,0,1407,1681748929
newOrder,910,1,1407,1681748929
cancel,894,,,1681749498
cancel,910,,,1681749498
newOrder,898,0,1373,1681749531
newOrder,914,1,1373,1681749531
newOrder,539,0,4349,1681749531
newOrder,1049,1,4349,1681749531
cancel,539,,,1681750098
cancel,898,,,1681750098
cancel,914,,,1681750098
cancel,1049,,,1681750098
newOrder,898,0,1366,1681750130
newOrder,915,1,1366,1681750130
cancel,898,,,1681750699
cancel,915,,,1681750699
newOrder,898,0,1369,1681750730
newOrder,914,1,1369,1681750730
newOrder,541,0,6208,1681750730
newOrder,1049,1,6208,1681750730
cancel,541,,,1681751298
cancel,898,,,1681751298
cancel,914,,,1681751298
cancel,1049,,,1681751298
newOrder,900,0,1352,1681751330
newOrder,916,1,1352,1681751330
cancel,900,,,1681751900
cancel,916,,,1681751900
newOrder,903,0,1327,1681751933
newOrder,919,1,1327,1681751933
cancel,903,,,1681752498
cancel,919,,,1681752498
newOrder,903,0,1321,1681752531
newOrder,919,1,1321,1681752531
cancel,903,,,1681753098
cancel,919,,,1681753098
newOrder,906,0,1294,1681753130
newOrder,923,1,1294,1681753130
newOrder,544,0,6903,1681753130
newOrder,1049,1,6903,1681753130
cancel,544,,,1681753698
cancel,906,,,1681753698
cancel,923,,,1681753698
cancel,1049,,,1681753698
newOrder,902,0,1328,1681753731
newOrder,919,1,1328,1681753731
newOrder,918,1,74,1681753731
cancel,902,,,1681754299
cancel,918,,,1681754299
cancel,919,,,1681754299
newOrder,903,0,1317,1681754329
newOrder,920,1,1317,1681754329
newOrder,919,1,38,1681754329
cancel,903,,,1681754898
cancel,919,,,1681754898
cancel,920,,,1681754898
newOrder,905,0,1302,1681754929
newOrder,921,1,1302,1681754929
cancel,905,,,1681755498
cancel,921,,,1681755498
newOrder,905,0,1304,1681755529
newOrder,921,1,1304,1681755529
cancel,905,,,1681756098
cancel,921,,,1681756098
newOrder,905,0,1304,1681756129
newOrder,921,1,1304,1681756129
cancel,905,,,1681756699
cancel,921,,,1681756699
newOrder,906,0,1294,1681756731
newOrder,922,1,1294,1681756731
cancel,906,,,1681757299
cancel,922,,,1681757299
newOrder,911,0,1247,1681757333
newOrder,928,1,1247,1681757333
newOrder,547,0,2557,1681757333
newOrder,1049,1,2557,1681757333
cancel,547,,,1681757898
cancel,911,,,1681757898
cancel,928,,,1681757898
cancel,1049,,,1681757898
newOrder,913,0,1232,1681757932
newOrder,929,1,1232,1681757932
newOrder,548,0,4962,1681757932
newOrder,1049,1,4962,1681757932
cancel,548,,,1681758498
cancel,913,,,1681758498
cancel,929,,,1681758498
cancel,1049,,,1681758498
newOrder,913,0,1227,1681758531
newOrder,930,1,1227,1681758531
newOrder,912,0,371,1681758531
cancel,912,,,1681759098
cancel,913,,,1681759098
cancel,930,,,1681759098
newOrder,909,0,1267,1681759129
newOrder,925,1,1267,1681759129
cancel,909,,,1681759698
cancel,925,,,1681759698
newOrder,908,0,1271,1681759731
newOrder,924,1,1271,1681759731
cancel,908,,,1681760298
cancel,924,,,1681760298
newOrder,911,0,1243,1681760330
newOrder,928,1,1243,1681760330
cancel,911,,,1681760898
cancel,928,,,1681760898
newOrder,910,0,1252,1681760931
newOrder,927,1,1252,1681760931
newOrder,546,0,5366,1681760931
newOrder,1049,1,5366,1681760931
cancel,546,,,1681761498
cancel,910,,,1681761498
cancel,927,,,1681761498
cancel,1049,,,1681761498
newOrder,904,0,1303,1681761529
newOrder,921,1,1303,1681761529
cancel,904,,,1681762098
cancel,921,,,1681762098
newOrder,907,0,1275,1681762131
newOrder,924,1,1275,1681762131
newOrder,924,1,198,1681762131
cancel,907,,,1681762699
cancel,924,,,1681762699
cancel,924,,,1681762699
newOrder,911,0,1243,1681762730
newOrder,928,1,1243,1681762730
cancel,911,,,1681763299
cancel,928,,,1681763299
newOrder,909,0,1261,1681763331
newOrder,925,1,1261,1681763331
cancel,909,,,1681763898
cancel,925,,,1681763898
newOrder,909,0,1256,1681763929
newOrder,926,1,1256,1681763929
cancel,909,,,1681764498
cancel,926,,,1681764498
newOrder,911,0,1243,1681764530
newOrder,927,1,1243,1681764530
cancel,911,,,1681765098
cancel,927,,,1681765098
newOrder,911,0,1237,1681765133
newOrder,928,1,1237,1681765133
cancel,911,,,1681765699
cancel,928,,,1681765699
newOrder,913,0,1222,1681765730
newOrder,930,1,1222,1681765730
cancel,913,,,1681766298
cancel,930,,,1681766298
newOrder,912,0,1236,1681766329
newOrder,928,1,1236,1681766329
cancel,912,,,1681778103
newOrder,912,0,1223,1681778329
newOrder,928,1,1223,1681778329
cancel,928,,,1681778411
newOrder,903,0,1291,1681778421
newOrder,921,1,1291,1681778421
newOrder,542,0,4661,1681778421
newOrder,1049,1,4661,1681778421
cancel,542,,,1681778601
cancel,921,,,1681778601
cancel,1049,,,1681778601
newOrder,893,0,1371,1681778609
newOrder,913,1,1371,1681778609
newOrder,869,0,4579,1681778609
newOrder,1049,1,5100,1681778609
cancel,869,,,1681778740
cancel,913,,,1681778740
cancel,1049,,,1681778740
newOrder,883,0,1466,1681778746
newOrder,903,1,1466,1681778746
newOrder,1049,1,7279,1681778746
cancel,883,,,1681778929
cancel,903,,,1681778929
cancel,1049,,,1681778929
newOrder,884,0,1473,1681778962
newOrder,900,1,1473,1681778962
newOrder,884,0,245,1681778962
newOrder,1049,1,7132,1681778962
cancel,884,,,1681779529
cancel,884,,,1681779529
cancel,900,,,1681779529
cancel,1049,,,1681779529
newOrder,889,0,1431,1681779560
newOrder,905,1,1431,1681779560
cancel,889,,,1681780130
cancel,905,,,1681780130
newOrder,884,0,1478,1681780165
newOrder,900,1,1478,1681780165
newOrder,877,0,1435,1681780165
cancel,877,,,1681780865
newOrder,886,0,1455,1681782004
newOrder,902,1,1455,1681782004
newOrder,541,0,5924,1681782004
cancel,541,,,1681782960
cancel,886,,,1681782960
cancel,902,,,1681782960
newOrder,890,0,1414,1681783074
newOrder,906,1,1414,1681783074
newOrder,541,0,2830,1681783074
newOrder,1049,1,2830,1681783074
cancel,541,,,1681783317
cancel,890,,,1681783317
cancel,906,,,1681783317
cancel,1049,,,1681783317
newOrder,891,0,1406,1681783351
newOrder,907,1,1406,1681783351
cancel,891,,,1681783468
newOrder,898,0,1330,1681783476
newOrder,916,1,1330,1681783476
cancel,916,,,1681783920
newOrder,888,0,1413,1681783925
newOrder,908,1,1413,1681783925
cancel,888,,,1681783948
cancel,908,,,1681783948
newOrder,890,0,1417,1681783981
newOrder,906,1,1417,1681783981
cancel,906,,,1681784527
newOrder,881,0,1490,1681784533
newOrder,899,1,1490,1681784533
cancel,881,,,1681784549
cancel,899,,,1681784549
newOrder,881,0,1498,1681784582
newOrder,897,1,1498,1681784582
cancel,881,,,1681785149
cancel,897,,,1681785149
newOrder,878,0,1532,1681785182
newOrder,894,1,1532,1681785182
newOrder,895,1,454,1681785182
cancel,878,,,1681785749
cancel,894,,,1681785749
cancel,895,,,1681785749
newOrder,882,0,1490,1681785780
newOrder,898,1,1490,1681785780
cancel,882,,,1681786350
cancel,898,,,1681786350
newOrder,884,0,1471,1681786382
newOrder,900,1,1471,1681786382
cancel,884,,,1681786949
cancel,900,,,1681786949
newOrder,887,0,1443,1681786980
newOrder,903,1,1443,1681786980
newOrder,541,0,2459,1681786980
newOrder,1049,1,2459,1681786980
cancel,541,,,1681787549
cancel,887,,,1681787549
cancel,903,,,1681787549
cancel,1049,,,1681787549
newOrder,886,0,1452,1681787578
newOrder,902,1,1452,1681787578
cancel,886,,,1681788148
cancel,902,,,1681788148
newOrder,886,0,1450,1681788179
newOrder,902,1,1450,1681788179
cancel,886,,,1681788750
cancel,902,,,1681788750
newOrder,885,0,1458,1681788783
newOrder,901,1,1458,1681788783
cancel,885,,,1681789348
cancel,901,,,1681789348
newOrder,882,0,1488,1681789385
newOrder,898,1,1488,1681789385
cancel,882,,,1681789948
cancel,898,,,1681789948
newOrder,880,0,1507,1681789980
newOrder,896,1,1507,1681789980
cancel,880,,,1681790548
cancel,896,,,1681790548
newOrder,879,0,1514,1681790581
newOrder,895,1,1514,1681790581
cancel,879,,,1681791148
cancel,895,,,1681791148
newOrder,879,0,1517,1681791181
newOrder,895,1,1517,1681791181
cancel,879,,,1681791748
cancel,895,,,1681791748
newOrder,878,0,1523,1681791780
newOrder,894,1,1523,1681791780
cancel,878,,,1681792350
cancel,894,,,1681792350
newOrder,880,0,1508,1681792384
newOrder,895,1,1508,1681792384
cancel,880,,,1681792949
cancel,895,,,1681792949
newOrder,884,0,1460,1681792979
newOrder,900,1,1460,1681792979
cancel,884,,,1681793548
cancel,900,,,1681793548
newOrder,886,0,1444,1681793581
newOrder,902,1,1444,1681793581
cancel,886,,,1681794149
cancel,902,,,1681794149
newOrder,885,0,1448,1681794180
newOrder,901,1,1448,1681794180
cancel,885,,,1681794748
cancel,901,,,1681794748
newOrder,888,0,1418,1681794779
newOrder,904,1,1418,1681794779
cancel,888,,,1681795348
cancel,904,,,1681795348
newOrder,893,0,1378,1681795379
newOrder,909,1,1378,1681795379
cancel,893,,,1681795949
cancel,909,,,1681795949
newOrder,894,0,1366,1681795980
newOrder,910,1,1366,1681795980
cancel,894,,,1681796549
cancel,910,,,1681796549
newOrder,895,0,1356,1681796580
newOrder,911,1,1356,1681796580
cancel,895,,,1681797149
cancel,911,,,1681797149
newOrder,895,0,1357,1681797179
newOrder,911,1,1357,1681797179
cancel,895,,,1681797749
cancel,911,,,1681797749
newOrder,899,0,1316,1681797781
newOrder,915,1,1316,1681797781
cancel,899,,,1681798349
cancel,915,,,1681798349
newOrder,900,0,1304,1681798380
newOrder,916,1,1304,1681798380
cancel,900,,,1681798949
cancel,916,,,1681798949
newOrder,902,0,1284,1681798979
newOrder,919,1,1284,1681798979
newOrder,920,1,384,1681798979
cancel,902,,,1681799240
cancel,920,,,1681799240
newOrder,910,0,1209,1681799247
newOrder,928,1,1209,1681799247
newOrder,928,1,264,1681799247
cancel,910,,,1681799548
cancel,928,,,1681799548
cancel,928,,,1681799548
newOrder,912,0,1201,1681799579
newOrder,928,1,1201,1681799579
cancel,912,,,1681800149
cancel,928,,,1681800149
newOrder,911,0,1207,1681800182
newOrder,927,1,1207,1681800182
cancel,911,,,1681800749
cancel,927,,,1681800749
newOrder,911,0,1207,1681800780
newOrder,927,1,1207,1681800780
cancel,911,,,1681801349
cancel,927,,,1681801349
newOrder,914,0,1177,1681801380
newOrder,931,1,1177,1681801380
newOrder,915,0,51,1681801380
cancel,914,,,1681801948
cancel,915,,,1681801948
cancel,931,,,1681801948
newOrder,913,0,1183,1681801980
newOrder,930,1,1183,1681801980
cancel,913,,,1681802549
cancel,930,,,1681802549
newOrder,911,0,1203,1681802580
newOrder,927,1,1203,1681802580
cancel,911,,,1681803148
cancel,927,,,1681803148
newOrder,915,0,1169,1681803181
newOrder,931,1,1169,1681803181
newOrder,549,0,3647,1681803181
newOrder,1049,1,3647,1681803181
cancel,549,,,1681803749
cancel,915,,,1681803749
cancel,931,,,1681803749
cancel,1049,,,1681803749
newOrder,914,0,1174,1681803780
newOrder,931,1,1174,1681803780
cancel,914,,,1681804349
cancel,931,,,1681804349
newOrder,917,0,1154,1681804381
newOrder,933,1,1154,1681804381
cancel,917,,,1681804949
cancel,933,,,1681804949
newOrder,917,0,1150,1681804980
newOrder,934,1,1150,1681804980
cancel,917,,,1681805548
cancel,934,,,1681805548
newOrder,922,0,1113,1681805581
newOrder,938,1,1113,1681805581
cancel,922,,,1681806148
cancel,938,,,1681806148
newOrder,918,0,1141,1681806179
newOrder,935,1,1141,1681806179
cancel,918,,,1681806749
cancel,935,,,1681806749
newOrder,915,0,1167,1681806782
newOrder,931,1,1167,1681806782
newOrder,549,0,1612,1681806782
newOrder,1049,1,1612,1681806782
cancel,549,,,1681807349
cancel,915,,,1681807349
cancel,931,,,1681807349
cancel,1049,,,1681807349
newOrder,911,0,1196,1681807382
newOrder,928,1,1196,1681807382
cancel,911,,,1681807949
cancel,928,,,1681807949
newOrder,910,0,1206,1681807980
newOrder,926,1,1206,1681807980
cancel,910,,,1681808549
cancel,926,,,1681808549
newOrder,910,0,1207,1681808579
newOrder,926,1,1207,1681808579
cancel,910,,,1681809149
cancel,926,,,1681809149
newOrder,911,0,1200,1681809180
newOrder,927,1,1200,1681809180
cancel,911,,,1681809748
cancel,927,,,1681809748
newOrder,913,0,1183,1681809780
newOrder,929,1,1183,1681809780
cancel,913,,,1681810349
cancel,929,,,1681810349
newOrder,917,0,1143,1681810380
newOrder,934,1,1143,1681810380
cancel,917,,,1681810949
cancel,934,,,1681810949
newOrder,923,0,1098,1681810980
newOrder,939,1,1098,1681810980
cancel,923,,,1681811549
cancel,939,,,1681811549
newOrder,921,0,1110,1681811581
newOrder,938,1,1110,1681811581
cancel,921,,,1681812148
cancel,938,,,1681812148
newOrder,921,0,1113,1681812180
newOrder,937,1,1113,1681812180
cancel,921,,,1681812749
cancel,937,,,1681812749
newOrder,921,0,1108,1681812780
newOrder,938,1,1108,1681812780
cancel,921,,,1681813349
cancel,938,,,1681813349
newOrder,923,0,1095,1681813379
newOrder,939,1,1095,1681813379
cancel,923,,,1681813949
cancel,939,,,1681813949
newOrder,929,0,1042,1681813979
newOrder,946,1,1042,1681813979
cancel,929,,,1681814426
newOrder,937,0,981,1681814432
newOrder,955,1,981,1681814432
newOrder,955,1,180,1681814432
cancel,937,,,1681814549
cancel,955,,,1681814549
cancel,955,,,1681814549
newOrder,936,0,995,1681814579
newOrder,952,1,995,1681814579
cancel,936,,,1681815076
newOrder,943,0,938,1681815082
newOrder,961,1,938,1681815082
cancel,943,,,1681815149
cancel,961,,,1681815149
newOrder,944,0,936,1681815184
newOrder,961,1,936,1681815184
newOrder,566,0,1631,1681815184
newOrder,1049,1,1631,1681815184
cancel,566,,,1681815749
cancel,944,,,1681815749
cancel,961,,,1681815749
cancel,1049,,,1681815749
newOrder,941,0,954,1681815781
newOrder,958,1,954,1681815781
cancel,941,,,1681816348
cancel,958,,,1681816348
newOrder,941,0,955,1681816381
newOrder,958,1,955,1681816381
newOrder,565,0,2543,1681816381
newOrder,1049,1,2543,1681816381
cancel,565,,,1681816950
cancel,941,,,1681816950
cancel,958,,,1681816950
cancel,1049,,,1681816950
newOrder,943,0,937,1681816981
newOrder,960,1,937,1681816981
cancel,943,,,1681817549
cancel,960,,,1681817549
newOrder,951,0,885,1681817583
newOrder,968,1,885,1681817583
newOrder,571,0,1228,1681817583
newOrder,1049,1,1228,1681817583
cancel,571,,,1681817946
cancel,951,,,1681817946
cancel,1049,,,1681817946
newOrder,958,0,829,1681817953
newOrder,978,1,829,1681817953
newOrder,981,1,513,1681817953
cancel,958,,,1681818148
cancel,978,,,1681818148
cancel,981,,,1681818148
newOrder,962,0,813,1681818180
newOrder,979,1,813,1681818180
cancel,962,,,1681818749
cancel,979,,,1681818749
newOrder,951,0,884,1681818782
newOrder,968,1,884,1681818782
newOrder,570,0,1778,1681818782
newOrder,1049,1,1778,1681818782
cancel,570,,,1681819349
cancel,951,,,1681819349
cancel,968,,,1681819349
cancel,1049,,,1681819349
newOrder,949,0,893,1681819379
newOrder,966,1,893,1681819379