instruction,price,side,qty,time
cancel,595,,,1682424591
cancel,622,,,1682424591
newOrder,595,0,9638,1682424625
newOrder,622,1,9638,1682424625
newOrder,552,0,49250,1682424625
newOrder,870,1,49250,1682424625
cancel,552,,,1682425191
cancel,595,,,1682425191
cancel,622,,,1682425191
cancel,870,,,1682425191
newOrder,595,0,9649,1682425223
newOrder,622,1,9649,1682425223
cancel,595,,,1682425792
cancel,622,,,1682425792
newOrder,595,0,9681,1682425827
newOrder,621,1,9681,1682425827
newOrder,552,0,22484,1682425827
newOrder,869,1,22484,1682425827
cancel,552,,,1682426391
cancel,595,,,1682426391
cancel,621,,,1682426391
cancel,869,,,1682426391
newOrder,595,0,9677,1682426426
newOrder,621,1,9677,1682426426
cancel,595,,,1682426992
cancel,621,,,1682426992
newOrder,595,0,9683,1682427023
newOrder,622,1,9683,1682427023
cancel,595,,,1682427592
cancel,622,,,1682427592
newOrder,595,0,9654,1682427624
newOrder,623,1,9654,1682427624
cancel,595,,,1682428192
cancel,623,,,1682428192
newOrder,595,0,9635,1682428223
newOrder,624,1,9635,1682428223
cancel,595,,,1682428791
cancel,624,,,1682428791
newOrder,595,0,9618,1682428823
newOrder,625,1,9618,1682428823
cancel,595,,,1682429392
cancel,625,,,1682429392
newOrder,595,0,9625,1682429424
newOrder,625,1,9625,1682429424
cancel,595,,,1682429991
cancel,625,,,1682429991
newOrder,595,0,9676,1682430023
newOrder,624,1,9676,1682430023
cancel,595,,,1682430591
cancel,624,,,1682430591
newOrder,595,0,9742,1682430623
newOrder,622,1,9742,1682430623
cancel,595,,,1682431191
cancel,622,,,1682431191
newOrder,595,0,9734,1682431225
newOrder,623,1,9734,1682431225
cancel,595,,,1682431792
cancel,623,,,1682431792
newOrder,595,0,9757,1682431824
newOrder,622,1,9757,1682431824
cancel,595,,,1682432392
cancel,622,,,1682432392
newOrder,595,0,9835,1682432421
newOrder,620,1,9835,1682432421
cancel,595,,,1682432991
cancel,620,,,1682432991
newOrder,595,0,9849,1682433023
newOrder,620,1,9849,1682433023
cancel,595,,,1682433592
cancel,620,,,1682433592
newOrder,595,0,9909,1682433624
newOrder,618,1,9909,1682433624
cancel,595,,,1682434191
cancel,618,,,1682434191
newOrder,595,0,9900,1682434223
newOrder,619,1,9900,1682434223
cancel,595,,,1682434795
cancel,619,,,1682434795
newOrder,595,0,9927,1682434827
newOrder,618,1,9927,1682434827
cancel,595,,,1682435392
cancel,618,,,1682435392
newOrder,595,0,9879,1682435425
newOrder,620,1,9879,1682435425
newOrder,621,1,3110,1682435425
cancel,595,,,1682435992
cancel,620,,,1682435992
cancel,621,,,1682435992
newOrder,595,0,9798,1682436025
newOrder,623,1,9798,1682436025
cancel,595,,,1682436591
cancel,623,,,1682436591
newOrder,595,0,9847,1682436621
newOrder,622,1,9847,1682436621
cancel,595,,,1682437192
cancel,622,,,1682437192
newOrder,595,0,9891,1682437223
newOrder,621,1,9891,1682437223
cancel,595,,,1682437792
cancel,621,,,1682437792
newOrder,595,0,9907,1682437824
newOrder,621,1,9907,1682437824
cancel,595,,,1682438391
cancel,621,,,1682438391
newOrder,595,0,9934,1682438424
newOrder,620,1,9934,1682438424
cancel,595,,,1682438991
cancel,620,,,1682438991
newOrder,595,0,9988,1682439023
newOrder,619,1,9988,1682439023
cancel,595,,,1682439592
cancel,619,,,1682439592
newOrder,595,0,10003,1682439623
newOrder,619,1,10003,1682439623
cancel,595,,,1682440192
cancel,619,,,1682440192
newOrder,595,0,10012,1682440222
newOrder,619,1,10012,1682440222
cancel,595,,,1682440792
cancel,619,,,1682440792
newOrder,595,0,9957,1682440823
newOrder,621,1,9957,1682440823
cancel,595,,,1682441391
cancel,621,,,1682441391
newOrder,595,0,10128,1682441423
newOrder,615,1,10128,1682441423
cancel,595,,,1682441992
cancel,615,,,1682441992
newOrder,595,0,10151,1682442024
newOrder,615,1,10151,1682442024
cancel,595,,,1682442591
cancel,615,,,1682442591
newOrder,595,0,10126,1682442623
newOrder,616,1,10126,1682442623
cancel,595,,,1682443191
cancel,616,,,1682443191
newOrder,595,0,10185,1682443222
newOrder,614,1,10185,1682443222
cancel,595,,,1682443792
cancel,614,,,1682443792
newOrder,595,0,10247,1682443823
newOrder,612,1,10247,1682443823
cancel,595,,,1682444392
cancel,612,,,1682444392
newOrder,595,0,10218,1682444426
newOrder,614,1,10218,1682444426
newOrder,614,1,2309,1682444426
cancel,595,,,1682444876
cancel,614,,,1682444876
cancel,614,,,1682444876
newOrder,595,0,10154,1682444910
newOrder,617,1,10154,1682444910
cancel,595,,,1682445508
cancel,617,,,1682445508
newOrder,595,0,10106,1682445542
newOrder,619,1,10106,1682445542
cancel,595,,,1682446108
cancel,619,,,1682446108
newOrder,595,0,10030,1682446142
newOrder,622,1,10030,1682446142
cancel,595,,,1682446708
cancel,622,,,1682446708
newOrder,595,0,10045,1682446741
newOrder,622,1,10045,1682446741
newOrder,552,0,11096,1682446741
newOrder,871,1,11096,1682446741
cancel,552,,,1682447308
cancel,595,,,1682447308
cancel,622,,,1682447308
cancel,871,,,1682447308
newOrder,595,0,10054,1682447341
newOrder,622,1,10054,1682447341
cancel,595,,,1682447908
cancel,622,,,1682447908
newOrder,595,0,10050,1682447940
newOrder,623,1,10050,1682447940
cancel,595,,,1682448508
cancel,623,,,1682448508
newOrder,595,0,10152,1682448539
newOrder,620,1,10152,1682448539
cancel,595,,,1682449108
cancel,620,,,1682449108
newOrder,595,0,10245,1682449140
newOrder,617,1,10245,1682449140
cancel,595,,,1682449708
cancel,617,,,1682449708
newOrder,595,0,10242,1682449740
newOrder,618,1,10242,1682449740
cancel,595,,,1682450307
cancel,618,,,1682450307
newOrder,595,0,10269,1682450339
newOrder,617,1,10269,1682450339
cancel,595,,,1682450909
cancel,617,,,1682450909
newOrder,595,0,10295,1682450940
newOrder,617,1,10295,1682450940
cancel,595,,,1682451508
cancel,617,,,1682451508
newOrder,595,0,10296,1682451540
newOrder,617,1,10296,1682451540
cancel,595,,,1682452109
cancel,617,,,1682452109
newOrder,595,0,10299,1682452140
newOrder,617,1,10299,1682452140
cancel,595,,,1682452708
cancel,617,,,1682452708
newOrder,595,0,10290,1682452739
newOrder,618,1,10290,1682452739
cancel,595,,,1682453308
cancel,618,,,1682453308
newOrder,595,0,10210,1682453341
newOrder,621,1,10210,1682453341
cancel,595,,,1682453908
cancel,621,,,1682453908
newOrder,595,0,10207,1682453940
newOrder,622,1,10207,1682453940
cancel,595,,,1682454508
cancel,622,,,1682454508
newOrder,595,0,10119,1682454540
newOrder,625,1,10119,1682454540
cancel,595,,,1682455107
cancel,625,,,1682455107
newOrder,595,0,10089,1682455139
newOrder,626,1,10089,1682455139
cancel,595,,,1682455708
cancel,626,,,1682455708
newOrder,595,0,9979,1682455740
newOrder,629,1,9979,1682455740
cancel,595,,,1682456163
newOrder,594,0,9746,1682456170
newOrder,635,1,9746,1682456170
newOrder,552,0,51150,1682456170
newOrder,642,1,14537,1682456170
cancel,552,,,1682456308
cancel,594,,,1682456308
cancel,635,,,1682456308
cancel,642,,,1682456308
newOrder,595,0,9649,1682456340
newOrder,637,1,9649,1682456340
newOrder,552,0,38773,1682456340
cancel,552,,,1682456908
cancel,595,,,1682456908
cancel,637,,,1682456908
newOrder,595,0,9566,1682456940
newOrder,639,1,9566,1682456940
cancel,595,,,1682457508
cancel,639,,,1682457508
newOrder,595,0,9465,1682457539
newOrder,641,1,9465,1682457539
cancel,595,,,1682457794
newOrder,594,0,9133,1682457799
newOrder,647,1,9133,1682457799
newOrder,552,0,35336,1682457799
cancel,552,,,1682458108
cancel,594,,,1682458108
cancel,647,,,1682458108
newOrder,595,0,8813,1682458140
newOrder,652,1,8813,1682458140
newOrder,552,0,17852,1682458140
cancel,552,,,1682458708
cancel,595,,,1682458708
cancel,652,,,1682458708
newOrder,595,0,9014,1682458740
newOrder,649,1,9014,1682458740
newOrder,552,0,30062,1682458740
cancel,552,,,1682459308
cancel,595,,,1682459308
cancel,649,,,1682459308
newOrder,595,0,8746,1682459343
newOrder,653,1,8746,1682459343
newOrder,552,0,17054,1682459343
cancel,552,,,1682459908
cancel,595,,,1682459908
cancel,653,,,1682459908
newOrder,595,0,8701,1682459940
newOrder,654,1,8701,1682459940
cancel,595,,,1682460507
cancel,654,,,1682460507
newOrder,595,0,8820,1682460542
newOrder,653,1,8820,1682460542
cancel,595,,,1682461108
cancel,653,,,1682461108
newOrder,595,0,8933,1682461140
newOrder,651,1,8933,1682461140
cancel,595,,,1682461708
cancel,651,,,1682461708
newOrder,595,0,8908,1682461741
newOrder,651,1,8908,1682461741
cancel,595,,,1682462308
cancel,651,,,1682462308
newOrder,595,0,8747,1682462339
newOrder,654,1,8747,1682462339
cancel,595,,,1682462908
cancel,654,,,1682462908
newOrder,595,0,8594,1682462942
newOrder,657,1,8594,1682462942
cancel,595,,,1682463509
cancel,657,,,1682463509
newOrder,595,0,8443,1682463541
newOrder,659,1,8443,1682463541
cancel,595,,,1682464108
cancel,659,,,1682464108
newOrder,595,0,8673,1682464138
newOrder,656,1,8673,1682464138
cancel,595,,,1682464709
cancel,656,,,1682464709
newOrder,595,0,8437,1682464741
newOrder,659,1,8437,1682464741
cancel,595,,,1682465309
cancel,659,,,1682465309
newOrder,595,0,8414,1682465337
newOrder,660,1,8414,1682465337
cancel,595,,,1682465908
cancel,660,,,1682465908
newOrder,595,0,8378,1682465940
newOrder,660,1,8378,1682465940
cancel,595,,,1682466508
cancel,660,,,1682466508
newOrder,595,0,8353,1682466541
newOrder,661,1,8353,1682466541
cancel,595,,,1682467108
cancel,661,,,1682467108
newOrder,595,0,8363,1682467140
newOrder,661,1,8363,1682467140
cancel,595,,,1682467708
cancel,661,,,1682467708
newOrder,595,0,8501,1682467739
newOrder,659,1,8501,1682467739
cancel,595,,,1682468235
newOrder,594,0,8076,1682468239
newOrder,665,1,8076,1682468239
newOrder,667,1,4271,1682468239
cancel,594,,,1682468308
cancel,665,,,1682468308
cancel,667,,,1682468308
newOrder,595,0,7937,1682468340
newOrder,667,1,7937,1682468340
newOrder,669,1,4247,1682468340
cancel,595,,,1682468908
cancel,667,,,1682468908
cancel,669,,,1682468908
newOrder,595,0,7606,1682468940
newOrder,671,1,7606,1682468940
newOrder,552,0,9840,1682468940
cancel,552,,,1682469391
cancel,595,,,1682469391
cancel,671,,,1682469391
newOrder,594,0,7201,1682469398
newOrder,678,1,7201,1682469398
newOrder,552,0,30601,1682469398
cancel,552,,,1682469508
cancel,594,,,1682469508
cancel,678,,,1682469508
newOrder,595,0,7096,1682469540
newOrder,678,1,7096,1682469540
newOrder,552,0,19554,1682469540
cancel,552,,,1682470108
cancel,595,,,1682470108
cancel,678,,,1682470108
newOrder,595,0,7931,1682470141
newOrder,667,1,7931,1682470141
newOrder,552,0,25157,1682470141
cancel,552,,,1682470707
cancel,595,,,1682470707
cancel,667,,,1682470707
newOrder,595,0,8099,1682470741
newOrder,665,1,8099,1682470741
newOrder,357,0,36423,1682470741
cancel,357,,,1682471308
cancel,595,,,1682471308
cancel,665,,,1682471308
newOrder,595,0,8736,1682471338
newOrder,656,1,8736,1682471338
cancel,595,,,1682471908
cancel,656,,,1682471908
newOrder,595,0,8995,1682471938
newOrder,652,1,8995,1682471938
cancel,595,,,1682472509
cancel,652,,,1682472509
newOrder,595,0,9051,1682472543
newOrder,652,1,9051,1682472543
newOrder,651,1,585,1682472543
cancel,595,,,1682473108
cancel,651,,,1682473108
cancel,652,,,1682473108
newOrder,595,0,8907,1682473139
newOrder,654,1,8907,1682473139
cancel,595,,,1682473708
cancel,654,,,1682473708
newOrder,595,0,8930,1682473740
newOrder,654,1,8930,1682473740
newOrder,653,1,522,1682473740
cancel,595,,,1682474308
cancel,653,,,1682474308
cancel,654,,,1682474308
newOrder,595,0,8796,1682474340
newOrder,656,1,8796,1682474340
cancel,595,,,1682474909
cancel,656,,,1682474909
newOrder,595,0,8998,1682474942
newOrder,653,1,8998,1682474942
cancel,595,,,1682475508
cancel,653,,,1682475508
newOrder,595,0,9426,1682475540
newOrder,647,1,9426,1682475540
newOrder,551,0,13663,1682475540
cancel,551,,,1682476107
cancel,595,,,1682476107
cancel,647,,,1682476107
newOrder,595,0,9648,1682476140
newOrder,643,1,9648,1682476140
newOrder,357,0,47857,1682476140
cancel,357,,,1682476708
cancel,595,,,1682476708
cancel,643,,,1682476708
newOrder,595,0,9751,1682476743
newOrder,642,1,9751,1682476743
newOrder,501,0,16253,1682476743
cancel,501,,,1682477308
cancel,595,,,1682477308
cancel,642,,,1682477308
newOrder,595,0,9888,1682477341
newOrder,640,1,9888,1682477341
newOrder,357,0,46967,1682477341
newOrder,639,1,530,1682477341
cancel,357,,,1682477908
cancel,595,,,1682477908
cancel,639,,,1682477908
cancel,640,,,1682477908
newOrder,595,0,9819,1682477940
newOrder,641,1,9819,1682477940
newOrder,471,0,24866,1682477940
cancel,471,,,1682478508
cancel,595,,,1682478508
cancel,641,,,1682478508
newOrder,595,0,9533,1682478542
newOrder,646,1,9533,1682478542
newOrder,357,0,49622,1682478542
cancel,357,,,1682479108
cancel,595,,,1682479108
cancel,646,,,1682479108
newOrder,595,0,9683,1682479147
newOrder,644,1,9683,1682479147
cancel,595,,,1682479708
cancel,644,,,1682479708
newOrder,595,0,9836,1682479738
newOrder,641,1,9836,1682479738
cancel,595,,,1682480308
cancel,641,,,1682480308
newOrder,595,0,9892,1682480340
newOrder,641,1,9892,1682480340
cancel,595,,,1682480908
cancel,641,,,1682480908
newOrder,595,0,9927,1682480940
newOrder,640,1,9927,1682480940
newOrder,595,0,9825,1682483342
newOrder,643,1,9825,1682483342
newOrder,551,0,8517,1682483342
newOrder,642,1,644,1682483342
cancel,551,,,1682483908
cancel,595,,,1682483908
cancel,642,,,1682483908
cancel,643,,,1682483908
newOrder,595,0,9816,1682483938
newOrder,643,1,9816,1682483938
newOrder,357,0,40005,1682483938
cancel,357,,,1682484508
cancel,595,,,1682484508
cancel,643,,,1682484508
newOrder,595,0,10043,1682484541
newOrder,640,1,10043,1682484541
cancel,595,,,1682485108
cancel,640,,,1682485108
newOrder,595,0,10076,1682485140
newOrder,639,1,10076,1682485140
cancel,595,,,1682485708
cancel,639,,,1682485708
newOrder,595,0,10013,1682485738
newOrder,640,1,10013,1682485738
cancel,595,,,1682486308
cancel,640,,,1682486308
newOrder,595,0,10021,1682486340
newOrder,640,1,10021,1682486340
cancel,595,,,1682486908
cancel,640,,,1682486908
newOrder,595,0,9991,1682486940
newOrder,641,1,9991,1682486940
cancel,595,,,1682487508
cancel,641,,,1682487508
newOrder,595,0,9872,1682487540
newOrder,643,1,9872,1682487540
cancel,595,,,1682488108
cancel,643,,,1682488108
newOrder,595,0,9773,1682488139
newOrder,645,1,9773,1682488139
cancel,595,,,1682488708
cancel,645,,,1682488708
newOrder,595,0,9652,1682488741
newOrder,647,1,9652,1682488741
cancel,595,,,1682489308
cancel,647,,,1682489308
newOrder,595,0,9608,1682489341
newOrder,647,1,9608,1682489341
cancel,595,,,1682489908
cancel,647,,,1682489908
newOrder,595,0,9701,1682489943
newOrder,646,1,9701,1682489943
newOrder,476,0,21219,1682489943
newOrder,905,1,21219,1682489943
cancel,476,,,1682490508
cancel,595,,,1682490508
cancel,646,,,1682490508
cancel,905,,,1682490508
newOrder,595,0,9665,1682490540
newOrder,647,1,9665,1682490540
cancel,595,,,1682491108
cancel,647,,,1682491108
newOrder,595,0,9826,1682491141
newOrder,645,1,9826,1682491141
newOrder,357,0,30519,1682491141
newOrder,903,1,30519,1682491141
cancel,357,,,1682491708
cancel,595,,,1682491708
cancel,645,,,1682491708
cancel,903,,,1682491708
newOrder,595,0,10163,1682491743
newOrder,640,1,10163,1682491743
newOrder,357,0,28725,1682491743
newOrder,643,1,7116,1682491743
cancel,357,,,1682492308
cancel,595,,,1682492308
cancel,640,,,1682492308
cancel,643,,,1682492308
newOrder,595,0,10119,1682492347
newOrder,641,1,10119,1682492347
newOrder,501,0,19496,1682492347
newOrder,641,1,1967,1682492347
cancel,501,,,1682492907
cancel,595,,,1682492907
cancel,641,,,1682492907
cancel,641,,,1682492907
newOrder,595,0,10301,1682492945
newOrder,638,1,10301,1682492945
newOrder,357,0,48008,1682492945
newOrder,640,1,4919,1682492945
cancel,357,,,1682493508
cancel,595,,,1682493508
cancel,638,,,1682493508
cancel,640,,,1682493508
newOrder,595,0,10689,1682493542
newOrder,632,1,10689,1682493542
newOrder,357,0,37270,1682493542
newOrder,633,1,3706,1682493542
cancel,357,,,1682494108
cancel,595,,,1682494108
cancel,632,,,1682494108
cancel,633,,,1682494108
newOrder,595,0,10872,1682494141
newOrder,629,1,10872,1682494141
newOrder,357,0,57594,1682494141
newOrder,631,1,5941,1682494141
cancel,357,,,1682494708
cancel,595,,,1682494708
cancel,629,,,1682494708
cancel,631,,,1682494708
newOrder,595,0,11071,1682494740
newOrder,625,1,11071,1682494740
newOrder,357,0,43265,1682494740
cancel,357,,,1682495308
cancel,595,,,1682495308
cancel,625,,,1682495308
newOrder,595,0,11156,1682495342
newOrder,624,1,11156,1682495342
newOrder,357,0,33868,1682495342
cancel,357,,,1682495909
cancel,595,,,1682495909
cancel,624,,,1682495909
newOrder,595,0,11007,1682495943
newOrder,627,1,11007,1682495943
newOrder,357,0,30116,1682495943
cancel,357,,,1682496508
cancel,595,,,1682496508
cancel,627,,,1682496508
newOrder,595,0,10985,1682496542
newOrder,628,1,10985,1682496542
newOrder,357,0,53158,1682496542
newOrder,629,1,3959,1682496542
cancel,357,,,1682497022
cancel,595,,,1682497022
cancel,629,,,1682497022
newOrder,594,0,10686,1682497029
newOrder,634,1,10686,1682497029
newOrder,551,0,6883,1682497029
newOrder,636,1,6457,1682497029
cancel,551,,,1682497108
cancel,594,,,1682497108
cancel,634,,,1682497108
cancel,636,,,1682497108
newOrder,595,0,10640,1682497142
newOrder,634,1,10640,1682497142
newOrder,357,0,33947,1682497142
cancel,357,,,1682497708
cancel,595,,,1682497708
cancel,634,,,1682497708
newOrder,595,0,10408,1682497740
newOrder,638,1,10408,1682497740
newOrder,357,0,42813,1682497740
cancel,357,,,1682498308
cancel,595,,,1682498308
cancel,638,,,1682498308
newOrder,595,0,10418,1682498340
newOrder,638,1,10418,1682498340
cancel,595,,,1682498908
cancel,638,,,1682498908
newOrder,595,0,10341,1682498939
newOrder,640,1,10341,1682498939
cancel,595,,,1682499508
cancel,640,,,1682499508
newOrder,595,0,10263,1682499539
newOrder,641,1,10263,1682499539
cancel,595,,,1682500108
cancel,641,,,1682500108
newOrder,595,0,10482,1682500141
newOrder,638,1,10482,1682500141
cancel,595,,,1682500708
cancel,638,,,1682500708
newOrder,595,0,10360,1682500740
newOrder,640,1,10360,1682500740
cancel,595,,,1682501308
cancel,640,,,1682501308
newOrder,595,0,10341,1682501340
newOrder,641,1,10341,1682501340
cancel,595,,,1682501908
cancel,641,,,1682501908
newOrder,595,0,13705,1682501941
newOrder,641,1,13705,1682501941
cancel,595,,,1682502508
cancel,641,,,1682502508
newOrder,595,0,13759,1682502540
newOrder,641,1,13759,1682502540
cancel,595,,,1682503108
cancel,641,,,1682503108
newOrder,595,0,13731,1682503140
newOrder,641,1,13731,1682503140
cancel,595,,,1682503708
cancel,641,,,1682503708
newOrder,595,0,13740,1682503741
newOrder,641,1,13740,1682503741
cancel,595,,,1682504308
cancel,641,,,1682504308
newOrder,595,0,13839,1682504342
newOrder,640,1,13839,1682504342
cancel,595,,,1682504908
cancel,640,,,1682504908
newOrder,595,0,13782,1682504940
newOrder,641,1,13782,1682504940
cancel,595,,,1682505508
cancel,641,,,1682505508
newOrder,595,0,13751,1682505541
newOrder,642,1,13751,1682505541
cancel,595,,,1682506108
cancel,642,,,1682506108
newOrder,595,0,13550,1682506139
newOrder,644,1,13550,1682506139
cancel,595,,,1682506708
cancel,644,,,1682506708
newOrder,595,0,13472,1682506741
newOrder,645,1,13472,1682506741
newOrder,648,1,9973,1682506741
cancel,595,,,1682507110
cancel,648,,,1682507110
newOrder,594,0,12844,1682507115
newOrder,651,1,12844,1682507115
cancel,594,,,1682507308
cancel,651,,,1682507308
newOrder,595,0,12966,1682507341
newOrder,650,1,12966,1682507341
cancel,595,,,1682507908
cancel,650,,,1682507908
newOrder,595,0,12968,1682507940
newOrder,650,1,12968,1682507940
cancel,595,,,1682508508
cancel,650,,,1682508508
newOrder,595,0,12728,1682508543
newOrder,652,1,12728,1682508543
newOrder,551,0,14310,1682508543
cancel,551,,,1682509108
cancel,595,,,1682509108
cancel,652,,,1682509108
newOrder,595,0,12350,1682509140
newOrder,656,1,12350,1682509140
cancel,595,,,1682509707
cancel,656,,,1682509707
newOrder,595,0,12724,1682509740
newOrder,652,1,12724,1682509740
cancel,595,,,1682510308
cancel,652,,,1682510308
newOrder,595,0,12990,1682510342
newOrder,650,1,12990,1682510342