instruction,price,side,qty,time
cancel,342,,,1688645345
cancel,342,,,1688645345
newOrder,333,0,3028,1688645353
newOrder,339,1,3028,1688645353
newOrder,332,0,2016,1688645353
cancel,332,,,1688645772
cancel,333,,,1688645772
cancel,339,,,1688645772
newOrder,333,0,3029,1688645797
newOrder,339,1,3029,1688645797
cancel,333,,,1688646373
cancel,339,,,1688646373
newOrder,333,0,3030,1688646396
newOrder,339,1,3030,1688646396
cancel,333,,,1688646973
cancel,339,,,1688646973
newOrder,331,0,3023,1688646998
newOrder,337,1,3023,1688646998
cancel,331,,,1688647573
cancel,337,,,1688647573
newOrder,331,0,3023,1688647596
newOrder,337,1,3023,1688647596
cancel,331,,,1688648173
cancel,337,,,1688648173
newOrder,332,0,3028,1688648196
newOrder,338,1,3028,1688648196
cancel,332,,,1688648772
cancel,338,,,1688648772
newOrder,333,0,3029,1688648796
newOrder,339,1,3029,1688648796
cancel,333,,,1688649373
cancel,339,,,1688649373
newOrder,333,0,3031,1688649395
newOrder,339,1,3031,1688649395
cancel,333,,,1688649972
cancel,339,,,1688649972
newOrder,333,0,3032,1688649995
newOrder,339,1,3032,1688649995
cancel,333,,,1688650573
cancel,339,,,1688650573
newOrder,333,0,3030,1688650596
newOrder,339,1,3030,1688650596
cancel,333,,,1688651174
cancel,339,,,1688651174
newOrder,330,0,3021,1688651199
newOrder,336,1,3021,1688651199
cancel,330,,,1688651773
cancel,336,,,1688651773
newOrder,330,0,3021,1688651794
newOrder,336,1,3021,1688651794
cancel,330,,,1688652373
cancel,336,,,1688652373
newOrder,329,0,3015,1688652398
newOrder,335,1,3015,1688652398
cancel,335,,,1688652645
newOrder,326,0,3001,1688652656
newOrder,332,1,3001,1688652656
newOrder,321,0,6190,1688652656
cancel,321,,,1688652973
cancel,326,,,1688652973
cancel,332,,,1688652973
newOrder,324,0,2992,1688652996
newOrder,330,1,2992,1688652996
cancel,324,,,1688653572
cancel,330,,,1688653572
newOrder,324,0,2992,1688653596
newOrder,330,1,2992,1688653596
cancel,324,,,1688654173
cancel,330,,,1688654173
newOrder,324,0,2990,1688654195
newOrder,330,1,2990,1688654195
cancel,324,,,1688654773
cancel,330,,,1688654773
newOrder,324,0,2992,1688654798
newOrder,330,1,2992,1688654798
cancel,324,,,1688655372
cancel,330,,,1688655372
newOrder,324,0,2993,1688655395
newOrder,330,1,2993,1688655395
cancel,324,,,1688655973
cancel,330,,,1688655973
newOrder,326,0,3001,1688655998
newOrder,332,1,3001,1688655998
newOrder,332,1,1486,1688655998
cancel,326,,,1688656573
cancel,332,,,1688656573
cancel,332,,,1688656573
newOrder,327,0,3009,1688656598
newOrder,333,1,3009,1688656598
cancel,327,,,1688657173
cancel,333,,,1688657173
newOrder,330,0,3021,1688657196
newOrder,336,1,3021,1688657196
cancel,330,,,1688657773
cancel,336,,,1688657773
newOrder,331,0,3028,1688657796
newOrder,337,1,3028,1688657796
cancel,331,,,1688658373
cancel,337,,,1688658373
newOrder,331,0,3027,1688658395
newOrder,337,1,3027,1688658395
cancel,331,,,1688658872
newOrder,334,0,3041,1688658880
newOrder,340,1,3041,1688658880
newOrder,334,0,999,1688658880
cancel,334,,,1688658973
cancel,334,,,1688658973
cancel,340,,,1688658973
newOrder,331,0,3030,1688658996
newOrder,337,1,3030,1688658996
cancel,331,,,1688659575
cancel,337,,,1688659575
newOrder,332,0,3034,1688659600
newOrder,338,1,3034,1688659600
cancel,332,,,1688660173
cancel,338,,,1688660173
newOrder,331,0,3031,1688660195
newOrder,337,1,3031,1688660195
cancel,331,,,1688660773
cancel,337,,,1688660773
newOrder,331,0,3030,1688660795
newOrder,337,1,3030,1688660795
cancel,331,,,1688661373
cancel,337,,,1688661373
newOrder,331,0,3029,1688661397
newOrder,337,1,3029,1688661397
cancel,331,,,1688661974
cancel,337,,,1688661974
newOrder,330,0,3025,1688661998
newOrder,336,1,3025,1688661998
cancel,330,,,1688662572
cancel,336,,,1688662572
newOrder,330,0,3025,1688662596
newOrder,336,1,3025,1688662596
cancel,330,,,1688663172
cancel,336,,,1688663172
newOrder,330,0,3028,1688663196
newOrder,336,1,3028,1688663196
cancel,330,,,1688663773
cancel,336,,,1688663773
newOrder,330,0,3026,1688663796
newOrder,336,1,3026,1688663796
cancel,330,,,1688664373
cancel,336,,,1688664373
newOrder,330,0,3026,1688664396
newOrder,336,1,3026,1688664396
cancel,330,,,1688664973
cancel,336,,,1688664973
newOrder,329,0,3025,1688664997
newOrder,335,1,3025,1688664997
cancel,329,,,1688665572
cancel,335,,,1688665572
newOrder,330,0,3028,1688665595
newOrder,336,1,3028,1688665595
cancel,330,,,1688666173
cancel,336,,,1688666173
newOrder,331,0,3031,1688666195
newOrder,337,1,3031,1688666195
cancel,331,,,1688666773
cancel,337,,,1688666773
newOrder,331,0,3032,1688666797
newOrder,337,1,3032,1688666797
newOrder,336,1,354,1688666797
cancel,331,,,1688667373
cancel,336,,,1688667373
cancel,337,,,1688667373
newOrder,332,0,3039,1688667395
newOrder,338,1,3039,1688667395
cancel,332,,,1688667973
cancel,338,,,1688667973
newOrder,333,0,3042,1688667999
newOrder,339,1,3042,1688667999
cancel,333,,,1688668574
cancel,339,,,1688668574
newOrder,333,0,3043,1688668599
newOrder,339,1,3043,1688668599
cancel,333,,,1688669173
cancel,339,,,1688669173
newOrder,332,0,3037,1688669196
newOrder,338,1,3037,1688669196
cancel,332,,,1688669774
cancel,338,,,1688669774
newOrder,333,0,3043,1688669798
newOrder,339,1,3043,1688669798
cancel,333,,,1688670372
cancel,339,,,1688670372
newOrder,333,0,3043,1688670396
newOrder,339,1,3043,1688670396
cancel,333,,,1688670974
cancel,339,,,1688670974
newOrder,332,0,3040,1688670996
newOrder,338,1,3040,1688670996
cancel,332,,,1688671573
cancel,338,,,1688671573
newOrder,333,0,3044,1688671597
newOrder,339,1,3044,1688671597
cancel,333,,,1688672173
cancel,339,,,1688672173
newOrder,332,0,3042,1688672197
newOrder,338,1,3042,1688672197
cancel,332,,,1688672772
cancel,338,,,1688672772
newOrder,333,0,3047,1688672797
newOrder,339,1,3047,1688672797
cancel,333,,,1688673146
newOrder,336,0,3057,1688673153
newOrder,342,1,3057,1688673153
cancel,336,,,1688673373
cancel,342,,,1688673373
newOrder,336,0,3059,1688673395
newOrder,342,1,3059,1688673395
cancel,336,,,1688673972
cancel,342,,,1688673972
newOrder,337,0,3061,1688673994
newOrder,343,1,3061,1688673994
cancel,337,,,1688674573
cancel,343,,,1688674573
newOrder,337,0,3061,1688674596
newOrder,343,1,3061,1688674596
cancel,337,,,1688675157
newOrder,340,0,3072,1688675165
newOrder,346,1,3072,1688675165
cancel,340,,,1688675172
cancel,346,,,1688675172
newOrder,339,0,3069,1688675197
newOrder,345,1,3069,1688675197
cancel,339,,,1688675525
newOrder,342,0,3077,1688675534
newOrder,348,1,3077,1688675534
newOrder,342,0,917,1688675534
cancel,342,,,1688675774
cancel,342,,,1688675774
cancel,348,,,1688675774
newOrder,339,0,3070,1688675797
newOrder,345,1,3070,1688675797
cancel,339,,,1688676320
newOrder,342,0,3078,1688676327
newOrder,348,1,3078,1688676327
newOrder,349,1,1916,1688676327
cancel,342,,,1688676372
cancel,348,,,1688676372
cancel,349,,,1688676372
newOrder,342,0,3079,1688676395
newOrder,349,1,3079,1688676395
newOrder,350,1,2367,1688676395
cancel,342,,,1688676940
cancel,349,,,1688676940
cancel,350,,,1688676940
newOrder,346,0,3088,1688676948
newOrder,352,1,3088,1688676948
cancel,346,,,1688676973
cancel,352,,,1688676973
newOrder,347,0,3089,1688676994
newOrder,353,1,3089,1688676994
cancel,347,,,1688677573
cancel,353,,,1688677573
newOrder,347,0,3091,1688677599
newOrder,353,1,3091,1688677599
newOrder,353,1,511,1688677599
cancel,347,,,1688677751
newOrder,350,0,3095,1688677758
newOrder,356,1,3095,1688677758
newOrder,356,1,831,1688677758
cancel,350,,,1688678071
newOrder,352,0,3099,1688678078
newOrder,360,1,3099,1688678078
newOrder,360,1,1773,1688678078
cancel,352,,,1688678173
cancel,360,,,1688678173
cancel,360,,,1688678173
newOrder,354,0,3100,1688678198
newOrder,361,1,3100,1688678198
newOrder,361,1,1248,1688678198
cancel,354,,,1688678219
newOrder,357,0,3102,1688678228
newOrder,365,1,3102,1688678228
newOrder,367,1,3631,1688678228
cancel,357,,,1688678773
cancel,365,,,1688678773
cancel,367,,,1688678773
newOrder,356,0,3101,1688678796
newOrder,362,1,3101,1688678796
cancel,362,,,1688679053
newOrder,353,0,3099,1688679066
newOrder,359,1,3099,1688679066
newOrder,348,0,5672,1688679066
newOrder,349,0,3096,1688679077
newOrder,357,1,3096,1688679077
newOrder,349,0,1813,1688679077
newOrder,360,1,4758,1688679077
cancel,348,,,1688679373
cancel,349,,,1688679373
cancel,349,,,1688679373
cancel,357,,,1688679373
cancel,359,,,1688679373
cancel,360,,,1688679373
newOrder,349,0,3095,1688679397
newOrder,355,1,3095,1688679397
newOrder,355,1,556,1688679397
cancel,349,,,1688679975
cancel,355,,,1688679975
cancel,355,,,1688679975
newOrder,348,0,3094,1688679999
newOrder,355,1,3094,1688679999
newOrder,358,1,4249,1688679999
cancel,348,,,1688680573
cancel,355,,,1688680573
cancel,358,,,1688680573
newOrder,349,0,3096,1688680594
newOrder,355,1,3096,1688680594
cancel,349,,,1688681173
cancel,355,,,1688681173
newOrder,350,0,3097,1688681194
newOrder,356,1,3097,1688681194
cancel,350,,,1688681773
cancel,356,,,1688681773
newOrder,350,0,3098,1688681796
newOrder,356,1,3098,1688681796
cancel,350,,,1688682165
newOrder,353,0,3102,1688682170
newOrder,359,1,3102,1688682170
cancel,353,,,1688682372
cancel,359,,,1688682372
newOrder,353,0,3102,1688682396
newOrder,359,1,3102,1688682396
newOrder,360,1,2006,1688682396
cancel,353,,,1688682973
cancel,359,,,1688682973
cancel,360,,,1688682973
newOrder,355,0,3104,1688682996
newOrder,361,1,3104,1688682996
cancel,355,,,1688683573
cancel,361,,,1688683573
newOrder,353,0,3103,1688683597
newOrder,360,1,3103,1688683597
newOrder,354,0,153,1688683597
cancel,360,,,1688684170
newOrder,350,0,3100,1688684178
newOrder,356,1,3100,1688684178
newOrder,350,0,3100,1688684195
newOrder,356,1,3100,1688684195
cancel,350,,,1688684773
cancel,350,,,1688684773
cancel,356,,,1688684773
cancel,356,,,1688684773
newOrder,349,0,3098,1688684795
newOrder,355,1,3098,1688684795
cancel,349,,,1688685372
cancel,355,,,1688685372
newOrder,348,0,3097,1688685394
newOrder,354,1,3097,1688685394
cancel,348,,,1688685972
cancel,354,,,1688685972
newOrder,347,0,3096,1688685994
newOrder,353,1,3096,1688685994
cancel,347,,,1688686573
cancel,353,,,1688686573
newOrder,346,0,3094,1688686596
newOrder,352,1,3094,1688686596
cancel,346,,,1688687173
cancel,352,,,1688687173
newOrder,347,0,3097,1688687195
newOrder,353,1,3097,1688687195
cancel,347,,,1688687774
cancel,353,,,1688687774
newOrder,345,0,3093,1688687797
newOrder,351,1,3093,1688687797
cancel,351,,,1688688130
newOrder,342,0,3086,1688688138
newOrder,348,1,3086,1688688138
newOrder,342,0,919,1688688138
cancel,342,,,1688688375
cancel,342,,,1688688375
cancel,348,,,1688688375
newOrder,343,0,3088,1688688452
newOrder,349,1,3088,1688688452
newOrder,252,0,16317,1688688452
newOrder,489,1,16317,1688688452
cancel,252,,,1688688818
cancel,343,,,1688688818
cancel,489,,,1688688818
newOrder,346,0,3096,1688688824
newOrder,352,1,3096,1688688824
cancel,346,,,1688688975
cancel,352,,,1688688975
newOrder,345,0,3094,1688688997
newOrder,351,1,3094,1688688997
cancel,345,,,1688689572
cancel,351,,,1688689572
newOrder,343,0,3091,1688689594
newOrder,350,1,3091,1688689594
cancel,343,,,1688690174
cancel,350,,,1688690174
newOrder,343,0,3090,1688690200
newOrder,349,1,3090,1688690200
cancel,343,,,1688690773
cancel,349,,,1688690773
newOrder,345,0,3094,1688690795
newOrder,351,1,3094,1688690795
cancel,345,,,1688691372
cancel,351,,,1688691372
newOrder,345,0,3095,1688691396
newOrder,351,1,3095,1688691396
cancel,345,,,1688691973
cancel,351,,,1688691973
newOrder,345,0,3096,1688691994
newOrder,351,1,3096,1688691994
cancel,345,,,1688692573
cancel,351,,,1688692573
newOrder,345,0,3096,1688692595
newOrder,351,1,3096,1688692595
cancel,345,,,1688693172
cancel,351,,,1688693172
newOrder,343,0,3093,1688693194
newOrder,349,1,3093,1688693194
cancel,343,,,1688693773
cancel,349,,,1688693773
newOrder,345,0,3097,1688693794
newOrder,351,1,3097,1688693794
cancel,345,,,1688694373
cancel,351,,,1688694373
newOrder,345,0,3098,1688694395
newOrder,351,1,3098,1688694395
cancel,345,,,1688694864
newOrder,348,0,3104,1688694871
newOrder,354,1,3104,1688694871
newOrder,348,0,856,1688694871
cancel,348,,,1688694973
cancel,348,,,1688694973
cancel,354,,,1688694973
newOrder,346,0,3100,1688694996
newOrder,352,1,3100,1688694996
cancel,346,,,1688695275
newOrder,349,0,3106,1688695283
newOrder,355,1,3106,1688695283
newOrder,348,0,1833,1688695283
cancel,348,,,1688695298
cancel,355,,,1688695298
newOrder,345,0,3100,1688695303
newOrder,353,1,3100,1688695303
cancel,345,,,1688695573
cancel,353,,,1688695573
newOrder,346,0,3100,1688695595
newOrder,352,1,3100,1688695595
cancel,346,,,1688696172
cancel,352,,,1688696172
newOrder,345,0,3100,1688696195
newOrder,352,1,3100,1688696195
cancel,345,,,1688696772
cancel,352,,,1688696772
newOrder,345,0,3100,1688696795
newOrder,352,1,3100,1688696795
cancel,345,,,1688697372
cancel,352,,,1688697372
newOrder,345,0,3100,1688697394
newOrder,351,1,3100,1688697394
cancel,345,,,1688697973
cancel,351,,,1688697973
newOrder,344,0,3099,1688697994
newOrder,351,1,3099,1688697994
cancel,344,,,1688698573
cancel,351,,,1688698573
newOrder,345,0,3100,1688698594
newOrder,351,1,3100,1688698594
cancel,345,,,1688699173
cancel,351,,,1688699173
newOrder,344,0,3098,1688699194
newOrder,350,1,3098,1688699194
cancel,344,,,1688699773
cancel,350,,,1688699773
newOrder,344,0,3099,1688699795
newOrder,350,1,3099,1688699795
cancel,344,,,1688700374
cancel,350,,,1688700374
newOrder,344,0,3099,1688700399
newOrder,350,1,3099,1688700399
cancel,344,,,1688700973
cancel,350,,,1688700973
newOrder,344,0,3101,1688700995
newOrder,351,1,3101,1688700995
cancel,344,,,1688701574
cancel,351,,,1688701574
newOrder,344,0,3101,1688701597
newOrder,350,1,3101,1688701597
cancel,344,,,1688702173
cancel,350,,,1688702173
newOrder,344,0,3102,1688702195
newOrder,351,1,3102,1688702195
cancel,344,,,1688702772
cancel,351,,,1688702772
newOrder,345,0,3104,1688702795
newOrder,351,1,3104,1688702795
cancel,345,,,1688703375
cancel,351,,,1688703375
newOrder,344,0,3102,1688703400
newOrder,350,1,3102,1688703400
cancel,344,,,1688703973
cancel,350,,,1688703973
newOrder,343,0,3100,1688703995
newOrder,349,1,3100,1688703995
cancel,343,,,1688704573
cancel,349,,,1688704573
newOrder,341,0,3096,1688704595
newOrder,348,1,3096,1688704595
cancel,341,,,1688705172
cancel,348,,,1688705172
newOrder,341,0,3094,1688705196
newOrder,347,1,3094,1688705196
newOrder,341,0,630,1688705196
cancel,341,,,1688705776
cancel,341,,,1688705776
cancel,347,,,1688705776
newOrder,340,0,3091,1688705797
newOrder,346,1,3091,1688705797
cancel,340,,,1688706374
cancel,346,,,1688706374
newOrder,339,0,3089,1688706397
newOrder,345,1,3089,1688706397
cancel,339,,,1688706973
cancel,345,,,1688706973
newOrder,339,0,3090,1688706996
newOrder,345,1,3090,1688706996
cancel,339,,,1688707459
newOrder,342,0,3099,1688707469
newOrder,348,1,3099,1688707469
cancel,342,,,1688707573
cancel,348,,,1688707573
newOrder,343,0,3101,1688707599
newOrder,349,1,3101,1688707599
newOrder,348,1,302,1688707599
cancel,343,,,1688708173
cancel,348,,,1688708173
cancel,349,,,1688708173
newOrder,343,0,3102,1688708194
newOrder,349,1,3102,1688708194
cancel,343,,,1688708773
cancel,349,,,1688708773
newOrder,344,0,3106,1688708795
newOrder,350,1,3106,1688708795
cancel,344,,,1688709374
cancel,350,,,1688709374
newOrder,344,0,3106,1688709395
newOrder,350,1,3106,1688709395
cancel,344,,,1688709972
cancel,350,,,1688709972
newOrder,344,0,3107,1688709995
newOrder,350,1,3107,1688709995
cancel,344,,,1688710572
cancel,350,,,1688710572
newOrder,344,0,3108,1688710595
newOrder,350,1,3108,1688710595
cancel,344,,,1688711172
cancel,350,,,1688711172
newOrder,344,0,3108,1688711194
newOrder,351,1,3108,1688711194
cancel,344,,,1688711772
cancel,351,,,1688711772
newOrder,344,0,3109,1688711795
newOrder,351,1,3109,1688711795
cancel,344,,,1688712373
cancel,351,,,1688712373
newOrder,344,0,3108,1688712396
newOrder,350,1,3108,1688712396
cancel,344,,,1688712973
cancel,350,,,1688712973
newOrder,344,0,3108,1688712996
newOrder,350,1,3108,1688712996
cancel,344,,,1688713576
cancel,350,,,1688713576
newOrder,343,0,3106,1688713599
newOrder,349,1,3106,1688713599
cancel,343,,,1688714173
cancel,349,,,1688714173
newOrder,344,0,3109,1688714196
newOrder,350,1,3109,1688714196
cancel,344,,,1688714772
cancel,350,,,1688714772
newOrder,344,0,3109,1688714795
newOrder,350,1,3109,1688714795
cancel,344,,,1688715290
cancel,350,,,1688715290
newOrder,341,0,3102,1688715298
newOrder,347,1,3102,1688715298
cancel,341,,,1688715373
cancel,347,,,1688715373
newOrder,340,0,3100,1688715400
newOrder,346,1,3100,1688715400
cancel,340,,,1688715961
cancel,346,,,1688715961
newOrder,336,0,3085,1688716595
newOrder,342,1,3085,1688716595
newOrder,331,0,5812,1688716595
newOrder,341,1,252,1688716595
cancel,331,,,1688717173
cancel,336,,,1688717173
cancel,341,,,1688717173
cancel,342,,,1688717173
newOrder,336,0,3087,1688717194
newOrder,342,1,3087,1688717194
cancel,336,,,1688717773
cancel,342,,,1688717773
newOrder,337,0,3092,1688717795
newOrder,343,1,3092,1688717795
cancel,337,,,1688718373
cancel,343,,,1688718373
newOrder,336,0,3088,1688718397
newOrder,342,1,3088,1688718397
cancel,336,,,1688718973
cancel,342,,,1688718973
newOrder,336,0,3087,1688718995
newOrder,342,1,3087,1688718995
cancel,336,,,1688719572
cancel,342,,,1688719572
newOrder,337,0,3091,1688719597
newOrder,343,1,3091,1688719597
newOrder,343,1,1191,1688719597
cancel,337,,,1688720173
cancel,343,,,1688720173
cancel,343,,,1688720173
newOrder,337,0,3092,1688720195
newOrder,343,1,3092,1688720195
cancel,337,,,1688720774
cancel,343,,,1688720774
newOrder,337,0,3094,1688720795
newOrder,344,1,3094,1688720795
cancel,337,,,1688721373
cancel,344,,,1688721373
newOrder,338,0,3098,1688721397
newOrder,344,1,3098,1688721397
newOrder,344,1,658,1688721397
cancel,338,,,1688721973
cancel,344,,,1688721973
cancel,344,,,1688721973
newOrder,339,0,3100,1688721999
newOrder,345,1,3100,1688721999
cancel,339,,,1688722573
cancel,345,,,1688722573
newOrder,339,0,3102,1688722601
newOrder,345,1,3102,1688722601
newOrder,345,1,529,1688722601
cancel,339,,,1688723173
cancel,345,,,1688723173
cancel,345,,,1688723173
newOrder,341,0,3107,1688723194
newOrder,347,1,3107,1688723194
cancel,341,,,1688723772
cancel,347,,,1688723772
newOrder,341,0,3107,1688723794
newOrder,347,1,3107,1688723794
cancel,341,,,1688724372
cancel,347,,,1688724372
newOrder,340,0,3104,1688724396
newOrder,346,1,3104,1688724396
cancel,340,,,1688724973
cancel,346,,,1688724973
newOrder,339,0,3103,1688724998
newOrder,345,1,3103,1688724998
cancel,339,,,1688725573
cancel,345,,,1688725573
newOrder,339,0,3104,1688725595
newOrder,346,1,3104,1688725595
cancel,339,,,1688726172
cancel,346,,,1688726172
newOrder,339,0,3102,1688726195
newOrder,345,1,3102,1688726195
cancel,339,,,1688726773
cancel,345,,,1688726773
newOrder,339,0,3105,1688726795
newOrder,345,1,3105,1688726795
cancel,339,,,1688727373
cancel,345,,,1688727373
newOrder,339,0,3105,1688727398
newOrder,345,1,3105,1688727398
cancel,339,,,1688727974
cancel,345,,,1688727974
newOrder,339,0,3106,1688727997
newOrder,345,1,3106,1688727997
cancel,339,,,1688728572
cancel,345,,,1688728572
newOrder,338,0,3101,1688728595
newOrder,344,1,3101,1688728595
cancel,338,,,1688729173
cancel,344,,,1688729173
newOrder,340,0,3109,1688729197
newOrder,346,1,3109,1688729197
cancel,340,,,1688729772
cancel,346,,,1688729772
newOrder,339,0,3106,1688729796
newOrder,345,1,3106,1688729796
newOrder,345,1,831,1688729796
cancel,339,,,1688730375
cancel,345,,,1688730375
cancel,345,,,1688730375
newOrder,339,0,3107,1688730399
newOrder,345,1,3107,1688730399
cancel,339,,,1688730973
cancel,345,,,1688730973
newOrder,338,0,3104,1688730998
newOrder,344,1,3104,1688730998
newOrder,338,0,1211,1688730998
cancel,338,,,1688731575
cancel,338,,,1688731575
cancel,344,,,1688731575
newOrder,338,0,3103,1688731599
newOrder,344,1,3103,1688731599