instruction,price,side,qty,time
cancel,733,,,1677413794
cancel,784,,,1677413794
newOrder,732,0,5665,1677413802
newOrder,783,1,5665,1677413802
cancel,732,,,1677414394
cancel,783,,,1677414394
newOrder,732,0,5666,1677414403
newOrder,783,1,5666,1677414403
cancel,732,,,1677414994
cancel,783,,,1677414994
newOrder,732,0,5667,1677415003
newOrder,783,1,5667,1677415003
cancel,732,,,1677415595
cancel,783,,,1677415595
newOrder,730,0,5671,1677415604
newOrder,781,1,5671,1677415604
cancel,730,,,1677416194
cancel,781,,,1677416194
newOrder,729,0,5674,1677416203
newOrder,780,1,5674,1677416203
cancel,729,,,1677416793
cancel,780,,,1677416793
newOrder,731,0,5671,1677416802
newOrder,782,1,5671,1677416802
cancel,731,,,1677417399
cancel,782,,,1677417399
newOrder,730,0,5673,1677417407
newOrder,781,1,5673,1677417407
cancel,730,,,1677417994
cancel,781,,,1677417994
newOrder,730,0,5674,1677418002
newOrder,781,1,5674,1677418002
cancel,730,,,1677418593
cancel,781,,,1677418593
newOrder,730,0,5675,1677418602
newOrder,781,1,5675,1677418602
cancel,730,,,1677419197
cancel,781,,,1677419197
newOrder,731,0,5674,1677419211
newOrder,782,1,5674,1677419211
cancel,731,,,1677419794
cancel,782,,,1677419794
newOrder,731,0,5676,1677419803
newOrder,782,1,5676,1677419803
cancel,731,,,1677420394
cancel,782,,,1677420394
newOrder,732,0,5675,1677420403
newOrder,783,1,5675,1677420403
cancel,732,,,1677420994
cancel,783,,,1677420994
newOrder,733,0,5674,1677421003
newOrder,784,1,5674,1677421003
cancel,733,,,1677421600
cancel,784,,,1677421600
newOrder,731,0,5677,1677421615
newOrder,783,1,5677,1677421615
cancel,731,,,1677422194
cancel,783,,,1677422194
newOrder,730,0,5680,1677422202
newOrder,781,1,5680,1677422202
cancel,730,,,1677422795
cancel,781,,,1677422795
newOrder,733,0,5676,1677422803
newOrder,784,1,5676,1677422803
cancel,733,,,1677423400
cancel,784,,,1677423400
newOrder,734,0,5676,1677423410
newOrder,785,1,5676,1677423410
cancel,734,,,1677423996
cancel,785,,,1677423996
newOrder,734,0,5676,1677424006
newOrder,785,1,5676,1677424006
cancel,734,,,1677424601
cancel,785,,,1677424601
newOrder,735,0,5675,1677424610
newOrder,787,1,5675,1677424610
cancel,735,,,1677425194
cancel,787,,,1677425194
newOrder,734,0,5678,1677425203
newOrder,785,1,5678,1677425203
cancel,734,,,1677425795
cancel,785,,,1677425795
newOrder,734,0,5680,1677425803
newOrder,785,1,5680,1677425803
cancel,734,,,1677426395
cancel,785,,,1677426395
newOrder,735,0,5678,1677426404
newOrder,786,1,5678,1677426404
cancel,735,,,1677426994
cancel,786,,,1677426994
newOrder,735,0,5679,1677427003
newOrder,786,1,5679,1677427003
cancel,735,,,1677427595
cancel,786,,,1677427595
newOrder,735,0,5680,1677427603
newOrder,787,1,5680,1677427603
cancel,735,,,1677428194
cancel,787,,,1677428194
newOrder,735,0,5680,1677428204
newOrder,787,1,5680,1677428204
cancel,735,,,1677428794
cancel,787,,,1677428794
newOrder,736,0,5680,1677428803
newOrder,787,1,5680,1677428803
cancel,736,,,1677429394
cancel,787,,,1677429394
newOrder,734,0,5684,1677429403
newOrder,786,1,5684,1677429403
cancel,734,,,1677429993
cancel,786,,,1677429993
newOrder,735,0,5684,1677430003
newOrder,786,1,5684,1677430003
cancel,735,,,1677430593
cancel,786,,,1677430593
newOrder,735,0,5684,1677430603
newOrder,786,1,5684,1677430603
cancel,735,,,1677431194
cancel,786,,,1677431194
newOrder,733,0,5688,1677431202
newOrder,785,1,5688,1677431202
cancel,733,,,1677431794
cancel,785,,,1677431794
newOrder,733,0,5689,1677431803
newOrder,784,1,5689,1677431803
cancel,733,,,1677432394
cancel,784,,,1677432394
newOrder,732,0,5692,1677432403
newOrder,783,1,5692,1677432403
cancel,732,,,1677432994
cancel,783,,,1677432994
newOrder,732,0,5693,1677433008
newOrder,783,1,5693,1677433008
cancel,732,,,1677433595
cancel,783,,,1677433595
newOrder,731,0,5695,1677433604
newOrder,783,1,5695,1677433604
cancel,731,,,1677434195
cancel,783,,,1677434195
newOrder,733,0,5693,1677434202
newOrder,784,1,5693,1677434202
cancel,733,,,1677434795
cancel,784,,,1677434795
newOrder,733,0,5693,1677434803
newOrder,785,1,5693,1677434803
cancel,733,,,1677435394
cancel,785,,,1677435394
newOrder,736,0,5690,1677435403
newOrder,787,1,5690,1677435403
cancel,736,,,1677435994
cancel,787,,,1677435994
newOrder,735,0,5691,1677436004
newOrder,787,1,5691,1677436004
cancel,735,,,1677436594
cancel,787,,,1677436594
newOrder,737,0,5689,1677436602
newOrder,789,1,5689,1677436602
cancel,737,,,1677437202
cancel,789,,,1677437202
newOrder,743,0,5679,1677437211
newOrder,795,1,5679,1677437211
cancel,743,,,1677437798
cancel,795,,,1677437798
newOrder,747,0,5673,1677437808
newOrder,799,1,5673,1677437808
cancel,747,,,1677438394
cancel,799,,,1677438394
newOrder,744,0,5679,1677438408
newOrder,796,1,5679,1677438408
cancel,744,,,1677438999
cancel,796,,,1677438999
newOrder,746,0,5677,1677439009
newOrder,798,1,5677,1677439009
cancel,746,,,1677439595
cancel,798,,,1677439595
newOrder,747,0,5675,1677439604
newOrder,799,1,5675,1677439604
cancel,747,,,1677440198
cancel,799,,,1677440198
newOrder,749,0,5673,1677440207
newOrder,801,1,5673,1677440207
cancel,749,,,1677440794
cancel,801,,,1677440794
newOrder,750,0,5672,1677440803
newOrder,802,1,5672,1677440803
cancel,750,,,1677441395
cancel,802,,,1677441395
newOrder,750,0,5671,1677441404
newOrder,803,1,5671,1677441404
cancel,750,,,1677442001
cancel,803,,,1677442001
newOrder,750,0,5672,1677442011
newOrder,803,1,5672,1677442011
cancel,750,,,1677442597
cancel,803,,,1677442597
newOrder,751,0,5673,1677442608
newOrder,803,1,5673,1677442608
cancel,751,,,1677443194
cancel,803,,,1677443194
newOrder,750,0,5674,1677443208
newOrder,803,1,5674,1677443208
cancel,750,,,1677443801
cancel,803,,,1677443801
newOrder,753,0,5670,1677443812
newOrder,806,1,5670,1677443812
cancel,753,,,1677444394
cancel,806,,,1677444394
newOrder,752,0,5673,1677444406
newOrder,804,1,5673,1677444406
cancel,752,,,1677444994
cancel,804,,,1677444994
newOrder,753,0,5672,1677445002
newOrder,805,1,5672,1677445002
cancel,753,,,1677445594
cancel,805,,,1677445594
newOrder,751,0,5677,1677445605
newOrder,803,1,5677,1677445605
cancel,751,,,1677446195
cancel,803,,,1677446195
newOrder,750,0,5680,1677446205
newOrder,802,1,5680,1677446205
cancel,750,,,1677446795
cancel,802,,,1677446795
newOrder,745,0,5689,1677446804
newOrder,798,1,5689,1677446804
cancel,745,,,1677447394
cancel,798,,,1677447394
newOrder,748,0,5686,1677447403
newOrder,800,1,5686,1677447403
cancel,748,,,1677447995
cancel,800,,,1677447995
newOrder,750,0,5682,1677448003
newOrder,803,1,5682,1677448003
cancel,750,,,1677448595
cancel,803,,,1677448595
newOrder,751,0,5681,1677448603
newOrder,803,1,5681,1677448603
cancel,751,,,1677449194
cancel,803,,,1677449194
newOrder,749,0,5685,1677449202
newOrder,802,1,5685,1677449202
cancel,749,,,1677449790
cancel,802,,,1677449790
newOrder,748,0,5689,1677449805
newOrder,800,1,5689,1677449805
cancel,748,,,1677450394
cancel,800,,,1677450394
newOrder,743,0,5699,1677450402
newOrder,795,1,5699,1677450402
cancel,743,,,1677451001
cancel,795,,,1677451001
newOrder,740,0,5705,1677451010
newOrder,792,1,5705,1677451010
cancel,740,,,1677451594
cancel,792,,,1677451594
newOrder,742,0,5703,1677451604
newOrder,794,1,5703,1677451604
cancel,742,,,1677452194
cancel,794,,,1677452194
newOrder,742,0,5704,1677452204
newOrder,794,1,5704,1677452204
cancel,742,,,1677452797
cancel,794,,,1677452797
newOrder,745,0,5700,1677452805
newOrder,797,1,5700,1677452805
cancel,745,,,1677453395
cancel,797,,,1677453395
newOrder,746,0,5698,1677453403
newOrder,798,1,5698,1677453403
cancel,746,,,1677453992
cancel,798,,,1677453992
newOrder,746,0,5699,1677454004
newOrder,798,1,5699,1677454004
cancel,746,,,1677454594
cancel,798,,,1677454594
newOrder,746,0,5699,1677454606
newOrder,799,1,5699,1677454606
cancel,746,,,1677455194
cancel,799,,,1677455194
newOrder,747,0,5699,1677455204
newOrder,799,1,5699,1677455204
cancel,747,,,1677455801
cancel,799,,,1677455801
newOrder,748,0,5698,1677455812
newOrder,800,1,5698,1677455812
cancel,748,,,1677456393
cancel,800,,,1677456393
newOrder,748,0,5699,1677456404
newOrder,800,1,5699,1677456404
cancel,748,,,1677456996
cancel,800,,,1677456996
newOrder,747,0,5701,1677457008
newOrder,799,1,5701,1677457008
cancel,747,,,1677457601
cancel,799,,,1677457601
newOrder,744,0,5709,1677457612
newOrder,796,1,5709,1677457612
cancel,744,,,1677458194
cancel,796,,,1677458194
newOrder,744,0,5709,1677458204
newOrder,796,1,5709,1677458204
cancel,744,,,1677458793
cancel,796,,,1677458793
newOrder,744,0,5709,1677458804
newOrder,796,1,5709,1677458804
cancel,744,,,1677459395
cancel,796,,,1677459395
newOrder,745,0,5710,1677459405
newOrder,797,1,5710,1677459405
cancel,745,,,1677459996
cancel,797,,,1677459996
newOrder,743,0,5714,1677460005
newOrder,795,1,5714,1677460005
cancel,743,,,1677460595
cancel,795,,,1677460595
newOrder,743,0,5715,1677460605
newOrder,794,1,5715,1677460605
cancel,743,,,1677461194
cancel,794,,,1677461194
newOrder,742,0,5717,1677461207
newOrder,794,1,5717,1677461207
cancel,742,,,1677461794
cancel,794,,,1677461794
newOrder,742,0,5717,1677461807
newOrder,794,1,5717,1677461807
cancel,742,,,1677462394
cancel,794,,,1677462394
newOrder,743,0,5717,1677462403
newOrder,795,1,5717,1677462403
cancel,743,,,1677462994
cancel,795,,,1677462994
newOrder,744,0,5717,1677463007
newOrder,796,1,5717,1677463007
cancel,744,,,1677463594
cancel,796,,,1677463594
newOrder,745,0,5715,1677463603
newOrder,797,1,5715,1677463603
cancel,745,,,1677464194
cancel,797,,,1677464194
newOrder,741,0,5723,1677464203
newOrder,793,1,5723,1677464203
cancel,741,,,1677464719
cancel,793,,,1677464719
newOrder,741,0,5724,1677464732
newOrder,793,1,5724,1677464732
cancel,741,,,1677465348
cancel,793,,,1677465348
newOrder,741,0,5725,1677465364
newOrder,793,1,5725,1677465364
cancel,741,,,1677465947
cancel,793,,,1677465947
newOrder,740,0,5728,1677465956
newOrder,792,1,5728,1677465956
cancel,740,,,1677466547
cancel,792,,,1677466547
newOrder,741,0,5727,1677466556
newOrder,793,1,5727,1677466556
cancel,741,,,1677467147
cancel,793,,,1677467147
newOrder,741,0,5728,1677467155
newOrder,793,1,5728,1677467155
cancel,741,,,1677467747
cancel,793,,,1677467747
newOrder,743,0,5725,1677467759
newOrder,795,1,5725,1677467759
cancel,743,,,1677468346
cancel,795,,,1677468346
newOrder,744,0,5725,1677468355
newOrder,796,1,5725,1677468355
cancel,744,,,1677468947
cancel,796,,,1677468947
newOrder,744,0,5726,1677468956
newOrder,795,1,5726,1677468956
cancel,744,,,1677469547
cancel,795,,,1677469547
newOrder,743,0,5728,1677469554
newOrder,795,1,5728,1677469554
cancel,743,,,1677470147
cancel,795,,,1677470147
newOrder,743,0,5729,1677470157
newOrder,795,1,5729,1677470157
cancel,743,,,1677470747
cancel,795,,,1677470747
newOrder,743,0,5729,1677470756
newOrder,795,1,5729,1677470756
cancel,743,,,1677471346
cancel,795,,,1677471346
newOrder,738,0,5740,1677471357
newOrder,789,1,5740,1677471357
cancel,738,,,1677471947
cancel,789,,,1677471947
newOrder,739,0,5739,1677471955
newOrder,790,1,5739,1677471955
cancel,739,,,1677472552
cancel,790,,,1677472552
newOrder,733,0,5751,1677472561
newOrder,784,1,5751,1677472561
cancel,733,,,1677473149
cancel,784,,,1677473149
newOrder,732,0,5753,1677473159
newOrder,783,1,5753,1677473159
cancel,732,,,1677473749
cancel,783,,,1677473749
newOrder,733,0,5752,1677473758
newOrder,784,1,5752,1677473758
cancel,733,,,1677474355
cancel,784,,,1677474355
newOrder,732,0,5755,1677474368
newOrder,783,1,5755,1677474368
cancel,732,,,1677474951
cancel,783,,,1677474951
newOrder,732,0,5755,1677474960
newOrder,783,1,5755,1677474960
cancel,732,,,1677475550
cancel,783,,,1677475550
newOrder,730,0,5760,1677475563
newOrder,781,1,5760,1677475563
cancel,730,,,1677476149
cancel,781,,,1677476149
newOrder,727,0,5765,1677476158
newOrder,778,1,5765,1677476158
cancel,727,,,1677476748
cancel,778,,,1677476748
newOrder,728,0,5766,1677476759
newOrder,778,1,5766,1677476759
cancel,728,,,1677477350
cancel,778,,,1677477350
newOrder,727,0,5767,1677477359
newOrder,778,1,5767,1677477359
cancel,727,,,1677477950
cancel,778,,,1677477950
newOrder,726,0,5770,1677477959
newOrder,777,1,5770,1677477959
cancel,726,,,1677478550
cancel,777,,,1677478550
newOrder,727,0,5769,1677478559
newOrder,778,1,5769,1677478559
cancel,727,,,1677479150
cancel,778,,,1677479150
newOrder,727,0,5770,1677479161
newOrder,778,1,5770,1677479161
cancel,727,,,1677479749
cancel,778,,,1677479749
newOrder,727,0,5772,1677479758
newOrder,777,1,5772,1677479758
cancel,727,,,1677480349
cancel,777,,,1677480349
newOrder,727,0,5772,1677480359
newOrder,778,1,5772,1677480359
cancel,727,,,1677480949
cancel,778,,,1677480949
newOrder,729,0,5770,1677480959
newOrder,780,1,5770,1677480959
cancel,729,,,1677481549
cancel,780,,,1677481549
newOrder,728,0,5772,1677481560
newOrder,779,1,5772,1677481560
cancel,728,,,1677482151
cancel,779,,,1677482151
newOrder,729,0,5772,1677482160
newOrder,780,1,5772,1677482160
cancel,729,,,1677482751
cancel,780,,,1677482751
newOrder,729,0,5773,1677482763
newOrder,780,1,5773,1677482763
cancel,729,,,1677483350
cancel,780,,,1677483350
newOrder,730,0,5772,1677483361
newOrder,781,1,5772,1677483361
cancel,730,,,1677483947
cancel,781,,,1677483947
newOrder,730,0,5772,1677483957
newOrder,781,1,5772,1677483957
cancel,730,,,1677484548
cancel,781,,,1677484548
newOrder,730,0,5773,1677484559
newOrder,781,1,5773,1677484559
cancel,730,,,1677485149
cancel,781,,,1677485149
newOrder,730,0,5774,1677485159
newOrder,781,1,5774,1677485159
cancel,730,,,1677485748
cancel,781,,,1677485748
newOrder,726,0,5782,1677485758
newOrder,777,1,5782,1677485758
cancel,726,,,1677486347
cancel,777,,,1677486347
newOrder,727,0,5782,1677486358
newOrder,778,1,5782,1677486358
cancel,727,,,1677486949
cancel,778,,,1677486949
newOrder,727,0,5782,1677486958
newOrder,778,1,5782,1677486958
cancel,727,,,1677487548
cancel,778,,,1677487548
newOrder,728,0,5782,1677487557
newOrder,778,1,5782,1677487557
cancel,728,,,1677488147
cancel,778,,,1677488147
newOrder,727,0,5784,1677488159
newOrder,777,1,5784,1677488159
cancel,727,,,1677488748
cancel,777,,,1677488748
newOrder,727,0,5786,1677488758
newOrder,777,1,5786,1677488758
cancel,727,,,1677489347
cancel,777,,,1677489347
newOrder,725,0,5789,1677489357
newOrder,776,1,5789,1677489357
cancel,725,,,1677489946
cancel,776,,,1677489946
newOrder,724,0,5791,1677489958
newOrder,775,1,5791,1677489958
cancel,724,,,1677490549
cancel,775,,,1677490549
newOrder,725,0,5790,1677490562
newOrder,776,1,5790,1677490562
cancel,725,,,1677491149
cancel,776,,,1677491149
newOrder,726,0,5789,1677491160
newOrder,777,1,5789,1677491160
cancel,726,,,1677491749
cancel,777,,,1677491749
newOrder,726,0,5791,1677491760
newOrder,777,1,5791,1677491760
cancel,726,,,1677492347
cancel,777,,,1677492347
newOrder,725,0,5794,1677492358
newOrder,776,1,5794,1677492358
cancel,725,,,1677492949
cancel,776,,,1677492949
newOrder,725,0,5795,1677492960
newOrder,775,1,5795,1677492960
cancel,725,,,1677493548
cancel,775,,,1677493548
newOrder,724,0,5797,1677493559
newOrder,775,1,5797,1677493559
cancel,724,,,1677494147
cancel,775,,,1677494147
newOrder,724,0,5798,1677494158
newOrder,774,1,5798,1677494158
cancel,724,,,1677494748
cancel,774,,,1677494748
newOrder,719,0,5806,1677494759
newOrder,770,1,5806,1677494759
cancel,719,,,1677495348
cancel,770,,,1677495348
newOrder,721,0,5804,1677495359
newOrder,771,1,5804,1677495359
cancel,721,,,1677495949
cancel,771,,,1677495949
newOrder,721,0,5805,1677495958
newOrder,771,1,5805,1677495958
cancel,721,,,1677496550
cancel,771,,,1677496550
newOrder,722,0,5805,1677496561
newOrder,772,1,5805,1677496561
cancel,722,,,1677497149
cancel,772,,,1677497149
newOrder,722,0,5805,1677497159
newOrder,773,1,5805,1677497159
cancel,722,,,1677497749
cancel,773,,,1677497749
newOrder,723,0,5804,1677497759
newOrder,774,1,5804,1677497759
cancel,723,,,1677498350
cancel,774,,,1677498350
newOrder,725,0,5802,1677498362
newOrder,776,1,5802,1677498362
cancel,725,,,1677498950
cancel,776,,,1677498950
newOrder,726,0,5802,1677498960
newOrder,777,1,5802,1677498960
cancel,726,,,1677499547
cancel,777,,,1677499547
newOrder,726,0,5803,1677499558
newOrder,777,1,5803,1677499558