instruction,price,side,qty,time
cancel,348,,,1687436080
newOrder,352,0,502,1687436087
newOrder,358,1,502,1687436087
newOrder,359,1,290,1687436087
cancel,352,,,1687436213
cancel,358,,,1687436213
cancel,359,,,1687436213
newOrder,352,0,516,1687436228
newOrder,359,1,516,1687436228
newOrder,360,1,351,1687436228
cancel,352,,,1687436813
cancel,359,,,1687436813
cancel,360,,,1687436813
newOrder,353,0,515,1687436824
newOrder,359,1,515,1687436824
newOrder,358,1,14,1687436824
cancel,353,,,1687437413
cancel,358,,,1687437413
cancel,359,,,1687437413
newOrder,353,0,528,1687437424
newOrder,360,1,528,1687437424
newOrder,360,1,233,1687437424
cancel,353,,,1687438013
cancel,360,,,1687438013
cancel,360,,,1687438013
newOrder,354,0,548,1687438023
newOrder,361,1,548,1687438023
cancel,354,,,1687438615
cancel,361,,,1687438615
newOrder,354,0,546,1687438631
newOrder,361,1,546,1687438631
cancel,354,,,1687439213
cancel,361,,,1687439213
newOrder,355,0,554,1687439225
newOrder,361,1,554,1687439225
newOrder,347,0,1500,1687439225
newOrder,372,1,2070,1687439225
cancel,347,,,1687439500
cancel,355,,,1687439500
cancel,372,,,1687439500
newOrder,357,0,632,1687439508
newOrder,365,1,632,1687439508
newOrder,355,0,740,1687439508
newOrder,372,1,1091,1687439508
cancel,355,,,1687439814
cancel,357,,,1687439814
cancel,365,,,1687439814
cancel,372,,,1687439814
newOrder,359,0,666,1687439826
newOrder,366,1,666,1687439826
newOrder,347,0,590,1687439826
newOrder,386,1,590,1687439826
cancel,347,,,1687440408
cancel,359,,,1687440408
cancel,386,,,1687440408
newOrder,362,0,770,1687440419
newOrder,370,1,770,1687440419
newOrder,371,1,643,1687440419
newOrder,364,0,803,1687440423
newOrder,370,1,803,1687440423
newOrder,372,1,651,1687440423
cancel,362,,,1687441018
cancel,364,,,1687441018
cancel,370,,,1687441018
cancel,370,,,1687441018
cancel,371,,,1687441018
cancel,372,,,1687441018
newOrder,365,0,838,1687441028
newOrder,372,1,838,1687441028
cancel,365,,,1687441614
cancel,372,,,1687441614
newOrder,365,0,824,1687441623
newOrder,371,1,824,1687441623
cancel,365,,,1687442214
cancel,371,,,1687442214
newOrder,364,0,811,1687442225
newOrder,371,1,811,1687442225
newOrder,364,0,331,1687442225
cancel,364,,,1687442813
cancel,364,,,1687442813
cancel,371,,,1687442813
newOrder,365,0,828,1687442824
newOrder,372,1,828,1687442824
cancel,365,,,1687443413
cancel,372,,,1687443413
newOrder,365,0,819,1687443427
newOrder,371,1,819,1687443427
newOrder,361,0,1196,1687443427
newOrder,372,1,403,1687443427
cancel,361,,,1687443935
cancel,365,,,1687443935
cancel,371,,,1687443935
cancel,372,,,1687443935
newOrder,361,0,720,1687443943
newOrder,369,1,720,1687443943
newOrder,336,0,2374,1687443943
newOrder,381,1,2374,1687443943
cancel,336,,,1687444013
cancel,361,,,1687444013
cancel,369,,,1687444013
cancel,381,,,1687444013
newOrder,361,0,708,1687444025
newOrder,368,1,708,1687444025
newOrder,347,0,2372,1687444025
newOrder,369,1,468,1687444025
cancel,347,,,1687444118
cancel,368,,,1687444118
cancel,369,,,1687444118
newOrder,357,0,608,1687444125
newOrder,365,1,608,1687444125
newOrder,357,0,335,1687444125
cancel,357,,,1687444617
cancel,357,,,1687444617
cancel,365,,,1687444617
newOrder,357,0,589,1687444630
newOrder,364,1,589,1687444630
newOrder,344,0,895,1687444630
newOrder,369,1,895,1687444630
cancel,344,,,1687444823
cancel,364,,,1687444823
cancel,369,,,1687444823
newOrder,353,0,507,1687444831
newOrder,361,1,507,1687444831
newOrder,354,0,129,1687444831
cancel,353,,,1687445217
cancel,361,,,1687445217
newOrder,352,0,468,1687445230
newOrder,358,1,468,1687445230
newOrder,346,0,1049,1687445230
cancel,346,,,1687445559
cancel,358,,,1687445559
newOrder,349,0,399,1687445566
newOrder,355,1,399,1687445566
newOrder,345,0,617,1687445566
cancel,345,,,1687445628
cancel,355,,,1687445628
newOrder,345,0,345,1687445640
newOrder,353,1,345,1687445640
newOrder,339,0,872,1687445640
cancel,339,,,1687445814
cancel,345,,,1687445814
cancel,353,,,1687445814
newOrder,346,0,345,1687445825
newOrder,352,1,345,1687445825
newOrder,340,0,762,1687445825
cancel,340,,,1687446414
cancel,346,,,1687446414
cancel,352,,,1687446414
newOrder,346,0,349,1687446428
newOrder,353,1,349,1687446428
newOrder,331,0,1397,1687446428
newOrder,375,1,1397,1687446428
cancel,331,,,1687447013
cancel,346,,,1687447013
cancel,353,,,1687447013
cancel,375,,,1687447013
newOrder,347,0,361,1687447026
newOrder,353,1,361,1687447026
newOrder,344,0,474,1687447026
newOrder,358,1,650,1687447026
cancel,344,,,1687447613
cancel,347,,,1687447613
cancel,353,,,1687447613
cancel,358,,,1687447613
newOrder,347,0,362,1687447624
newOrder,354,1,362,1687447624
newOrder,348,0,31,1687447624
cancel,347,,,1687448213
cancel,348,,,1687448213
cancel,354,,,1687448213
newOrder,347,0,357,1687448224
newOrder,353,1,357,1687448224
cancel,347,,,1687448813
cancel,353,,,1687448813
newOrder,347,0,354,1687448825
newOrder,353,1,354,1687448825
newOrder,348,0,14,1687448825
cancel,347,,,1687449323
cancel,348,,,1687449323
newOrder,350,0,403,1687449331
newOrder,356,1,403,1687449331
newOrder,357,1,236,1687449331
cancel,350,,,1687449413
cancel,356,,,1687449413
cancel,357,,,1687449413
newOrder,349,0,388,1687449425
newOrder,355,1,388,1687449425
newOrder,361,1,467,1687449425
cancel,349,,,1687449759
cancel,361,,,1687449759
newOrder,352,0,441,1687449767
newOrder,358,1,441,1687449767
cancel,352,,,1687450014
cancel,358,,,1687450014
newOrder,351,0,418,1687450027
newOrder,357,1,418,1687450027
newOrder,340,0,1556,1687450027
newOrder,376,1,1570,1687450027
cancel,340,,,1687450135
cancel,351,,,1687450135
cancel,376,,,1687450135
newOrder,353,0,483,1687450143
newOrder,361,1,483,1687450143
newOrder,364,1,728,1687450143
cancel,353,,,1687450615
cancel,361,,,1687450615
cancel,364,,,1687450615
newOrder,357,0,565,1687450628
newOrder,364,1,565,1687450628
newOrder,364,1,209,1687450628
cancel,357,,,1687451213
cancel,364,,,1687451213
cancel,364,,,1687451213
newOrder,356,0,530,1687451226
newOrder,363,1,530,1687451226
newOrder,356,0,180,1687451226
cancel,356,,,1687451814
cancel,356,,,1687451814
cancel,363,,,1687451814
newOrder,357,0,554,1687451827
newOrder,364,1,554,1687451827
cancel,357,,,1687452413
cancel,364,,,1687452413
newOrder,356,0,522,1687452435
newOrder,362,1,522,1687452435
newOrder,333,0,468,1687452435
newOrder,373,1,468,1687452435
cancel,333,,,1687452571
cancel,356,,,1687452571
cancel,362,,,1687452571
cancel,373,,,1687452571
newOrder,353,0,450,1687452579
newOrder,359,1,450,1687452579
newOrder,338,0,1788,1687452579
newOrder,361,1,399,1687452579
cancel,338,,,1687452669
cancel,359,,,1687452669
cancel,361,,,1687452669
newOrder,349,0,389,1687452678
newOrder,357,1,389,1687452678
newOrder,347,0,475,1687452678
cancel,347,,,1687453013
cancel,349,,,1687453013
cancel,357,,,1687453013
newOrder,348,0,350,1687453027
newOrder,354,1,350,1687453027
newOrder,336,0,1019,1687453027
newOrder,365,1,1019,1687453027
cancel,336,,,1687453614
cancel,348,,,1687453614
cancel,354,,,1687453614
cancel,365,,,1687453614
newOrder,347,0,326,1687453628
newOrder,353,1,326,1687453628
newOrder,346,0,156,1687453628
newOrder,354,1,235,1687453628
cancel,346,,,1687454214
cancel,347,,,1687454214
cancel,353,,,1687454214
cancel,354,,,1687454214
newOrder,347,0,327,1687454224
newOrder,353,1,327,1687454224
cancel,347,,,1687454813
cancel,353,,,1687454813
newOrder,347,0,331,1687454826
newOrder,353,1,331,1687454826
newOrder,347,0,119,1687454826
newOrder,354,1,172,1687454826
cancel,347,,,1687455413
cancel,347,,,1687455413
cancel,353,,,1687455413
cancel,354,,,1687455413
newOrder,347,0,333,1687455423
newOrder,354,1,333,1687455423
cancel,347,,,1687456015
cancel,354,,,1687456015
newOrder,349,0,353,1687456027
newOrder,355,1,353,1687456027
newOrder,342,0,808,1687456027
newOrder,364,1,808,1687456027
cancel,342,,,1687456613
cancel,349,,,1687456613
cancel,355,,,1687456613
cancel,364,,,1687456613
newOrder,349,0,356,1687456638
newOrder,355,1,356,1687456638
cancel,349,,,1687457213
cancel,355,,,1687457213
newOrder,348,0,340,1687457240
newOrder,354,1,340,1687457240
newOrder,348,0,125,1687457240
cancel,348,,,1687457813
cancel,348,,,1687457813
cancel,354,,,1687457813
newOrder,347,0,313,1687457838
newOrder,353,1,313,1687457838
cancel,347,,,1687458413
cancel,353,,,1687458413
newOrder,345,0,284,1687458437
newOrder,351,1,284,1687458437
cancel,345,,,1687459014
cancel,351,,,1687459014
newOrder,344,0,273,1687459038
newOrder,351,1,273,1687459038
newOrder,345,0,36,1687459038
cancel,344,,,1687459613
cancel,351,,,1687459613
newOrder,342,0,232,1687459639
newOrder,348,1,232,1687459639
cancel,342,,,1687460214
cancel,348,,,1687460214
newOrder,339,0,203,1687460237
newOrder,345,1,203,1687460237
cancel,339,,,1687460813
cancel,345,,,1687460813
newOrder,339,0,196,1687460838
newOrder,345,1,196,1687460838
newOrder,335,0,171,1687460838
newOrder,346,1,129,1687460838
cancel,335,,,1687461413
cancel,339,,,1687461413
cancel,345,,,1687461413
cancel,346,,,1687461413
newOrder,336,0,168,1687461441
newOrder,342,1,168,1687461441
newOrder,333,0,205,1687461441
newOrder,345,1,197,1687461441
cancel,333,,,1687462014
cancel,336,,,1687462014
cancel,342,,,1687462014
cancel,345,,,1687462014
newOrder,336,0,166,1687462037
newOrder,342,1,166,1687462037
cancel,336,,,1687462613
cancel,342,,,1687462613
newOrder,337,0,173,1687462638
newOrder,343,1,173,1687462638
newOrder,343,1,45,1687462638
cancel,337,,,1687463214
cancel,343,,,1687463214
cancel,343,,,1687463214
newOrder,339,0,190,1687463238
newOrder,345,1,190,1687463238
newOrder,346,1,125,1687463238
cancel,339,,,1687463690
cancel,346,,,1687463690
newOrder,342,0,224,1687463698
newOrder,348,1,224,1687463698
newOrder,348,1,67,1687463698
cancel,342,,,1687463813
cancel,348,,,1687463813
cancel,348,,,1687463813
newOrder,341,0,215,1687463841
newOrder,347,1,215,1687463841
newOrder,342,0,15,1687463841
newOrder,350,1,254,1687463841
cancel,341,,,1687464413
cancel,342,,,1687464413
cancel,347,,,1687464413
cancel,350,,,1687464413
newOrder,342,0,223,1687464441
newOrder,348,1,223,1687464441
newOrder,351,1,278,1687464441
cancel,342,,,1687465013
cancel,348,,,1687465013
cancel,351,,,1687465013
newOrder,343,0,229,1687465039
newOrder,349,1,229,1687465039
cancel,343,,,1687465613
cancel,349,,,1687465613
newOrder,341,0,213,1687465637
newOrder,348,1,213,1687465637
cancel,341,,,1687466214
cancel,348,,,1687466214
newOrder,342,0,215,1687466239
newOrder,348,1,215,1687466239
newOrder,336,0,478,1687466239
newOrder,353,1,420,1687466239
cancel,336,,,1687466813
cancel,342,,,1687466813
cancel,348,,,1687466813
cancel,353,,,1687466813
newOrder,342,0,215,1687466837
newOrder,348,1,215,1687466837
cancel,342,,,1687467375
newOrder,345,0,252,1687467384
newOrder,351,1,252,1687467384
newOrder,337,0,720,1687467384
newOrder,363,1,1044,1687467384
cancel,337,,,1687467414
cancel,345,,,1687467414
cancel,351,,,1687467414
cancel,363,,,1687467414
newOrder,344,0,243,1687467439
newOrder,350,1,243,1687467439
newOrder,338,0,568,1687467439
newOrder,360,1,825,1687467439
cancel,338,,,1687468013
cancel,344,,,1687468013
cancel,350,,,1687468013
cancel,360,,,1687468013
newOrder,344,0,240,1687468042
newOrder,350,1,240,1687468042
cancel,344,,,1687468613
cancel,350,,,1687468613
newOrder,346,0,264,1687468637
newOrder,352,1,264,1687468637
cancel,346,,,1687469214
cancel,352,,,1687469214
newOrder,344,0,235,1687469237
newOrder,350,1,235,1687469237
cancel,344,,,1687469813
cancel,350,,,1687469813
newOrder,344,0,228,1687469837
newOrder,350,1,228,1687469837
cancel,344,,,1687470413
cancel,350,,,1687470413
newOrder,343,0,214,1687470438
newOrder,349,1,214,1687470438
newOrder,343,0,52,1687470438
cancel,343,,,1687471013
cancel,343,,,1687471013
cancel,349,,,1687471013
newOrder,342,0,202,1687471039
newOrder,348,1,202,1687471039
cancel,342,,,1687471614
cancel,348,,,1687471614
newOrder,342,0,203,1687471640
newOrder,348,1,203,1687471640
newOrder,335,0,334,1687471640
newOrder,351,1,240,1687471640
cancel,335,,,1687472214
cancel,342,,,1687472214
cancel,348,,,1687472214
cancel,351,,,1687472214
newOrder,342,0,198,1687472237
newOrder,348,1,198,1687472237
cancel,342,,,1687472813
cancel,348,,,1687472813
newOrder,343,0,211,1687472842
newOrder,349,1,211,1687472842
newOrder,350,1,117,1687472842
cancel,343,,,1687473413
cancel,349,,,1687473413
cancel,350,,,1687473413
newOrder,344,0,217,1687473438
newOrder,350,1,217,1687473438
newOrder,352,1,211,1687473438
cancel,344,,,1687474012
cancel,350,,,1687474012
cancel,352,,,1687474012
newOrder,343,0,208,1687474039
newOrder,349,1,208,1687474039
newOrder,349,1,42,1687474039
cancel,343,,,1687474614
cancel,349,,,1687474614
cancel,349,,,1687474614
newOrder,342,0,197,1687474638
newOrder,349,1,197,1687474638
cancel,349,,,1687474881
newOrder,339,0,159,1687474887
newOrder,345,1,159,1687474887
newOrder,337,0,154,1687474887
cancel,337,,,1687475213
cancel,339,,,1687475213
cancel,345,,,1687475213
newOrder,338,0,148,1687475240
newOrder,344,1,148,1687475240
newOrder,330,0,182,1687475240
newOrder,351,1,182,1687475240
cancel,330,,,1687475813
cancel,338,,,1687475813
cancel,344,,,1687475813
cancel,351,,,1687475813
newOrder,338,0,145,1687475840
newOrder,344,1,145,1687475840
cancel,338,,,1687476414
cancel,344,,,1687476414
newOrder,338,0,148,1687476438
newOrder,344,1,148,1687476438
cancel,338,,,1687477014
cancel,344,,,1687477014
newOrder,340,0,165,1687477037
newOrder,346,1,165,1687477037
cancel,340,,,1687477614
cancel,346,,,1687477614
newOrder,339,0,156,1687477641
newOrder,345,1,156,1687477641
newOrder,346,1,81,1687477641
cancel,339,,,1687478214
cancel,345,,,1687478214
cancel,346,,,1687478214
newOrder,339,0,156,1687478237
newOrder,346,1,156,1687478237
cancel,339,,,1687478813
cancel,346,,,1687478813
newOrder,340,0,164,1687478839
newOrder,347,1,164,1687478839
cancel,340,,,1687479413
cancel,347,,,1687479413
newOrder,341,0,164,1687479439
newOrder,347,1,164,1687479439
cancel,341,,,1687480014
cancel,347,,,1687480014
newOrder,340,0,154,1687480041
newOrder,346,1,154,1687480041
cancel,340,,,1687480614
cancel,346,,,1687480614
newOrder,340,0,152,1687480637
newOrder,346,1,152,1687480637
cancel,340,,,1687481214
cancel,346,,,1687481214
newOrder,339,0,144,1687481239
newOrder,345,1,144,1687481239
cancel,339,,,1687481814
cancel,345,,,1687481814
newOrder,339,0,138,1687481838
newOrder,345,1,138,1687481838
newOrder,336,0,159,1687481838
cancel,336,,,1687482414
cancel,339,,,1687482414
cancel,345,,,1687482414
newOrder,339,0,137,1687482437
newOrder,345,1,137,1687482437
cancel,339,,,1687483013
cancel,345,,,1687483013
newOrder,338,0,131,1687483038
newOrder,344,1,131,1687483038
newOrder,339,0,2,1687483038
cancel,338,,,1687483613
cancel,339,,,1687483613
cancel,344,,,1687483613
newOrder,338,0,133,1687483636
newOrder,345,1,133,1687483636
cancel,338,,,1687484214
cancel,345,,,1687484214
newOrder,338,0,131,1687484238
newOrder,344,1,131,1687484238
cancel,338,,,1687484813
cancel,344,,,1687484813
newOrder,338,0,127,1687484837
newOrder,344,1,127,1687484837
cancel,338,,,1687485413
cancel,344,,,1687485413
newOrder,338,0,124,1687485438
newOrder,344,1,124,1687485438
cancel,344,,,1687485515
newOrder,335,0,102,1687485524
newOrder,341,1,102,1687485524
newOrder,341,1,33,1687485524
cancel,335,,,1687486014
cancel,341,,,1687486014
cancel,341,,,1687486014
newOrder,336,0,110,1687486038
newOrder,342,1,110,1687486038
newOrder,342,1,26,1687486038
cancel,336,,,1687486614
cancel,342,,,1687486614
cancel,342,,,1687486614
newOrder,337,0,113,1687486637
newOrder,343,1,113,1687486637
cancel,337,,,1687487212
cancel,343,,,1687487212
newOrder,338,0,117,1687487243
newOrder,344,1,117,1687487243
cancel,338,,,1687487814
cancel,344,,,1687487814
newOrder,338,0,119,1687487838
newOrder,344,1,119,1687487838
newOrder,338,0,35,1687487838
cancel,338,,,1687488413
cancel,338,,,1687488413
cancel,344,,,1687488413
newOrder,338,0,119,1687488438
newOrder,344,1,119,1687488438
newOrder,338,0,43,1687488438
cancel,338,,,1687489014
cancel,338,,,1687489014
cancel,344,,,1687489014
newOrder,338,0,117,1687489038
newOrder,344,1,117,1687489038
cancel,338,,,1687489613
cancel,344,,,1687489613
newOrder,338,0,115,1687489637
newOrder,344,1,115,1687489637
cancel,338,,,1687490213
cancel,344,,,1687490213
newOrder,338,0,113,1687490237
newOrder,344,1,113,1687490237
cancel,338,,,1687490813
cancel,344,,,1687490813
newOrder,339,0,121,1687490837
newOrder,345,1,121,1687490837
cancel,339,,,1687491413
cancel,345,,,1687491413
newOrder,340,0,126,1687491438
newOrder,346,1,126,1687491438
newOrder,345,1,2,1687491438
cancel,340,,,1687492013
cancel,345,,,1687492013
cancel,346,,,1687492013
newOrder,340,0,129,1687492037
newOrder,346,1,129,1687492037
cancel,340,,,1687492615
cancel,346,,,1687492615
newOrder,340,0,125,1687492639
newOrder,346,1,125,1687492639
cancel,340,,,1687493212
cancel,340,,,1687493213
newOrder,343,0,149,1687493224
newOrder,349,1,149,1687493224
newOrder,350,1,92,1687493224
newOrder,342,0,141,1687493238
newOrder,348,1,141,1687493238
newOrder,348,1,35,1687493238
cancel,342,,,1687493814
cancel,343,,,1687493814
cancel,348,,,1687493814
cancel,348,,,1687493814
cancel,349,,,1687493814
cancel,350,,,1687493814
newOrder,343,0,150,1687493837
newOrder,349,1,150,1687493837
cancel,343,,,1687494414
cancel,349,,,1687494414
newOrder,344,0,158,1687494441
newOrder,350,1,158,1687494441
newOrder,344,0,59,1687494441
newOrder,351,1,84,1687494441
cancel,344,,,1687495013
cancel,344,,,1687495013
cancel,350,,,1687495013
cancel,351,,,1687495013
newOrder,344,0,157,1687495040
newOrder,350,1,157,1687495040
newOrder,344,0,59,1687495040
newOrder,355,1,284,1687495040
cancel,344,,,1687495613
cancel,344,,,1687495613
cancel,350,,,1687495613
cancel,355,,,1687495613
newOrder,345,0,159,1687495639
newOrder,351,1,159,1687495639
newOrder,338,0,386,1687495639
newOrder,357,1,370,1687495639
cancel,338,,,1687496213
cancel,345,,,1687496213
cancel,351,,,1687496213
cancel,357,,,1687496213
newOrder,343,0,139,1687496236
newOrder,349,1,139,1687496236
cancel,343,,,1687496813
cancel,349,,,1687496813
newOrder,343,0,140,1687496838
newOrder,349,1,140,1687496838
cancel,343,,,1687497413
cancel,349,,,1687497413
newOrder,343,0,136,1687497438
newOrder,349,1,136,1687497438
cancel,343,,,1687498014
cancel,349,,,1687498014
newOrder,342,0,129,1687498038
newOrder,348,1,129,1687498038
cancel,342,,,1687498614
cancel,348,,,1687498614
newOrder,344,0,141,1687498639
newOrder,350,1,141,1687498639
newOrder,333,0,511,1687498639
newOrder,362,1,511,1687498639
cancel,333,,,1687499213
cancel,344,,,1687499213
cancel,350,,,1687499213
cancel,362,,,1687499213
newOrder,345,0,149,1687499237
newOrder,351,1,149,1687499237
cancel,345,,,1687499814
cancel,351,,,1687499814
newOrder,345,0,148,1687499840
newOrder,351,1,148,1687499840
cancel,345,,,1687500414
cancel,351,,,1687500414
newOrder,345,0,146,1687500437
newOrder,351,1,146,1687500437
cancel,345,,,1687501013
cancel,351,,,1687501013
newOrder,345,0,150,1687501037
newOrder,351,1,150,1687501037
cancel,345,,,1687501614
cancel,351,,,1687501614
newOrder,345,0,151,1687501643
newOrder,352,1,151,1687501643
newOrder,337,0,147,1687501643
newOrder,358,1,147,1687501643
cancel,337,,,1687502213
cancel,345,,,1687502213
cancel,352,,,1687502213
cancel,358,,,1687502213
newOrder,345,0,141,1687502239
newOrder,351,1,141,1687502239
cancel,345,,,1687502814
cancel,351,,,1687502814
newOrder,344,0,134,1687502837
newOrder,350,1,134,1687502837
cancel,344,,,1687503413
cancel,350,,,1687503413
newOrder,343,0,124,1687503438
newOrder,349,1,124,1687503438
cancel,343,,,1687504014
cancel,349,,,1687504014
newOrder,343,0,123,1687504044
newOrder,349,1,123,1687504044
newOrder,338,0,244,1687504044
newOrder,351,1,107,1687504044
cancel,338,,,1687504613
cancel,343,,,1687504613
cancel,349,,,1687504613
cancel,351,,,1687504613
newOrder,341,0,108,1687504639
newOrder,348,1,108,1687504639
newOrder,342,0,16,1687504639
cancel,348,,,1687505104
newOrder,338,0,84,1687505112
newOrder,344,1,84,1687505112
newOrder,338,0,26,1687505112
cancel,338,,,1687505214
cancel,338,,,1687505214
cancel,344,,,1687505214
newOrder,339,0,89,1687505239
newOrder,345,1,89,1687505239
newOrder,338,0,51,1687505239
newOrder,345,1,33,1687505239
cancel,338,,,1687505814
cancel,339,,,1687505814
cancel,345,,,1687505814
cancel,345,,,1687505814
newOrder,340,0,94,1687505839
newOrder,346,1,94,1687505839
newOrder,337,0,114,1687505839
newOrder,348,1,96,1687505839
cancel,337,,,1687506413
cancel,340,,,1687506413
cancel,346,,,1687506413
cancel,348,,,1687506413
newOrder,340,0,91,1687506439
newOrder,346,1,91,1687506439
cancel,340,,,1687507013
cancel,346,,,1687507013
newOrder,340,0,95,1687507042
newOrder,346,1,95,1687507042
newOrder,333,0,190,1687507042
newOrder,355,1,190,1687507042
cancel,333,,,1687507614
cancel,340,,,1687507614
cancel,346,,,1687507614
cancel,355,,,1687507614
newOrder,340,0,89,1687507639
newOrder,346,1,89,1687507639
newOrder,336,0,132,1687507639
newOrder,349,1,126,1687507639
cancel,336,,,1687508213
cancel,340,,,1687508213
cancel,346,,,1687508213
cancel,349,,,1687508213
newOrder,340,0,89,1687508237
newOrder,346,1,89,1687508237
cancel,340,,,1687508814
cancel,346,,,1687508814
newOrder,341,0,96,1687508837
newOrder,347,1,96,1687508837
cancel,341,,,1687509413
cancel,347,,,1687509413
newOrder,341,0,93,1687509437
newOrder,347,1,93,1687509437
newOrder,348,1,63,1687509437
cancel,341,,,1687510014
cancel,347,,,1687510014
cancel,348,,,1687510014
newOrder,342,0,100,1687510039
newOrder,348,1,100,1687510039
cancel,348,,,1687510521
newOrder,339,0,80,1687510528
newOrder,345,1,80,1687510528
newOrder,337,0,77,1687510528
cancel,337,,,1687510613
cancel,339,,,1687510613
cancel,345,,,1687510613
newOrder,337,0,69,1687510639
newOrder,343,1,69,1687510639
newOrder,334,0,94,1687510639
newOrder,346,1,87,1687510639
cancel,334,,,1687511214
cancel,337,,,1687511214
cancel,343,,,1687511214
cancel,346,,,1687511214
newOrder,337,0,69,1687511240
newOrder,343,1,69,1687511240
cancel,337,,,1687511815
cancel,343,,,1687511815
newOrder,337,0,66,1687511840
newOrder,343,1,66,1687511840
newOrder,332,0,126,1687511840
newOrder,350,1,176,1687511840
cancel,332,,,1687512413
cancel,337,,,1687512413
cancel,343,,,1687512413
cancel,350,,,1687512413
newOrder,337,0,64,1687512441
newOrder,343,1,64,1687512441
cancel,337,,,1687513013
cancel,343,,,1687513013
newOrder,336,0,61,1687513037
newOrder,342,1,61,1687513037
cancel,336,,,1687513613
cancel,342,,,1687513613
newOrder,336,0,57,1687513636
newOrder,342,1,57,1687513636
cancel,336,,,1687514213
cancel,342,,,1687514213
newOrder,339,0,71,1687514239
newOrder,345,1,71,1687514239
newOrder,339,0,12,1687514239
newOrder,346,1,55,1687514239
cancel,339,,,1687514814
cancel,339,,,1687514814
cancel,345,,,1687514814
cancel,346,,,1687514814
newOrder,338,0,67,1687514839
newOrder,344,1,67,1687514839
newOrder,323,0,75,1687514839
newOrder,356,1,75,1687514839
cancel,323,,,1687515413
cancel,338,,,1687515413
cancel,344,,,1687515413
cancel,356,,,1687515413
newOrder,337,0,63,1687515440
newOrder,343,1,63,1687515440
cancel,337,,,1687516013
cancel,343,,,1687516013
newOrder,337,0,58,1687516037
newOrder,343,1,58,1687516037
cancel,337,,,1687516614
cancel,343,,,1687516614
newOrder,337,0,57,1687516639
newOrder,343,1,57,1687516639
newOrder,337,0,12,1687516639
newOrder,342,1,5,1687516639
cancel,337,,,1687517213
cancel,337,,,1687517213
cancel,342,,,1687517213
cancel,343,,,1687517213
newOrder,336,0,55,1687517238
newOrder,342,1,55,1687517238
newOrder,337,0,4,1687517238
cancel,342,,,1687517550
newOrder,333,0,42,1687517560
newOrder,339,1,42,1687517560
newOrder,305,0,33,1687517560
newOrder,361,1,33,1687517560
cancel,305,,,1687517813
cancel,333,,,1687517813
cancel,339,,,1687517813
cancel,361,,,1687517813
newOrder,334,0,44,1687517840
newOrder,340,1,44,1687517840
newOrder,327,0,110,1687517840
newOrder,344,1,78,1687517840
cancel,327,,,1687518413
cancel,334,,,1687518413
cancel,340,,,1687518413
cancel,344,,,1687518413
newOrder,333,0,41,1687518437
newOrder,339,1,41,1687518437
newOrder,333,0,15,1687518437
cancel,333,,,1687519014
cancel,333,,,1687519014
cancel,339,,,1687519014
newOrder,331,0,35,1687519043
newOrder,337,1,35,1687519043
newOrder,332,0,6,1687519043
cancel,331,,,1687519613
cancel,332,,,1687519613
cancel,337,,,1687519613
newOrder,330,0,32,1687519637
newOrder,336,1,32,1687519637
cancel,330,,,1687520214
cancel,336,,,1687520214
newOrder,330,0,31,1687520240
newOrder,336,1,31,1687520240
newOrder,325,0,60,1687520240
newOrder,336,1,8,1687520240
cancel,325,,,1687520813
cancel,330,,,1687520813
cancel,336,,,1687520813
cancel,336,,,1687520813
newOrder,329,0,28,1687520838
newOrder,335,1,28,1687520838
cancel,329,,,1687521413
cancel,335,,,1687521413
newOrder,330,0,30,1687521440
newOrder,336,1,30,1687521440
newOrder,324,0,74,1687521440
newOrder,343,1,77,1687521440
cancel,324,,,1687522013
cancel,330,,,1687522013
cancel,336,,,1687522013
cancel,343,,,1687522013
newOrder,330,0,28,1687522037
newOrder,336,1,28,1687522037