instruction,price,side,qty,time
cancel,1033,,,1675771939
cancel,1087,,,1675771939
newOrder,1033,0,10737,1675771957
newOrder,1087,1,10737,1675771957
cancel,1033,,,1675772539
cancel,1087,,,1675772539
newOrder,1034,0,10743,1675772578
newOrder,1088,1,10743,1675772578
cancel,1034,,,1675773144
cancel,1088,,,1675773144
newOrder,1037,0,10777,1675773166
newOrder,1091,1,10777,1675773166
cancel,1037,,,1675773744
cancel,1091,,,1675773744
newOrder,1034,0,10750,1675773786
newOrder,1088,1,10750,1675773786
cancel,1034,,,1675774339
cancel,1088,,,1675774339
newOrder,1035,0,10755,1675774381
newOrder,1088,1,10755,1675774381
cancel,1035,,,1675774943
cancel,1088,,,1675774943
newOrder,1035,0,10762,1675774987
newOrder,1089,1,10762,1675774987
cancel,1035,,,1675775547
cancel,1089,,,1675775547
newOrder,1034,0,10746,1675775575
newOrder,1087,1,10746,1675775575
cancel,1034,,,1675776140
cancel,1087,,,1675776140
newOrder,1028,0,10689,1675776200
newOrder,1081,1,10689,1675776200
cancel,1028,,,1675776741
cancel,1081,,,1675776741
newOrder,1023,0,10643,1675776785
newOrder,1077,1,10643,1675776785
cancel,1023,,,1675777338
cancel,1077,,,1675777338
newOrder,1030,0,10710,1675777364
newOrder,1083,1,10710,1675777364
cancel,1030,,,1675777939
cancel,1083,,,1675777939
newOrder,1031,0,10719,1675777984
newOrder,1084,1,10719,1675777984
cancel,1031,,,1675778543
cancel,1084,,,1675778543
newOrder,1029,0,10705,1675778586
newOrder,1082,1,10705,1675778586
cancel,1029,,,1675779143
cancel,1082,,,1675779143
newOrder,1027,0,10681,1675779161
newOrder,1080,1,10681,1675779161
cancel,1027,,,1675779744
cancel,1080,,,1675779744
newOrder,1027,0,10685,1675779786
newOrder,1080,1,10685,1675779786
cancel,1027,,,1675780341
cancel,1080,,,1675780341
newOrder,1030,0,10715,1675780364
newOrder,1083,1,10715,1675780364
cancel,1030,,,1675780940
cancel,1083,,,1675780940
newOrder,1029,0,10710,1675780981
newOrder,1083,1,10710,1675780981
cancel,1029,,,1675781543
cancel,1083,,,1675781543
newOrder,1029,0,10715,1675781567
newOrder,1083,1,10715,1675781567
cancel,1029,,,1675782140
cancel,1083,,,1675782140
newOrder,1029,0,10716,1675782167
newOrder,1083,1,10716,1675782167
cancel,1029,,,1675782742
cancel,1083,,,1675782742
newOrder,1027,0,10693,1675782761
newOrder,1080,1,10693,1675782761
cancel,1027,,,1675783341
cancel,1080,,,1675783341
newOrder,1027,0,10694,1675783377
newOrder,1080,1,10694,1675783377
cancel,1027,,,1675783944
cancel,1080,,,1675783944
newOrder,1022,0,10646,1675783979
newOrder,1076,1,10646,1675783979
cancel,1022,,,1675784540
cancel,1076,,,1675784540
newOrder,1026,0,10683,1675784565
newOrder,1079,1,10683,1675784565
cancel,1026,,,1675785140
cancel,1079,,,1675785140
newOrder,1022,0,10644,1675785179
newOrder,1075,1,10644,1675785179
cancel,1022,,,1675785740
cancel,1075,,,1675785740
newOrder,1024,0,10664,1675785760
newOrder,1077,1,10664,1675785760
cancel,1024,,,1675786344
cancel,1077,,,1675786344
newOrder,1019,0,10615,1675786381
newOrder,1072,1,10615,1675786381
cancel,1019,,,1675786941
cancel,1072,,,1675786941
newOrder,1021,0,10641,1675786972
newOrder,1074,1,10641,1675786972
cancel,1021,,,1675787543
cancel,1074,,,1675787543
newOrder,1018,0,10610,1675787580
newOrder,1071,1,10610,1675787580
cancel,1018,,,1675788142
cancel,1071,,,1675788142
newOrder,1024,0,10675,1675788193
newOrder,1078,1,10675,1675788193
cancel,1024,,,1675788743
cancel,1078,,,1675788743
newOrder,1028,0,10711,1675788783
newOrder,1081,1,10711,1675788783
cancel,1028,,,1675789344
cancel,1081,,,1675789344
newOrder,1022,0,10655,1675789371
newOrder,1075,1,10655,1675789371
cancel,1022,,,1675789941
cancel,1075,,,1675789941
newOrder,1026,0,10700,1675789965
newOrder,1080,1,10700,1675789965
cancel,1026,,,1675790540
cancel,1080,,,1675790540
newOrder,1021,0,10645,1675790598
newOrder,1074,1,10645,1675790598
cancel,1021,,,1675791144
cancel,1074,,,1675791144
newOrder,1007,0,10487,1675791196
newOrder,1059,1,10487,1675791196
cancel,1007,,,1675791739
cancel,1059,,,1675791739
newOrder,1019,0,10620,1675791798
newOrder,1072,1,10620,1675791798
cancel,1019,,,1675792339
cancel,1072,,,1675792339
newOrder,1031,0,10751,1675792387
newOrder,1084,1,10751,1675792387
newOrder,862,0,43004,1675792387
cancel,862,,,1675792939
cancel,1031,,,1675792939
cancel,1084,,,1675792939
newOrder,1041,0,10859,1675792985
newOrder,1095,1,10859,1675792985
cancel,1041,,,1675793539
cancel,1095,,,1675793539
newOrder,1027,0,10716,1675793561
newOrder,1081,1,10716,1675793561
cancel,1027,,,1675794146
cancel,1081,,,1675794146
newOrder,1023,0,10671,1675794183
newOrder,1076,1,10671,1675794183
cancel,1023,,,1675794743
cancel,1076,,,1675794743
newOrder,1007,0,10491,1675794800
newOrder,1059,1,10491,1675794800
cancel,1007,,,1675795341
cancel,1059,,,1675795341
newOrder,1013,0,10567,1675795383
newOrder,1066,1,10567,1675795383
newOrder,862,0,42268,1675795383
cancel,862,,,1675795944
cancel,1013,,,1675795944
cancel,1066,,,1675795944
newOrder,1013,0,10560,1675795988
newOrder,1065,1,10560,1675795988
cancel,1013,,,1675796539
cancel,1065,,,1675796539
newOrder,1013,0,10570,1675796578
newOrder,1066,1,10570,1675796578
cancel,1013,,,1675797138
cancel,1066,,,1675797138
newOrder,1019,0,10634,1675797148
newOrder,1072,1,10634,1675797148
cancel,1019,,,1675797739
cancel,1072,,,1675797739
newOrder,1019,0,10634,1675797751
newOrder,1072,1,10634,1675797751
cancel,1019,,,1675798339
cancel,1072,,,1675798339
newOrder,1019,0,10633,1675798351
newOrder,1072,1,10633,1675798351
cancel,1019,,,1675798939
cancel,1072,,,1675798939
newOrder,1019,0,10635,1675798951
newOrder,1072,1,10635,1675798951
cancel,1019,,,1675799544
cancel,1072,,,1675799544
newOrder,1019,0,10634,1675799554
newOrder,1072,1,10634,1675799554
cancel,1019,,,1675800144
cancel,1072,,,1675800144
newOrder,1022,0,10667,1675800156
newOrder,1075,1,10667,1675800156
cancel,1022,,,1675800738
cancel,1075,,,1675800738
newOrder,1018,0,10631,1675800749
newOrder,1071,1,10631,1675800749
cancel,1018,,,1675801339
cancel,1071,,,1675801339
newOrder,1021,0,10668,1675801350
newOrder,1075,1,10668,1675801350
newOrder,862,0,42674,1675801350
cancel,862,,,1675801940
cancel,1021,,,1675801940
cancel,1075,,,1675801940
newOrder,1027,0,10732,1675801950
newOrder,1081,1,10732,1675801950
cancel,1027,,,1675802540
cancel,1081,,,1675802540
newOrder,1029,0,10757,1675802565
newOrder,1083,1,10757,1675802565
cancel,1029,,,1675803138
cancel,1083,,,1675803138
newOrder,1030,0,10769,1675803160
newOrder,1084,1,10769,1675803160
cancel,1030,,,1675803738
cancel,1084,,,1675803738
newOrder,1030,0,10767,1675803763
newOrder,1084,1,10767,1675803763
cancel,1030,,,1675804343
cancel,1084,,,1675804343
newOrder,1032,0,10791,1675804379
newOrder,1086,1,10791,1675804379
cancel,1032,,,1675804942
cancel,1086,,,1675804942
newOrder,1033,0,10796,1675804980
newOrder,1086,1,10796,1675804980
cancel,1033,,,1675805539
cancel,1086,,,1675805539
newOrder,1033,0,10805,1675805585
newOrder,1087,1,10805,1675805585
cancel,1033,,,1675806138
cancel,1087,,,1675806138
newOrder,1031,0,10778,1675806180
newOrder,1084,1,10778,1675806180
cancel,1031,,,1675806740
cancel,1084,,,1675806740
newOrder,1032,0,10797,1675806782
newOrder,1086,1,10797,1675806782
cancel,1032,,,1675807342
cancel,1086,,,1675807342
newOrder,1031,0,10781,1675807384
newOrder,1084,1,10781,1675807384
cancel,1031,,,1675807944
cancel,1084,,,1675807944
newOrder,1018,0,10648,1675807984
newOrder,1071,1,10648,1675807984
cancel,1018,,,1675808539
cancel,1071,,,1675808539
newOrder,1023,0,10694,1675808565
newOrder,1076,1,10694,1675808565
cancel,1023,,,1675809144
cancel,1076,,,1675809144
newOrder,1022,0,10688,1675809197
newOrder,1075,1,10688,1675809197
cancel,1022,,,1675809743
cancel,1075,,,1675809743
newOrder,1022,0,10695,1675809786
newOrder,1076,1,10695,1675809786
cancel,1022,,,1675810342
cancel,1076,,,1675810342
newOrder,1026,0,10731,1675810376
newOrder,1079,1,10731,1675810376
cancel,1026,,,1675810944
cancel,1079,,,1675810944
newOrder,1026,0,10739,1675810992
newOrder,1080,1,10739,1675810992
cancel,1026,,,1675811539
cancel,1080,,,1675811539
newOrder,1031,0,10789,1675811587
newOrder,1084,1,10789,1675811587
cancel,1031,,,1675812144
cancel,1084,,,1675812144
newOrder,1026,0,10744,1675812189
newOrder,1080,1,10744,1675812189
cancel,1026,,,1675812744
cancel,1080,,,1675812744
newOrder,1029,0,10774,1675812786
newOrder,1083,1,10774,1675812786
cancel,1029,,,1675813338
cancel,1083,,,1675813338
newOrder,1032,0,10801,1675813363
newOrder,1085,1,10801,1675813363
cancel,1032,,,1675813942
cancel,1085,,,1675813942
newOrder,1036,0,10851,1675813958
newOrder,1090,1,10851,1675813958
cancel,1036,,,1675814539
cancel,1090,,,1675814539
newOrder,1041,0,10899,1675814585
newOrder,1095,1,10899,1675814585
cancel,1041,,,1675815138
cancel,1095,,,1675815138
newOrder,1042,0,10910,1675815185
newOrder,1096,1,10910,1675815185
cancel,1042,,,1675815739
cancel,1096,,,1675815739
newOrder,1043,0,10925,1675815790
newOrder,1097,1,10925,1675815790
cancel,1043,,,1675816339
cancel,1097,,,1675816339
newOrder,1047,0,10969,1675816376
newOrder,1102,1,10969,1675816376
cancel,1047,,,1675817537
cancel,1102,,,1675817537
newOrder,1058,0,11073,1675817578
newOrder,1113,1,11073,1675817578
cancel,1058,,,1675818143
cancel,1113,,,1675818143
newOrder,1055,0,11051,1675818168
newOrder,1110,1,11051,1675818168
cancel,1055,,,1675818744
cancel,1110,,,1675818744
newOrder,1056,0,11065,1675818796
newOrder,1111,1,11065,1675818796
cancel,1056,,,1675819344
cancel,1111,,,1675819344
newOrder,1051,0,11012,1675819385
newOrder,1105,1,11012,1675819385
cancel,1051,,,1675819939
cancel,1105,,,1675819939
newOrder,1046,0,10969,1675819981
newOrder,1101,1,10969,1675819981
cancel,1046,,,1675820539
cancel,1101,,,1675820539
newOrder,1041,0,10919,1675820565
newOrder,1096,1,10919,1675820565
cancel,1041,,,1675821141
cancel,1096,,,1675821141
newOrder,1039,0,10891,1675821157
newOrder,1093,1,10891,1675821157
cancel,1039,,,1675821739
cancel,1093,,,1675821739
newOrder,1043,0,10938,1675821764
newOrder,1097,1,10938,1675821764
cancel,1043,,,1675822340
cancel,1097,,,1675822340
newOrder,1043,0,10934,1675822390
newOrder,1097,1,10934,1675822390
cancel,1043,,,1675822939
cancel,1097,,,1675822939
newOrder,1044,0,10951,1675822981
newOrder,1098,1,10951,1675822981
cancel,1044,,,1675823544
cancel,1098,,,1675823544
newOrder,1046,0,10968,1675823586
newOrder,1100,1,10968,1675823586
cancel,1046,,,1675824144
cancel,1100,,,1675824144
newOrder,1046,0,10969,1675824189
newOrder,1100,1,10969,1675824189
cancel,1046,,,1675824744
cancel,1100,,,1675824744
newOrder,1044,0,10956,1675824780
newOrder,1098,1,10956,1675824780
cancel,1044,,,1675825345
cancel,1098,,,1675825345
newOrder,1040,0,10915,1675825391
newOrder,1094,1,10915,1675825391
cancel,1040,,,1675825943
cancel,1094,,,1675825943
newOrder,1041,0,10927,1675825985
newOrder,1095,1,10927,1675825985
cancel,1041,,,1675826544
cancel,1095,,,1675826544
newOrder,1041,0,10926,1675826588
newOrder,1095,1,10926,1675826588
cancel,1041,,,1675827140
cancel,1095,,,1675827140
newOrder,1043,0,10948,1675827181
newOrder,1097,1,10948,1675827181
cancel,1043,,,1675827739
cancel,1097,,,1675827739
newOrder,1044,0,10956,1675827763
newOrder,1098,1,10956,1675827763
cancel,1044,,,1675828341
cancel,1098,,,1675828341
newOrder,1044,0,10963,1675828382
newOrder,1098,1,10963,1675828382
cancel,1044,,,1675828938
cancel,1098,,,1675828938
newOrder,1044,0,10964,1675828985
newOrder,1098,1,10964,1675828985
cancel,1044,,,1675829539
cancel,1098,,,1675829539
newOrder,1048,0,11002,1675829554
newOrder,1102,1,11002,1675829554
cancel,1048,,,1675830140
cancel,1102,,,1675830140
newOrder,1047,0,10998,1675830170
newOrder,1102,1,10998,1675830170
cancel,1047,,,1675830743
cancel,1102,,,1675830743
newOrder,1053,0,11062,1675830789
newOrder,1108,1,11062,1675830789
cancel,1053,,,1675831339
cancel,1108,,,1675831339
newOrder,1050,0,11032,1675831382
newOrder,1105,1,11032,1675831382
cancel,1050,,,1675831941
cancel,1105,,,1675831941
newOrder,1049,0,11020,1675831982
newOrder,1103,1,11020,1675831982
cancel,1049,,,1675832544
cancel,1103,,,1675832544
newOrder,1050,0,11035,1675832586
newOrder,1105,1,11035,1675832586
cancel,1050,,,1675833144
cancel,1105,,,1675833144
newOrder,1050,0,11031,1675833155
newOrder,1104,1,11031,1675833155
cancel,1050,,,1675833739
cancel,1104,,,1675833739
newOrder,1049,0,11023,1675833777
newOrder,1103,1,11023,1675833777
cancel,1049,,,1675834338
cancel,1103,,,1675834338
newOrder,1045,0,10984,1675834360
newOrder,1099,1,10984,1675834360
cancel,1045,,,1675834940
cancel,1099,,,1675834940
newOrder,1036,0,10888,1675834985
newOrder,1089,1,10888,1675834985
cancel,1036,,,1675835542
cancel,1089,,,1675835542
newOrder,1038,0,10912,1675835589
newOrder,1092,1,10912,1675835589
cancel,1038,,,1675836139
cancel,1092,,,1675836139
newOrder,1039,0,10925,1675836169
newOrder,1093,1,10925,1675836169
cancel,1039,,,1675836738
cancel,1093,,,1675836738
newOrder,1034,0,10871,1675836760
newOrder,1087,1,10871,1675836760
cancel,1034,,,1675837342
cancel,1087,,,1675837342
newOrder,1041,0,10954,1675837366
newOrder,1095,1,10954,1675837366
cancel,1041,,,1675837939
cancel,1095,,,1675837939
newOrder,1038,0,10924,1675837965
newOrder,1092,1,10924,1675837965
cancel,1038,,,1675838541
cancel,1092,,,1675838541
newOrder,1038,0,10924,1675838569
newOrder,1092,1,10924,1675838569
cancel,1038,,,1675839143
cancel,1092,,,1675839143
newOrder,1036,0,10899,1675839165
newOrder,1090,1,10899,1675839165
cancel,1036,,,1675839739
cancel,1090,,,1675839739
newOrder,1037,0,10909,1675839763
newOrder,1091,1,10909,1675839763
cancel,1037,,,1675840339
cancel,1091,,,1675840339
newOrder,1038,0,10927,1675840365
newOrder,1092,1,10927,1675840365
cancel,1038,,,1675840940
cancel,1092,,,1675840940
newOrder,1039,0,10941,1675840984
newOrder,1093,1,10941,1675840984
cancel,1039,,,1675841541
cancel,1093,,,1675841541
newOrder,1043,0,10976,1675841565
newOrder,1097,1,10976,1675841565
cancel,1043,,,1675842144
cancel,1097,,,1675842144
newOrder,1043,0,10978,1675842171
newOrder,1097,1,10978,1675842171
cancel,1043,,,1675842738
cancel,1097,,,1675842738
newOrder,1043,0,10985,1675842753
newOrder,1097,1,10985,1675842753
cancel,1043,,,1675843348
cancel,1097,,,1675843348
newOrder,1042,0,10970,1675843385
newOrder,1096,1,10970,1675843385
cancel,1042,,,1675843938
cancel,1096,,,1675843938
newOrder,1039,0,10940,1675844027
newOrder,1093,1,10940,1675844027
newOrder,864,0,43759,1675844027
cancel,864,,,1675844542
cancel,1039,,,1675844542
cancel,1093,,,1675844542
newOrder,1043,0,10982,1675844570
newOrder,1097,1,10982,1675844570
cancel,1043,,,1675845139
cancel,1097,,,1675845139
newOrder,1043,0,10992,1675845166
newOrder,1098,1,10992,1675845166
cancel,1043,,,1675845739
cancel,1098,,,1675845739
newOrder,1043,0,10990,1675845779
newOrder,1097,1,10990,1675845779
cancel,1043,,,1675846339
cancel,1097,,,1675846339
newOrder,1041,0,10969,1675846382
newOrder,1095,1,10969,1675846382
cancel,1041,,,1675846939
cancel,1095,,,1675846939
newOrder,1039,0,10947,1675846993
newOrder,1093,1,10947,1675846993
cancel,1039,,,1675847541
cancel,1093,,,1675847541
newOrder,1039,0,10949,1675847573
newOrder,1093,1,10949,1675847573
cancel,1039,,,1675848143
cancel,1093,,,1675848143
newOrder,1041,0,10976,1675848155
newOrder,1095,1,10976,1675848155
cancel,1041,,,1675848739
cancel,1095,,,1675848739
newOrder,1040,0,10966,1675848784
newOrder,1094,1,10966,1675848784
cancel,1040,,,1675849345
cancel,1094,,,1675849345
newOrder,1043,0,10999,1675849386
newOrder,1097,1,10999,1675849386
cancel,1043,,,1675849943
cancel,1097,,,1675849943
newOrder,1042,0,10990,1675849989
newOrder,1096,1,10990,1675849989
cancel,1042,,,1675850542
cancel,1096,,,1675850542
newOrder,1042,0,10987,1675850570
newOrder,1096,1,10987,1675850570
cancel,1042,,,1675851140
cancel,1096,,,1675851140
newOrder,1041,0,10984,1675851184
newOrder,1096,1,10984,1675851184
cancel,1041,,,1675851739
cancel,1096,,,1675851739
newOrder,1033,0,10894,1675851782
newOrder,1087,1,10894,1675851782
cancel,1033,,,1675852344
cancel,1087,,,1675852344
newOrder,1032,0,10885,1675852386
newOrder,1086,1,10885,1675852386
cancel,1032,,,1675852942
cancel,1086,,,1675852942
newOrder,1034,0,10903,1675852961
newOrder,1087,1,10903,1675852961
cancel,1034,,,1675853545
cancel,1087,,,1675853545
newOrder,1032,0,10884,1675853566
newOrder,1085,1,10884,1675853566
cancel,1032,,,1675854137
cancel,1085,,,1675854137
newOrder,1033,0,10897,1675854169
newOrder,1087,1,10897,1675854169
cancel,1033,,,1675854744
cancel,1087,,,1675854744
newOrder,1034,0,10908,1675854769
newOrder,1087,1,10908,1675854769
cancel,1034,,,1675855340
cancel,1087,,,1675855340
newOrder,1038,0,10960,1675855360
newOrder,1092,1,10960,1675855360
cancel,1038,,,1675855939
cancel,1092,,,1675855939
newOrder,1041,0,10991,1675855967
newOrder,1095,1,10991,1675855967
cancel,1041,,,1675856543
cancel,1095,,,1675856543
newOrder,1038,0,10957,1675856569
newOrder,1092,1,10957,1675856569
cancel,1038,,,1675857140
cancel,1092,,,1675857140
newOrder,1036,0,10937,1675857182
newOrder,1090,1,10937,1675857182
cancel,1036,,,1675857741
cancel,1090,,,1675857741
newOrder,1031,0,10883,1675857785
newOrder,1085,1,10883,1675857785