instruction,price,side,qty,time
newOrder,862,0,8378,1675339722
newOrder,907,1,8378,1675339722
cancel,862,,,1675340267
cancel,907,,,1675340267
newOrder,861,0,8363,1675340321
newOrder,906,1,8363,1675340321
cancel,861,,,1675340865
cancel,906,,,1675340865
newOrder,865,0,8414,1675340921
newOrder,910,1,8414,1675340921
cancel,865,,,1675341466
cancel,910,,,1675341466
newOrder,869,0,8457,1675341523
newOrder,914,1,8457,1675341523
cancel,869,,,1675342064
cancel,914,,,1675342064
newOrder,868,0,8454,1675342113
newOrder,914,1,8454,1675342113
cancel,868,,,1675342667
cancel,914,,,1675342667
newOrder,873,0,8513,1675342712
newOrder,919,1,8513,1675342712
cancel,873,,,1675343266
cancel,919,,,1675343266
newOrder,873,0,8505,1675343317
newOrder,918,1,8505,1675343317
cancel,873,,,1675343872
cancel,918,,,1675343872
newOrder,869,0,8460,1675343937
newOrder,914,1,8460,1675343937
cancel,869,,,1675344465
cancel,914,,,1675344465
newOrder,867,0,8442,1675344522
newOrder,912,1,8442,1675344522
cancel,867,,,1675345064
cancel,912,,,1675345064
newOrder,861,0,8369,1675345088
newOrder,906,1,8369,1675345088
cancel,861,,,1675345667
cancel,906,,,1675345667
newOrder,859,0,8345,1675345721
newOrder,904,1,8345,1675345721
cancel,859,,,1675346265
cancel,904,,,1675346265
newOrder,857,0,8314,1675346322
newOrder,901,1,8314,1675346322
cancel,857,,,1675346868
cancel,901,,,1675346868
newOrder,858,0,8326,1675346930
newOrder,902,1,8326,1675346930
cancel,858,,,1675347466
cancel,902,,,1675347466
newOrder,860,0,8358,1675347522
newOrder,905,1,8358,1675347522
cancel,860,,,1675348064
cancel,905,,,1675348064
newOrder,867,0,8437,1675348116
newOrder,912,1,8437,1675348116
cancel,867,,,1675348665
cancel,912,,,1675348665
newOrder,861,0,8371,1675348736
newOrder,906,1,8371,1675348736
cancel,861,,,1675349268
cancel,906,,,1675349268
newOrder,857,0,8320,1675349309
newOrder,902,1,8320,1675349309
cancel,857,,,1675349865
cancel,902,,,1675349865
newOrder,852,0,8264,1675349891
newOrder,897,1,8264,1675349891
newOrder,852,0,551,1675349891
cancel,852,,,1675350465
cancel,852,,,1675350465
cancel,897,,,1675350465
newOrder,843,0,8140,1675350532
newOrder,886,1,8140,1675350532
cancel,843,,,1675351063
cancel,886,,,1675351063
newOrder,842,0,8132,1675351117
newOrder,886,1,8132,1675351117
cancel,842,,,1675351664
cancel,886,,,1675351664
newOrder,843,0,8142,1675351729
newOrder,886,1,8142,1675351729
cancel,843,,,1675352263
cancel,886,,,1675352263
newOrder,852,0,8262,1675352314
newOrder,897,1,8262,1675352314
cancel,852,,,1675352867
cancel,897,,,1675352867
newOrder,854,0,8279,1675352916
newOrder,898,1,8279,1675352916
cancel,854,,,1675353466
cancel,898,,,1675353466
newOrder,848,0,8207,1675354077
newOrder,892,1,8207,1675354077
cancel,848,,,1675354665
cancel,892,,,1675354665
newOrder,841,0,8119,1675354740
newOrder,885,1,8119,1675354740
cancel,841,,,1675355266
cancel,885,,,1675355266
newOrder,846,0,8190,1675355330
newOrder,890,1,8190,1675355330
cancel,846,,,1675355868
cancel,890,,,1675355868
newOrder,846,0,8191,1675355925
newOrder,890,1,8191,1675355925
cancel,846,,,1675356336
newOrder,865,0,8448,1675356377
newOrder,915,1,8448,1675356377
newOrder,702,0,33791,1675356377
cancel,702,,,1675356393
cancel,865,,,1675356393
cancel,915,,,1675356393
newOrder,840,0,8105,1675356588
newOrder,883,1,8105,1675356588
newOrder,702,0,32419,1675356588
cancel,702,,,1675356759
cancel,840,,,1675356759
newOrder,858,0,8366,1675356808
newOrder,908,1,8366,1675356808
newOrder,702,0,33464,1675356808
cancel,702,,,1675357213
cancel,858,,,1675357213
cancel,908,,,1675357213
newOrder,845,0,8168,1675357261
newOrder,889,1,8168,1675357261
newOrder,702,0,32670,1675357261
cancel,702,,,1675357807
cancel,845,,,1675357807
cancel,889,,,1675357807
newOrder,850,0,8233,1675357863
newOrder,894,1,8233,1675357863
newOrder,702,0,32933,1675357863
cancel,702,,,1675358408
cancel,850,,,1675358408
cancel,894,,,1675358408
newOrder,853,0,8268,1675358465
newOrder,897,1,8268,1675358465
newOrder,702,0,33071,1675358465
cancel,702,,,1675359009
cancel,853,,,1675359009
cancel,897,,,1675359009
newOrder,851,0,8253,1675359101
newOrder,896,1,8253,1675359101
newOrder,702,0,33013,1675359101
cancel,702,,,1675359608
cancel,851,,,1675359608
cancel,896,,,1675359608
newOrder,853,0,8267,1675359663
newOrder,897,1,8267,1675359663
newOrder,702,0,33070,1675359663
cancel,702,,,1675360210
cancel,853,,,1675360210
cancel,897,,,1675360210
newOrder,856,0,8306,1675360271
newOrder,900,1,8306,1675360271
newOrder,701,0,33223,1675360271
cancel,701,,,1675360809
cancel,856,,,1675360809
cancel,900,,,1675360809
newOrder,856,0,8316,1675360889
newOrder,901,1,8316,1675360889
newOrder,701,0,33262,1675360889
cancel,701,,,1675361406
cancel,856,,,1675361406
cancel,901,,,1675361406
newOrder,860,0,8361,1675361450
newOrder,905,1,8361,1675361450
newOrder,701,0,33442,1675361450
cancel,701,,,1675362011
cancel,860,,,1675362011
cancel,905,,,1675362011
newOrder,877,0,8566,1675362045
newOrder,923,1,8566,1675362045
newOrder,701,0,34265,1675362045
cancel,701,,,1675362608
cancel,877,,,1675362608
cancel,923,,,1675362608
newOrder,878,0,8576,1675362668
newOrder,924,1,8576,1675362668
newOrder,701,0,34303,1675362668
cancel,701,,,1675363207
cancel,878,,,1675363207
cancel,924,,,1675363207
newOrder,881,0,8611,1675363225
newOrder,927,1,8611,1675363225
newOrder,701,0,34442,1675363225
cancel,701,,,1675363809
cancel,881,,,1675363809
cancel,927,,,1675363809
newOrder,876,0,8549,1675363830
newOrder,921,1,8549,1675363830
newOrder,701,0,34196,1675363830
cancel,701,,,1675364408
cancel,876,,,1675364408
cancel,921,,,1675364408
newOrder,875,0,8545,1675364459
newOrder,921,1,8545,1675364459
newOrder,701,0,34179,1675364459
cancel,701,,,1675365013
cancel,875,,,1675365013
cancel,921,,,1675365013
newOrder,869,0,8471,1675365065
newOrder,914,1,8471,1675365065
newOrder,701,0,33883,1675365065
cancel,701,,,1675365609
cancel,869,,,1675365609
cancel,914,,,1675365609
newOrder,863,0,8397,1675365644
newOrder,908,1,8397,1675365644
newOrder,701,0,33587,1675365644
cancel,701,,,1675366208
cancel,863,,,1675366208
cancel,908,,,1675366208
newOrder,863,0,8396,1675366248
newOrder,908,1,8396,1675366248
newOrder,701,0,33584,1675366248
cancel,701,,,1675366857
cancel,863,,,1675366857
cancel,908,,,1675366857
newOrder,857,0,8325,1675366910
newOrder,902,1,8325,1675366910
newOrder,701,0,33299,1675366910
cancel,701,,,1675367489
cancel,857,,,1675367489
cancel,902,,,1675367489
newOrder,861,0,8376,1675367515
newOrder,906,1,8376,1675367515
newOrder,701,0,33503,1675367515
cancel,701,,,1675368092
cancel,861,,,1675368092
cancel,906,,,1675368092
newOrder,862,0,8384,1675368240
newOrder,907,1,8384,1675368240
newOrder,701,0,33535,1675368240
cancel,701,,,1675368687
cancel,862,,,1675368687
cancel,907,,,1675368687
newOrder,858,0,8339,1675368748
newOrder,903,1,8339,1675368748
newOrder,701,0,33355,1675368748
cancel,701,,,1675369296
cancel,858,,,1675369296
cancel,903,,,1675369296
newOrder,859,0,8353,1675369369
newOrder,904,1,8353,1675369369
newOrder,701,0,33411,1675369369
cancel,701,,,1675369893
cancel,859,,,1675369893
cancel,904,,,1675369893
newOrder,859,0,8345,1675369931
newOrder,903,1,8345,1675369931
newOrder,706,0,33379,1675369931
cancel,706,,,1675370501
cancel,859,,,1675370501
cancel,903,,,1675370501
newOrder,855,0,8300,1675370524
newOrder,899,1,8300,1675370524
newOrder,701,0,33201,1675370524
cancel,701,,,1675371089
cancel,855,,,1675371089
cancel,899,,,1675371089
newOrder,857,0,8325,1675371126
newOrder,901,1,8325,1675371126
newOrder,701,0,33301,1675371126
cancel,701,,,1675371689
cancel,857,,,1675371689
cancel,901,,,1675371689
newOrder,861,0,8370,1675371775
newOrder,905,1,8370,1675371775
newOrder,701,0,33479,1675371775
cancel,701,,,1675372288
cancel,861,,,1675372288
cancel,905,,,1675372288
newOrder,856,0,8315,1675372352
newOrder,901,1,8315,1675372352
newOrder,706,0,33259,1675372352
cancel,706,,,1675372887
cancel,856,,,1675372887
cancel,901,,,1675372887
newOrder,857,0,8320,1675372959
newOrder,901,1,8320,1675372959
newOrder,706,0,33282,1675372959
cancel,706,,,1675373490
cancel,857,,,1675373490
cancel,901,,,1675373490
newOrder,849,0,8223,1675373554
newOrder,893,1,8223,1675373554
newOrder,706,0,32894,1675373554
cancel,706,,,1675374088
cancel,849,,,1675374088
cancel,893,,,1675374088
newOrder,850,0,8233,1675374138
newOrder,894,1,8233,1675374138
cancel,850,,,1675374690
cancel,894,,,1675374690
newOrder,846,0,8192,1675374763
newOrder,890,1,8192,1675374763
cancel,846,,,1675375257
cancel,890,,,1675375257
newOrder,822,0,7907,1675375317
newOrder,870,1,7907,1675375317
newOrder,1217,1,31627,1675375317
newOrder,823,0,7882,1675375320
newOrder,866,1,7882,1675375320
newOrder,1212,1,31528,1675375320
cancel,822,,,1675375889
cancel,870,,,1675375889
cancel,1217,,,1675375889
newOrder,822,0,7871,1675375968
newOrder,865,1,7871,1675375968
cancel,822,,,1675376489
cancel,865,,,1675376489
newOrder,829,0,7969,1675376539
newOrder,872,1,7969,1675376539
cancel,829,,,1675377088
cancel,872,,,1675377088
newOrder,830,0,7983,1675377152
newOrder,873,1,7983,1675377152
cancel,830,,,1675377690
cancel,873,,,1675377690
newOrder,974,0,9542,1675377732
newOrder,1024,1,9542,1675377732
newOrder,852,0,38169,1675377732
cancel,852,,,1675377749
cancel,1024,,,1675377749
newOrder,833,0,8050,1675377800
newOrder,881,1,8050,1675377800
cancel,833,,,1675378289
cancel,881,,,1675378289
newOrder,831,0,7997,1675378322
newOrder,875,1,7997,1675378322
cancel,831,,,1675378888
cancel,875,,,1675378888
newOrder,831,0,7991,1675378941
newOrder,874,1,7991,1675378941
cancel,831,,,1675379489
cancel,874,,,1675379489
newOrder,832,0,8000,1675379521
newOrder,875,1,8000,1675379521
cancel,832,,,1675380089
cancel,875,,,1675380089
newOrder,824,0,7902,1675382931
newOrder,867,1,7902,1675382931
cancel,824,,,1675383552
cancel,867,,,1675383552
newOrder,825,0,7917,1675383602
newOrder,868,1,7917,1675383602
cancel,825,,,1675384153
cancel,868,,,1675384153
newOrder,826,0,7922,1675384228
newOrder,869,1,7922,1675384228
cancel,826,,,1675384752
cancel,869,,,1675384752
newOrder,815,0,7777,1675384825
newOrder,858,1,7777,1675384825
cancel,815,,,1675385351
cancel,858,,,1675385351
newOrder,822,0,7872,1675385405
newOrder,865,1,7872,1675385405
cancel,822,,,1675385952
cancel,865,,,1675385952
newOrder,822,0,7877,1675386024
newOrder,865,1,7877,1675386024
cancel,822,,,1675386553
cancel,865,,,1675386553
newOrder,826,0,7925,1675386626
newOrder,869,1,7925,1675386626
cancel,826,,,1675387153
cancel,869,,,1675387153
newOrder,825,0,7912,1675387170
newOrder,868,1,7912,1675387170
cancel,825,,,1675389049
cancel,868,,,1675389049
cancel,825,,,1675389049
cancel,868,,,1675389049
newOrder,824,0,7904,1675389845
newOrder,867,1,7904,1675389845
cancel,824,,,1675390468
cancel,867,,,1675390468
newOrder,825,0,7906,1675390533
newOrder,867,1,7906,1675390533
cancel,825,,,1675391072
cancel,867,,,1675391072
newOrder,823,0,7886,1675391228
newOrder,866,1,7886,1675391228
cancel,823,,,1675391671
cancel,866,,,1675391671
newOrder,822,0,7872,1675391723
newOrder,865,1,7872,1675391723
newOrder,701,0,31490,1675391723
newOrder,1211,1,31490,1675391723
cancel,701,,,1675392275
cancel,822,,,1675392275
cancel,865,,,1675392275
cancel,1211,,,1675392275
newOrder,817,0,7796,1675392289
newOrder,859,1,7796,1675392289
cancel,817,,,1675392874
cancel,859,,,1675392874
newOrder,815,0,7779,1675392884
newOrder,858,1,7779,1675392884
cancel,815,,,1675393468
cancel,858,,,1675393468
newOrder,818,0,7819,1675393480
newOrder,861,1,7819,1675393480
cancel,818,,,1675394068
cancel,861,,,1675394068
newOrder,817,0,7804,1675394083
newOrder,860,1,7804,1675394083
cancel,817,,,1675394669
cancel,860,,,1675394669
newOrder,818,0,7811,1675394680
newOrder,860,1,7811,1675394680
cancel,818,,,1675395275
cancel,860,,,1675395275
newOrder,819,0,7822,1675395292
newOrder,861,1,7822,1675395292
cancel,819,,,1675395868
cancel,861,,,1675395868
newOrder,822,0,7872,1675395884
newOrder,865,1,7872,1675395884
cancel,822,,,1675396468
cancel,865,,,1675396468
newOrder,823,0,7884,1675396482
newOrder,866,1,7884,1675396482
cancel,823,,,1675397077
cancel,866,,,1675397077
newOrder,825,0,7906,1675397087
newOrder,867,1,7906,1675397087
cancel,825,,,1675397673
cancel,867,,,1675397673
newOrder,823,0,7890,1675397682
newOrder,866,1,7890,1675397682
cancel,823,,,1675398269
cancel,866,,,1675398269
newOrder,826,0,7923,1675398280
newOrder,869,1,7923,1675398280
cancel,826,,,1675398870
cancel,869,,,1675398870
newOrder,825,0,7914,1675398880
newOrder,868,1,7914,1675398880
cancel,825,,,1675399473
cancel,868,,,1675399473
newOrder,827,0,7934,1675399484
newOrder,870,1,7934,1675399484
cancel,827,,,1675400072
cancel,870,,,1675400072
newOrder,826,0,7918,1675400081
newOrder,868,1,7918,1675400081
cancel,826,,,1675400672
cancel,868,,,1675400672
newOrder,826,0,7927,1675400679
newOrder,869,1,7927,1675400679
cancel,826,,,1675401267
cancel,869,,,1675401267
newOrder,827,0,7942,1675401278
newOrder,870,1,7942,1675401278
cancel,827,,,1675401874
cancel,870,,,1675401874
newOrder,829,0,7959,1675401883
newOrder,872,1,7959,1675401883
cancel,829,,,1675402474
cancel,872,,,1675402474
newOrder,828,0,7948,1675402485
newOrder,871,1,7948,1675402485
cancel,828,,,1675403073
cancel,871,,,1675403073
newOrder,828,0,7957,1675403081
newOrder,871,1,7957,1675403081
cancel,828,,,1675403672
cancel,871,,,1675403672
newOrder,830,0,7975,1675403680
newOrder,873,1,7975,1675403680
cancel,830,,,1675404270
cancel,873,,,1675404270
newOrder,832,0,8009,1675404280
newOrder,875,1,8009,1675404280
cancel,832,,,1675404867
cancel,875,,,1675404867
newOrder,831,0,7997,1675404880
newOrder,874,1,7997,1675404880
cancel,831,,,1675405468
cancel,874,,,1675405468
newOrder,829,0,7968,1675405480
newOrder,872,1,7968,1675405480
cancel,829,,,1675406075
cancel,872,,,1675406075
newOrder,828,0,7955,1675406083
newOrder,871,1,7955,1675406083
cancel,828,,,1675406671
cancel,871,,,1675406671
newOrder,822,0,7871,1675406680
newOrder,865,1,7871,1675406680
cancel,822,,,1675407273
cancel,865,,,1675407273
newOrder,821,0,7849,1675407282
newOrder,863,1,7849,1675407282
cancel,821,,,1675407872
cancel,863,,,1675407872
newOrder,819,0,7833,1675407884
newOrder,862,1,7833,1675407884
cancel,819,,,1675408474
cancel,862,,,1675408474
newOrder,816,0,7791,1675408483
newOrder,859,1,7791,1675408483
cancel,816,,,1675409069
cancel,859,,,1675409069
newOrder,820,0,7842,1675409112
newOrder,863,1,7842,1675409112
newOrder,701,0,31370,1675409112
newOrder,1208,1,31370,1675409112
cancel,701,,,1675409673
cancel,820,,,1675409673
cancel,863,,,1675409673
cancel,1208,,,1675409673
newOrder,813,0,7741,1675409691
newOrder,855,1,7741,1675409691
cancel,813,,,1675410269
cancel,855,,,1675410269
newOrder,813,0,7748,1675410292
newOrder,856,1,7748,1675410292
newOrder,701,0,30992,1675410292
newOrder,1198,1,30992,1675410292
cancel,701,,,1675410871
cancel,813,,,1675410871
cancel,856,,,1675410871
cancel,1198,,,1675410871
newOrder,813,0,7747,1675410885
newOrder,856,1,7747,1675410885
cancel,813,,,1675411473
cancel,856,,,1675411473
newOrder,812,0,7734,1675411484
newOrder,855,1,7734,1675411484
cancel,812,,,1675412075
cancel,855,,,1675412075
newOrder,803,0,7592,1675412086
newOrder,844,1,7592,1675412086
cancel,803,,,1675412667
cancel,844,,,1675412667
newOrder,804,0,7617,1675412677
newOrder,846,1,7617,1675412677
cancel,804,,,1675413273
cancel,846,,,1675413273
newOrder,806,0,7646,1675413289
newOrder,848,1,7646,1675413289
cancel,806,,,1675413871
cancel,848,,,1675413871
newOrder,804,0,7616,1675413880
newOrder,846,1,7616,1675413880
cancel,804,,,1675414471
cancel,846,,,1675414471
newOrder,803,0,7603,1675414479
newOrder,845,1,7603,1675414479
cancel,803,,,1675415073
cancel,845,,,1675415073
newOrder,805,0,7624,1675415081
newOrder,847,1,7624,1675415081
cancel,805,,,1675415668
cancel,847,,,1675415668
newOrder,805,0,7631,1675415686
newOrder,847,1,7631,1675415686
cancel,805,,,1675416268
cancel,847,,,1675416268
newOrder,806,0,7643,1675416276
newOrder,848,1,7643,1675416276
cancel,806,,,1675416874
cancel,848,,,1675416874
newOrder,807,0,7651,1675416889
newOrder,849,1,7651,1675416889
cancel,807,,,1675417475
cancel,849,,,1675417475
newOrder,811,0,7706,1675417485
newOrder,853,1,7706,1675417485
cancel,811,,,1675418072
cancel,853,,,1675418072
newOrder,809,0,7688,1675418081
newOrder,851,1,7688,1675418081
cancel,809,,,1675418669
cancel,851,,,1675418669
newOrder,810,0,7693,1675418762
newOrder,852,1,7693,1675418762
newOrder,701,0,30772,1675418762
newOrder,1192,1,30772,1675418762
cancel,701,,,1675419273
cancel,810,,,1675419273
cancel,852,,,1675419273
cancel,1192,,,1675419273
newOrder,811,0,7713,1675419294
newOrder,853,1,7713,1675419294
cancel,811,,,1675419870
cancel,853,,,1675419870
newOrder,804,0,7606,1675419880
newOrder,846,1,7606,1675419880
cancel,804,,,1675420469
cancel,846,,,1675420469
newOrder,806,0,7636,1675420513
newOrder,848,1,7636,1675420513
newOrder,701,0,30544,1675420513
newOrder,1187,1,30544,1675420513
cancel,701,,,1675421069
cancel,806,,,1675421069
cancel,848,,,1675421069
cancel,1187,,,1675421069
newOrder,810,0,7692,1675421094
newOrder,852,1,7692,1675421094
cancel,810,,,1675421669
cancel,852,,,1675421669
newOrder,813,0,7739,1675421682
newOrder,855,1,7739,1675421682
newOrder,701,0,30957,1675421682
newOrder,1197,1,30957,1675421682
cancel,701,,,1675422269
cancel,813,,,1675422269
cancel,855,,,1675422269
cancel,1197,,,1675422269
newOrder,813,0,7738,1675422283
newOrder,855,1,7738,1675422283
cancel,813,,,1675422872
cancel,855,,,1675422872
newOrder,810,0,7699,1675422884
newOrder,852,1,7699,1675422884
cancel,810,,,1675423470
cancel,852,,,1675423470
newOrder,812,0,7730,1675423482
newOrder,855,1,7730,1675423482
cancel,812,,,1675424072
cancel,855,,,1675424072
newOrder,815,0,7765,1675424088
newOrder,857,1,7765,1675424088
cancel,815,,,1675424674
cancel,857,,,1675424674
newOrder,816,0,7779,1675424681
newOrder,858,1,7779,1675424681
cancel,816,,,1675425275
cancel,858,,,1675425275
newOrder,819,0,7820,1675425284
newOrder,861,1,7820,1675425284
cancel,819,,,1675425872
cancel,861,,,1675425872
newOrder,819,0,7823,1675425883
newOrder,861,1,7823,1675425883