instruction,price,side,qty,time
cancel,297,,,1686571676
cancel,303,,,1686571676
newOrder,297,0,1017,1686571702
newOrder,302,1,1017,1686571702
cancel,297,,,1686572276
cancel,302,,,1686572276
newOrder,297,0,1016,1686572302
newOrder,302,1,1016,1686572302
cancel,297,,,1686572876
cancel,302,,,1686572876
newOrder,298,0,1029,1686572902
newOrder,303,1,1029,1686572902
newOrder,305,1,1105,1686572902
cancel,298,,,1686573476
cancel,303,,,1686573476
cancel,305,,,1686573476
newOrder,298,0,1033,1686573504
newOrder,303,1,1033,1686573504
cancel,298,,,1686574077
cancel,303,,,1686574077
newOrder,298,0,1034,1686574103
newOrder,303,1,1034,1686574103
cancel,298,,,1686574676
cancel,303,,,1686574676
newOrder,298,0,1039,1686574703
newOrder,304,1,1039,1686574703
cancel,298,,,1686575276
cancel,304,,,1686575276
newOrder,297,0,1015,1686575302
newOrder,302,1,1015,1686575302
cancel,302,,,1686575546
newOrder,294,0,968,1686575558
newOrder,300,1,968,1686575558
newOrder,282,0,2780,1686575558
newOrder,307,1,2780,1686575558
cancel,282,,,1686575876
cancel,294,,,1686575876
cancel,300,,,1686575876
cancel,307,,,1686575876
newOrder,294,0,967,1686575905
newOrder,300,1,967,1686575905
cancel,294,,,1686576477
cancel,300,,,1686576477
newOrder,294,0,965,1686576506
newOrder,300,1,965,1686576506
newOrder,299,1,168,1686576506
cancel,294,,,1686577076
cancel,299,,,1686577076
cancel,300,,,1686577076
newOrder,293,0,951,1686577103
newOrder,299,1,951,1686577103
newOrder,298,1,97,1686577103
cancel,293,,,1686577676
cancel,298,,,1686577676
cancel,299,,,1686577676
newOrder,293,0,949,1686577704
newOrder,299,1,949,1686577704
newOrder,251,0,4755,1686577704
newOrder,408,1,4755,1686577704
cancel,251,,,1686578276
cancel,293,,,1686578276
cancel,299,,,1686578276
cancel,408,,,1686578276
newOrder,294,0,966,1686578302
newOrder,300,1,966,1686578302
cancel,294,,,1686578876
cancel,300,,,1686578876
newOrder,295,0,969,1686578902
newOrder,300,1,969,1686578902
newOrder,295,0,202,1686578902
cancel,295,,,1686579476
cancel,295,,,1686579476
cancel,300,,,1686579476
newOrder,296,0,993,1686579502
newOrder,301,1,993,1686579502
cancel,296,,,1686580077
cancel,301,,,1686580077
newOrder,296,0,999,1686580103
newOrder,302,1,999,1686580103
cancel,296,,,1686580677
cancel,302,,,1686580677
newOrder,296,0,994,1686580704
newOrder,301,1,994,1686580704
cancel,296,,,1686581276
cancel,301,,,1686581276
newOrder,296,0,994,1686581303
newOrder,301,1,994,1686581303
cancel,296,,,1686581877
cancel,301,,,1686581877
newOrder,294,0,958,1686581906
newOrder,299,1,958,1686581906
newOrder,291,0,1461,1686581906
cancel,291,,,1686582476
cancel,294,,,1686582476
cancel,299,,,1686582476
newOrder,292,0,929,1686582506
newOrder,298,1,929,1686582506
newOrder,251,0,3772,1686582506
newOrder,408,1,3772,1686582506
cancel,251,,,1686583077
cancel,292,,,1686583077
cancel,298,,,1686583077
cancel,408,,,1686583077
newOrder,293,0,934,1686583104
newOrder,298,1,934,1686583104
newOrder,251,0,2832,1686583104
newOrder,408,1,2832,1686583104
cancel,251,,,1686583676
cancel,293,,,1686583676
cancel,298,,,1686583676
cancel,408,,,1686583676
newOrder,295,0,965,1686583701
newOrder,300,1,965,1686583701
cancel,295,,,1686584277
cancel,300,,,1686584277
newOrder,295,0,977,1686584303
newOrder,301,1,977,1686584303
cancel,295,,,1686584875
cancel,301,,,1686584875
newOrder,296,0,991,1686584902
newOrder,301,1,991,1686584902
cancel,296,,,1686585476
cancel,301,,,1686585476
newOrder,295,0,965,1686585504
newOrder,300,1,965,1686585504
newOrder,251,0,897,1686585504
newOrder,408,1,897,1686585504
cancel,251,,,1686586077
cancel,295,,,1686586077
cancel,300,,,1686586077
cancel,408,,,1686586077
newOrder,293,0,943,1686586105
newOrder,299,1,943,1686586105
newOrder,251,0,3727,1686586105
newOrder,408,1,3727,1686586105
cancel,251,,,1686586677
cancel,293,,,1686586677
cancel,299,,,1686586677
cancel,408,,,1686586677
newOrder,293,0,942,1686586703
newOrder,299,1,942,1686586703
cancel,293,,,1686587276
cancel,299,,,1686587276
newOrder,294,0,957,1686587306
newOrder,300,1,957,1686587306
newOrder,251,0,5034,1686587306
newOrder,408,1,5034,1686587306
cancel,251,,,1686587876
cancel,294,,,1686587876
cancel,300,,,1686587876
cancel,408,,,1686587876
newOrder,294,0,958,1686587902
newOrder,300,1,958,1686587902
cancel,294,,,1686588167
newOrder,297,0,1009,1686588174
newOrder,303,1,1009,1686588174
newOrder,298,0,120,1686588174
cancel,297,,,1686588477
cancel,298,,,1686588477
cancel,303,,,1686588477
newOrder,294,0,945,1686588504
newOrder,299,1,945,1686588504
newOrder,298,1,20,1686588504
cancel,294,,,1686589077
cancel,298,,,1686589077
cancel,299,,,1686589077
newOrder,293,0,932,1686589105
newOrder,298,1,932,1686589105
newOrder,251,0,4313,1686589105
newOrder,408,1,4313,1686589105
cancel,251,,,1686589676
cancel,293,,,1686589676
cancel,298,,,1686589676
cancel,408,,,1686589676
newOrder,292,0,921,1686589705
newOrder,298,1,921,1686589705
newOrder,292,0,434,1686589705
newOrder,298,1,520,1686589705
cancel,292,,,1686590277
cancel,292,,,1686590277
cancel,298,,,1686590277
cancel,298,,,1686590277
newOrder,292,0,912,1686590302
newOrder,297,1,912,1686590302
cancel,292,,,1686590876
cancel,297,,,1686590876
newOrder,291,0,899,1686590903
newOrder,296,1,899,1686590903
cancel,296,,,1686591386
newOrder,288,0,856,1686591398
newOrder,294,1,856,1686591398
newOrder,251,0,3958,1686591398
newOrder,408,1,3958,1686591398
cancel,251,,,1686591477
cancel,288,,,1686591477
cancel,294,,,1686591477
cancel,408,,,1686591477
newOrder,287,0,833,1686591512
newOrder,292,1,833,1686591512
newOrder,288,0,13,1686591512
newOrder,292,1,253,1686591512
cancel,287,,,1686591948
cancel,288,,,1686591948
cancel,292,,,1686591948
cancel,292,,,1686591948
newOrder,289,0,871,1686591960
newOrder,295,1,871,1686591960
newOrder,285,0,1801,1686591960
newOrder,299,1,1801,1686591960
cancel,285,,,1686592078
cancel,289,,,1686592078
cancel,295,,,1686592078
cancel,299,,,1686592078
newOrder,292,0,923,1686592106
newOrder,298,1,923,1686592106
newOrder,291,0,872,1686592106
cancel,291,,,1686592442
cancel,298,,,1686592442
newOrder,289,0,871,1686592449
newOrder,295,1,871,1686592449
newOrder,289,0,465,1686592449
cancel,289,,,1686592676
cancel,289,,,1686592676
cancel,295,,,1686592676
newOrder,289,0,866,1686592706
newOrder,294,1,866,1686592706
newOrder,289,0,363,1686592706
newOrder,294,1,231,1686592706
cancel,289,,,1686593279
cancel,289,,,1686593279
cancel,294,,,1686593279
cancel,294,,,1686593279
newOrder,287,0,839,1686593306
newOrder,293,1,839,1686593306
newOrder,287,0,480,1686593306
cancel,287,,,1686593877
cancel,287,,,1686593877
cancel,293,,,1686593877
newOrder,287,0,828,1686593901
newOrder,292,1,828,1686593901
cancel,287,,,1686594476
cancel,292,,,1686594476
newOrder,287,0,826,1686594502
newOrder,292,1,826,1686594502
cancel,287,,,1686595076
cancel,292,,,1686595076
newOrder,287,0,829,1686595102
newOrder,292,1,829,1686595102
cancel,287,,,1686595676
cancel,292,,,1686595676
newOrder,288,0,839,1686595703
newOrder,293,1,839,1686595703
cancel,288,,,1686596277
cancel,293,,,1686596277
newOrder,288,0,839,1686596303
newOrder,293,1,839,1686596303
newOrder,288,0,209,1686596303
cancel,288,,,1686596876
cancel,288,,,1686596876
cancel,293,,,1686596876
newOrder,287,0,834,1686596903
newOrder,293,1,834,1686596903
cancel,287,,,1686597476
cancel,293,,,1686597476
newOrder,287,0,831,1686597504
newOrder,292,1,831,1686597504
newOrder,288,0,68,1686597504
cancel,287,,,1686598076
cancel,288,,,1686598076
cancel,292,,,1686598076
newOrder,284,0,783,1686598105
newOrder,289,1,783,1686598105
newOrder,285,0,73,1686598105
newOrder,292,1,1112,1686598105
cancel,284,,,1686598676
cancel,285,,,1686598676
cancel,289,,,1686598676
cancel,292,,,1686598676
newOrder,285,0,796,1686598703
newOrder,290,1,796,1686598703
cancel,285,,,1686599276
cancel,290,,,1686599276
newOrder,286,0,808,1686599303
newOrder,291,1,808,1686599303
cancel,286,,,1686599876
cancel,291,,,1686599876
newOrder,286,0,804,1686599904
newOrder,291,1,804,1686599904
cancel,286,,,1686600476
cancel,291,,,1686600476
newOrder,285,0,792,1686600503
newOrder,290,1,792,1686600503
cancel,285,,,1686601076
cancel,290,,,1686601076
newOrder,286,0,801,1686601105
newOrder,291,1,801,1686601105
newOrder,285,0,469,1686601105
newOrder,290,1,108,1686601105
cancel,285,,,1686601676
cancel,286,,,1686601676
cancel,290,,,1686601676
cancel,291,,,1686601676
newOrder,286,0,804,1686601702
newOrder,291,1,804,1686601702
cancel,291,,,1686601840
newOrder,283,0,768,1686601849
newOrder,289,1,768,1686601849
newOrder,284,0,134,1686601849
newOrder,289,1,434,1686601849
cancel,283,,,1686602276
cancel,289,,,1686602276
cancel,289,,,1686602276
newOrder,282,0,753,1686602312
newOrder,288,1,753,1686602312
newOrder,281,0,737,1686602312
newOrder,289,1,713,1686602312
cancel,281,,,1686602880
cancel,282,,,1686602880
cancel,288,,,1686602880
cancel,289,,,1686602880
newOrder,283,0,757,1686602906
newOrder,288,1,757,1686602906
cancel,283,,,1686603476
cancel,288,,,1686603476
newOrder,283,0,765,1686603503
newOrder,288,1,765,1686603503
newOrder,289,1,465,1686603503
cancel,283,,,1686603865
cancel,289,,,1686603865
newOrder,285,0,797,1686603877
newOrder,291,1,797,1686603877
newOrder,284,0,752,1686603877
newOrder,294,1,1371,1686603877
cancel,284,,,1686604076
cancel,285,,,1686604076
cancel,291,,,1686604076
cancel,294,,,1686604076
newOrder,287,0,822,1686604104
newOrder,292,1,822,1686604104
newOrder,273,0,1777,1686604104
newOrder,309,1,1777,1686604104
cancel,273,,,1686604676
cancel,287,,,1686604676
cancel,292,,,1686604676
cancel,309,,,1686604676
newOrder,288,0,841,1686604701
newOrder,293,1,841,1686604701
cancel,288,,,1686605276
cancel,293,,,1686605276
newOrder,289,0,860,1686605302
newOrder,295,1,860,1686605302
cancel,289,,,1686605876
cancel,295,,,1686605876
newOrder,289,0,859,1686605902
newOrder,295,1,859,1686605902
cancel,295,,,1686606402
newOrder,286,0,810,1686606411
newOrder,292,1,810,1686606411
newOrder,284,0,1073,1686606411
newOrder,295,1,1387,1686606411
cancel,284,,,1686606477
cancel,286,,,1686606477
cancel,292,,,1686606477
cancel,295,,,1686606477
newOrder,287,0,813,1686606503
newOrder,292,1,813,1686606503
newOrder,285,0,811,1686606503
cancel,285,,,1686607076
cancel,287,,,1686607076
cancel,292,,,1686607076
newOrder,288,0,842,1686607105
newOrder,294,1,842,1686607105
cancel,288,,,1686607675
cancel,294,,,1686607675
newOrder,288,0,842,1686607704
newOrder,294,1,842,1686607704
newOrder,285,0,530,1686607704
newOrder,301,1,530,1686607704
cancel,285,,,1686608276
cancel,288,,,1686608276
cancel,294,,,1686608276
cancel,301,,,1686608276
newOrder,290,0,865,1686608301
newOrder,295,1,865,1686608301
cancel,290,,,1686608877
cancel,295,,,1686608877
newOrder,288,0,835,1686608903
newOrder,293,1,835,1686608903
newOrder,276,0,1210,1686608903
newOrder,308,1,1210,1686608903
cancel,276,,,1686609476
cancel,288,,,1686609476
cancel,293,,,1686609476
cancel,308,,,1686609476
newOrder,288,0,839,1686609503
newOrder,294,1,839,1686609503
cancel,288,,,1686610075
cancel,294,,,1686610075
newOrder,288,0,833,1686610106
newOrder,293,1,833,1686610106
cancel,288,,,1686610676
cancel,293,,,1686610676
newOrder,289,0,845,1686610703
newOrder,294,1,845,1686610703
newOrder,293,1,3,1686610703
cancel,289,,,1686611276
cancel,293,,,1686611276
cancel,294,,,1686611276
newOrder,289,0,846,1686611305
newOrder,294,1,846,1686611305
newOrder,281,0,1217,1686611305
newOrder,300,1,1217,1686611305
cancel,281,,,1686611876
cancel,289,,,1686611876
cancel,294,,,1686611876
cancel,300,,,1686611876
newOrder,289,0,843,1686611904
newOrder,294,1,843,1686611904
cancel,289,,,1686612476
cancel,294,,,1686612476
newOrder,289,0,852,1686612504
newOrder,295,1,852,1686612504
newOrder,290,0,96,1686612504
cancel,289,,,1686613077
cancel,290,,,1686613077
cancel,295,,,1686613077
newOrder,288,0,838,1686613103
newOrder,294,1,838,1686613103
cancel,288,,,1686613676
cancel,294,,,1686613676
newOrder,288,0,831,1686613702
newOrder,293,1,831,1686613702
newOrder,289,0,30,1686613702
cancel,288,,,1686614276
cancel,289,,,1686614276
cancel,293,,,1686614276
newOrder,287,0,821,1686614302
newOrder,293,1,821,1686614302
cancel,287,,,1686614877
cancel,293,,,1686614877
newOrder,288,0,826,1686614908
newOrder,293,1,826,1686614908
newOrder,285,0,1236,1686614908
newOrder,300,1,2526,1686614908
cancel,285,,,1686615476
cancel,288,,,1686615476
cancel,293,,,1686615476
cancel,300,,,1686615476
newOrder,290,0,864,1686615506
newOrder,295,1,864,1686615506
newOrder,295,1,177,1686615506
cancel,290,,,1686616076
cancel,295,,,1686616076
cancel,295,,,1686616076
newOrder,290,0,867,1686616102
newOrder,296,1,867,1686616102
cancel,290,,,1686616676
cancel,296,,,1686616676
newOrder,290,0,865,1686616701
newOrder,296,1,865,1686616701
cancel,290,,,1686617276
cancel,296,,,1686617276
newOrder,290,0,852,1686617303
newOrder,295,1,852,1686617303
newOrder,289,0,509,1686617303
newOrder,294,1,72,1686617303
cancel,294,,,1686617547
cancel,295,,,1686617547
newOrder,287,0,816,1686617558
newOrder,293,1,816,1686617558
newOrder,275,0,1092,1686617558
newOrder,300,1,1092,1686617558
cancel,275,,,1686617876
cancel,287,,,1686617876
cancel,293,,,1686617876
cancel,300,,,1686617876
newOrder,287,0,805,1686617900
newOrder,292,1,805,1686617900
cancel,287,,,1686618476
cancel,292,,,1686618476
newOrder,287,0,808,1686618501
newOrder,292,1,808,1686618501
cancel,287,,,1686619076
cancel,292,,,1686619076
newOrder,287,0,805,1686619102
newOrder,292,1,805,1686619102
cancel,287,,,1686619676
cancel,292,,,1686619676
newOrder,288,0,830,1686619706
newOrder,294,1,830,1686619706
newOrder,289,0,120,1686619706
cancel,288,,,1686620276
cancel,289,,,1686620276
cancel,294,,,1686620276
newOrder,289,0,832,1686620303
newOrder,294,1,832,1686620303
cancel,289,,,1686620876
cancel,294,,,1686620876
newOrder,289,0,831,1686620902
newOrder,294,1,831,1686620902
cancel,289,,,1686621477
cancel,294,,,1686621477
newOrder,289,0,831,1686621502
newOrder,294,1,831,1686621502
cancel,289,,,1686622076
cancel,294,,,1686622076
newOrder,288,0,823,1686622104
newOrder,293,1,823,1686622104
newOrder,289,0,29,1686622104
cancel,293,,,1686622274
newOrder,285,0,781,1686622283
newOrder,291,1,781,1686622283
newOrder,275,0,762,1686622283
newOrder,297,1,762,1686622283
cancel,275,,,1686622676
cancel,285,,,1686622676
cancel,291,,,1686622676
cancel,297,,,1686622676
newOrder,287,0,811,1686622701
newOrder,293,1,811,1686622701
cancel,287,,,1686623276
cancel,293,,,1686623276
newOrder,288,0,814,1686623304
newOrder,293,1,814,1686623304
newOrder,288,0,176,1686623304
newOrder,293,1,395,1686623304
cancel,288,,,1686623877
cancel,288,,,1686623877
cancel,293,,,1686623877
cancel,293,,,1686623877
newOrder,290,0,859,1686623903
newOrder,296,1,859,1686623903
newOrder,291,0,126,1686623903
cancel,290,,,1686624476
cancel,291,,,1686624476
cancel,296,,,1686624476
newOrder,289,0,844,1686624501
newOrder,295,1,844,1686624501
cancel,289,,,1686625076
cancel,295,,,1686625076
newOrder,290,0,860,1686625104
newOrder,296,1,860,1686625104
newOrder,290,0,488,1686625104
newOrder,295,1,92,1686625104
cancel,290,,,1686625676
cancel,290,,,1686625676
cancel,295,,,1686625676
cancel,296,,,1686625676
newOrder,291,0,861,1686625702
newOrder,296,1,861,1686625702
cancel,291,,,1686626277
cancel,296,,,1686626277
newOrder,289,0,832,1686638302
newOrder,295,1,832,1686638302
cancel,289,,,1686638876
cancel,295,,,1686638876
newOrder,289,0,817,1686638902
newOrder,294,1,817,1686638902
newOrder,280,0,726,1686638902
newOrder,300,1,726,1686638902
cancel,280,,,1686639476
cancel,289,,,1686639476
cancel,294,,,1686639476
cancel,300,,,1686639476
newOrder,288,0,807,1686639501
newOrder,293,1,807,1686639501
newOrder,289,0,24,1686639501
cancel,288,,,1686640076
cancel,289,,,1686640076
cancel,293,,,1686640076
newOrder,288,0,809,1686640103
newOrder,293,1,809,1686640103
newOrder,289,0,66,1686640103
cancel,288,,,1686640677
cancel,289,,,1686640677
cancel,293,,,1686640677
newOrder,288,0,802,1686640702
newOrder,293,1,802,1686640702
cancel,288,,,1686641278
cancel,293,,,1686641278
newOrder,288,0,810,1686641307
newOrder,294,1,810,1686641307
newOrder,286,0,1051,1686641307
cancel,286,,,1686641877
cancel,288,,,1686641877
cancel,294,,,1686641877
newOrder,289,0,817,1686641904
newOrder,294,1,817,1686641904
cancel,289,,,1686642476
cancel,294,,,1686642476
newOrder,289,0,818,1686642500
newOrder,294,1,818,1686642500
cancel,289,,,1686643076
cancel,294,,,1686643076
newOrder,289,0,813,1686643102
newOrder,294,1,813,1686643102
newOrder,293,1,57,1686643102
cancel,289,,,1686643676
cancel,293,,,1686643676
cancel,294,,,1686643676
newOrder,288,0,808,1686643704
newOrder,294,1,808,1686643704
newOrder,289,0,119,1686643704
newOrder,293,1,131,1686643704
cancel,288,,,1686644278
cancel,289,,,1686644278
cancel,293,,,1686644278
cancel,294,,,1686644278
newOrder,288,0,800,1686644305
newOrder,293,1,800,1686644305
cancel,288,,,1686644876
cancel,293,,,1686644876
newOrder,289,0,813,1686644902
newOrder,294,1,813,1686644902
cancel,289,,,1686645475
cancel,294,,,1686645475
newOrder,289,0,818,1686645502
newOrder,294,1,818,1686645502
newOrder,286,0,1284,1686645502
newOrder,297,1,1162,1686645502
cancel,286,,,1686646077
cancel,289,,,1686646077
cancel,294,,,1686646077
cancel,297,,,1686646077
newOrder,290,0,839,1686646101
newOrder,296,1,839,1686646101
cancel,290,,,1686646676
cancel,296,,,1686646676
newOrder,289,0,823,1686646711
newOrder,295,1,823,1686646711
newOrder,294,1,110,1686646711
cancel,289,,,1686647276
cancel,294,,,1686647276
cancel,295,,,1686647276
newOrder,290,0,825,1686647301
newOrder,295,1,825,1686647301
cancel,290,,,1686647876
cancel,295,,,1686647876
newOrder,289,0,813,1686647903
newOrder,294,1,813,1686647903
cancel,289,,,1686648475
cancel,294,,,1686648475
newOrder,289,0,814,1686648519
newOrder,294,1,814,1686648519
newOrder,251,0,3290,1686648519
newOrder,408,1,3290,1686648519
cancel,251,,,1686649076
cancel,289,,,1686649076
cancel,294,,,1686649076
cancel,408,,,1686649076
newOrder,288,0,804,1686649103
newOrder,294,1,804,1686649103
newOrder,295,1,742,1686649103
cancel,288,,,1686649676
cancel,294,,,1686649676
cancel,295,,,1686649676
newOrder,289,0,813,1686649706
newOrder,294,1,813,1686649706
newOrder,294,1,237,1686649706
cancel,289,,,1686650276
cancel,294,,,1686650276
cancel,294,,,1686650276
newOrder,290,0,825,1686650303
newOrder,295,1,825,1686650303
cancel,290,,,1686650876
cancel,295,,,1686650876
newOrder,289,0,814,1686650900
newOrder,294,1,814,1686650900
cancel,289,,,1686651476
cancel,294,,,1686651476
newOrder,289,0,814,1686651502
newOrder,294,1,814,1686651502
cancel,289,,,1686652076
cancel,294,,,1686652076
newOrder,290,0,824,1686652100
newOrder,295,1,824,1686652100
cancel,290,,,1686652676
cancel,295,,,1686652676
newOrder,290,0,824,1686652701
newOrder,295,1,824,1686652701
cancel,290,,,1686653277
cancel,295,,,1686653277
newOrder,291,0,836,1686653302
newOrder,296,1,836,1686653302
cancel,291,,,1686653876
cancel,296,,,1686653876
newOrder,290,0,830,1686653901
newOrder,296,1,830,1686653901
cancel,290,,,1686654476
cancel,296,,,1686654476
newOrder,291,0,847,1686654505
newOrder,297,1,847,1686654505
newOrder,288,0,1400,1686654505
newOrder,297,1,454,1686654505
cancel,288,,,1686655076
cancel,291,,,1686655076
cancel,297,,,1686655076
cancel,297,,,1686655076
newOrder,290,0,828,1686655103
newOrder,295,1,828,1686655103
cancel,290,,,1686655677
cancel,295,,,1686655677
newOrder,290,0,823,1686655707
newOrder,295,1,823,1686655707
newOrder,288,0,933,1686655707
newOrder,296,1,570,1686655707
cancel,288,,,1686656276
cancel,290,,,1686656276
cancel,295,,,1686656276
cancel,296,,,1686656276
newOrder,290,0,820,1686656301
newOrder,295,1,820,1686656301
cancel,290,,,1686656876
cancel,295,,,1686656876
newOrder,289,0,809,1686656903
newOrder,294,1,809,1686656903
newOrder,289,0,360,1686656903
cancel,289,,,1686657476
cancel,289,,,1686657476
cancel,294,,,1686657476
newOrder,291,0,835,1686657503
newOrder,296,1,835,1686657503
newOrder,299,1,1268,1686657503
newOrder,291,0,872,1686626303
newOrder,297,1,872,1686626303
newOrder,292,0,100,1686626303
cancel,291,,,1686626876
cancel,292,,,1686626876
cancel,297,,,1686626876
newOrder,290,0,852,1686626902
newOrder,295,1,852,1686626902
cancel,290,,,1686627476
cancel,295,,,1686627476
newOrder,290,0,851,1686627506
newOrder,295,1,851,1686627506
cancel,290,,,1686628076
cancel,295,,,1686628076
newOrder,290,0,842,1686628107
newOrder,295,1,842,1686628107
newOrder,290,0,174,1686628107
cancel,290,,,1686628678
cancel,290,,,1686628678
cancel,295,,,1686628678
newOrder,289,0,837,1686628705
newOrder,295,1,837,1686628705
cancel,289,,,1686629276
cancel,295,,,1686629276
newOrder,288,0,811,1686629302
newOrder,293,1,811,1686629302
cancel,293,,,1686629680
newOrder,285,0,774,1686629689
newOrder,291,1,774,1686629689
newOrder,278,0,1143,1686629689
newOrder,298,1,1143,1686629689
cancel,278,,,1686629876
cancel,285,,,1686629876
cancel,291,,,1686629876
cancel,298,,,1686629876
newOrder,286,0,778,1686629904
newOrder,291,1,778,1686629904
newOrder,293,1,946,1686629904
cancel,286,,,1686630476
cancel,291,,,1686630476
cancel,293,,,1686630476
newOrder,285,0,773,1686630505
newOrder,291,1,773,1686630505
newOrder,291,1,424,1686630505
cancel,285,,,1686631076
cancel,291,,,1686631076
cancel,291,,,1686631076
newOrder,287,0,792,1686631104
newOrder,292,1,792,1686631104
newOrder,291,1,63,1686631104
cancel,287,,,1686631676
cancel,291,,,1686631676
cancel,292,,,1686631676
newOrder,287,0,799,1686631702
newOrder,292,1,799,1686631702
cancel,287,,,1686632276
cancel,292,,,1686632276
newOrder,288,0,806,1686632301
newOrder,293,1,806,1686632301
cancel,288,,,1686632876
cancel,293,,,1686632876
newOrder,288,0,807,1686632902
newOrder,293,1,807,1686632902
cancel,288,,,1686633476
cancel,293,,,1686633476
newOrder,288,0,818,1686633502
newOrder,294,1,818,1686633502
cancel,288,,,1686634077
cancel,294,,,1686634077
newOrder,288,0,814,1686634104
newOrder,293,1,814,1686634104
cancel,288,,,1686634676
cancel,293,,,1686634676
newOrder,289,0,821,1686634703
newOrder,294,1,821,1686634703
cancel,289,,,1686635277
cancel,294,,,1686635277
newOrder,289,0,819,1686635303
newOrder,294,1,819,1686635303
cancel,289,,,1686635876
cancel,294,,,1686635876
newOrder,289,0,827,1686635902
newOrder,294,1,827,1686635902
cancel,289,,,1686636476
cancel,294,,,1686636476
newOrder,289,0,832,1686636503
newOrder,295,1,832,1686636503
cancel,289,,,1686637078
cancel,295,,,1686637078
newOrder,289,0,830,1686637104
newOrder,295,1,830,1686637104
cancel,289,,,1686637676
cancel,295,,,1686637676
newOrder,290,0,835,1686637704
newOrder,295,1,835,1686637704
cancel,290,,,1686638276
cancel,295,,,1686638276