instruction,price,side,qty,time
cancel,384,,,1686312477
cancel,390,,,1686312477
newOrder,384,0,2487,1686312504
newOrder,391,1,2487,1686312504
cancel,384,,,1686313076
cancel,391,,,1686313076
newOrder,382,0,2472,1686313102
newOrder,389,1,2472,1686313102
cancel,382,,,1686313677
cancel,389,,,1686313677
newOrder,383,0,2484,1686313706
newOrder,390,1,2484,1686313706
newOrder,390,1,456,1686313706
cancel,383,,,1686314276
cancel,390,,,1686314276
cancel,390,,,1686314276
newOrder,384,0,2485,1686314301
newOrder,390,1,2485,1686314301
cancel,384,,,1686314877
cancel,390,,,1686314877
newOrder,384,0,2491,1686314903
newOrder,391,1,2491,1686314903
cancel,384,,,1686315476
cancel,391,,,1686315476
newOrder,384,0,2495,1686315501
newOrder,391,1,2495,1686315501
cancel,384,,,1686316076
cancel,391,,,1686316076
newOrder,384,0,2495,1686316105
newOrder,391,1,2495,1686316105
cancel,384,,,1686316676
cancel,391,,,1686316676
newOrder,385,0,2502,1686316704
newOrder,392,1,2502,1686316704
cancel,385,,,1686317277
cancel,392,,,1686317277
newOrder,385,0,2501,1686317305
newOrder,392,1,2501,1686317305
cancel,385,,,1686317876
cancel,392,,,1686317876
newOrder,385,0,2499,1686317902
newOrder,392,1,2499,1686317902
cancel,385,,,1686318476
cancel,392,,,1686318476
newOrder,384,0,2494,1686318503
newOrder,391,1,2494,1686318503
cancel,384,,,1686319077
cancel,391,,,1686319077
newOrder,384,0,2490,1686319103
newOrder,391,1,2490,1686319103
cancel,384,,,1686319678
cancel,391,,,1686319678
newOrder,383,0,2482,1686319705
newOrder,390,1,2482,1686319705
cancel,383,,,1686320276
cancel,390,,,1686320276
newOrder,385,0,2500,1686320304
newOrder,392,1,2500,1686320304
cancel,385,,,1686320878
cancel,392,,,1686320878
newOrder,385,0,2501,1686320904
newOrder,392,1,2501,1686320904
cancel,385,,,1686321476
cancel,392,,,1686321476
newOrder,384,0,2488,1686321504
newOrder,391,1,2488,1686321504
cancel,384,,,1686322077
cancel,391,,,1686322077
newOrder,382,0,2473,1686322104
newOrder,389,1,2473,1686322104
cancel,382,,,1686322676
cancel,389,,,1686322676
newOrder,382,0,2475,1686322704
newOrder,389,1,2475,1686322704
cancel,382,,,1686323277
cancel,389,,,1686323277
newOrder,383,0,2480,1686323302
newOrder,390,1,2480,1686323302
cancel,383,,,1686323876
cancel,390,,,1686323876
newOrder,383,0,2484,1686323902
newOrder,390,1,2484,1686323902
cancel,383,,,1686324476
cancel,390,,,1686324476
newOrder,384,0,2489,1686324504
newOrder,390,1,2489,1686324504
cancel,384,,,1686325076
cancel,390,,,1686325076
newOrder,383,0,2484,1686325102
newOrder,390,1,2484,1686325102
newOrder,389,1,27,1686325102
cancel,383,,,1686325676
cancel,389,,,1686325676
cancel,390,,,1686325676
newOrder,383,0,2484,1686325704
newOrder,390,1,2484,1686325704
cancel,383,,,1686326276
cancel,390,,,1686326276
newOrder,383,0,2489,1686326900
newOrder,390,1,2489,1686326900
cancel,383,,,1686327476
cancel,390,,,1686327476
newOrder,382,0,2473,1686327503
newOrder,389,1,2473,1686327503
cancel,382,,,1686328076
cancel,389,,,1686328076
newOrder,379,0,2437,1686328105
newOrder,386,1,2437,1686328105
cancel,379,,,1686328676
cancel,386,,,1686328676
newOrder,380,0,2448,1686328704
newOrder,387,1,2448,1686328704
cancel,380,,,1686329275
cancel,387,,,1686329275
newOrder,380,0,2446,1686329304
newOrder,386,1,2446,1686329304
cancel,380,,,1686329877
cancel,386,,,1686329877
newOrder,379,0,2435,1686329905
newOrder,386,1,2435,1686329905
cancel,379,,,1686330476
cancel,386,,,1686330476
newOrder,377,0,2415,1686330502
newOrder,384,1,2415,1686330502
cancel,377,,,1686331077
cancel,384,,,1686331077
newOrder,377,0,2417,1686331107
newOrder,384,1,2417,1686331107
cancel,377,,,1686331677
cancel,384,,,1686331677
newOrder,377,0,2414,1686331704
newOrder,384,1,2414,1686331704
cancel,377,,,1686332276
cancel,384,,,1686332276
newOrder,377,0,2414,1686332302
newOrder,384,1,2414,1686332302
cancel,377,,,1686332876
cancel,384,,,1686332876
newOrder,377,0,2417,1686332904
newOrder,384,1,2417,1686332904
cancel,377,,,1686333477
cancel,384,,,1686333477
newOrder,376,0,2405,1686333505
newOrder,383,1,2405,1686333505
cancel,376,,,1686334077
cancel,383,,,1686334077
newOrder,378,0,2422,1686334102
newOrder,384,1,2422,1686334102
cancel,378,,,1686334677
cancel,384,,,1686334677
newOrder,375,0,2396,1686334706
newOrder,382,1,2396,1686334706
cancel,375,,,1686335276
cancel,382,,,1686335276
newOrder,376,0,2409,1686335304
newOrder,383,1,2409,1686335304
cancel,376,,,1686335878
cancel,383,,,1686335878
newOrder,376,0,2398,1686335906
newOrder,382,1,2398,1686335906
cancel,376,,,1686336479
cancel,382,,,1686336479
newOrder,377,0,2419,1686336506
newOrder,384,1,2419,1686336506
cancel,377,,,1686337077
cancel,384,,,1686337077
newOrder,376,0,2403,1686337102
newOrder,383,1,2403,1686337102
cancel,376,,,1686337676
cancel,383,,,1686337676
newOrder,373,0,2368,1686337711
newOrder,380,1,2368,1686337711
cancel,380,,,1686337997
newOrder,369,0,2323,1686338007
newOrder,377,1,2323,1686338007
newOrder,367,0,2557,1686338007
cancel,367,,,1686338278
cancel,369,,,1686338278
cancel,377,,,1686338278
newOrder,369,0,2309,1686338310
newOrder,375,1,2309,1686338310
newOrder,368,0,1101,1686338310
cancel,375,,,1686338789
newOrder,365,0,2270,1686338802
newOrder,373,1,2270,1686338802
newOrder,354,0,6780,1686338802
cancel,354,,,1686338877
cancel,365,,,1686338877
cancel,373,,,1686338877
newOrder,360,0,2197,1686338905
newOrder,367,1,2197,1686338905
cancel,360,,,1686339476
cancel,367,,,1686339476
newOrder,364,0,2242,1686339505
newOrder,370,1,2242,1686339505
cancel,364,,,1686340076
cancel,370,,,1686340076
newOrder,362,0,2223,1686340103
newOrder,369,1,2223,1686340103
cancel,362,,,1686340679
cancel,369,,,1686340679
newOrder,360,0,2189,1686340707
newOrder,366,1,2189,1686340707
cancel,360,,,1686341277
cancel,366,,,1686341277
newOrder,361,0,2204,1686341306
newOrder,367,1,2204,1686341306
newOrder,367,1,366,1686341306
cancel,361,,,1686341876
cancel,367,,,1686341876
cancel,367,,,1686341876
newOrder,361,0,2212,1686341905
newOrder,368,1,2212,1686341905
cancel,361,,,1686342476
cancel,368,,,1686342476
newOrder,361,0,2210,1686342502
newOrder,368,1,2210,1686342502
cancel,361,,,1686343076
cancel,368,,,1686343076
newOrder,362,0,2224,1686343102
newOrder,369,1,2224,1686343102
cancel,362,,,1686343676
cancel,369,,,1686343676
newOrder,361,0,2209,1686343708
newOrder,368,1,2209,1686343708
cancel,361,,,1686344276
cancel,368,,,1686344276
newOrder,363,0,2227,1686344304
newOrder,369,1,2227,1686344304
cancel,363,,,1686344876
cancel,369,,,1686344876
newOrder,364,0,2244,1686344903
newOrder,370,1,2244,1686344903
cancel,370,,,1686344922
newOrder,360,0,2202,1686344931
newOrder,368,1,2202,1686344931
newOrder,368,1,1184,1686344931
cancel,360,,,1686345476
cancel,368,,,1686345476
cancel,368,,,1686345476
newOrder,363,0,2234,1686345503
newOrder,370,1,2234,1686345503
cancel,363,,,1686346076
cancel,370,,,1686346076
newOrder,364,0,2244,1686346103
newOrder,370,1,2244,1686346103
cancel,364,,,1686346678
cancel,370,,,1686346678
newOrder,363,0,2237,1686346702
newOrder,370,1,2237,1686346702
cancel,363,,,1686347276
cancel,370,,,1686347276
newOrder,364,0,2252,1686347304
newOrder,371,1,2252,1686347304
newOrder,328,0,1492,1686347304
newOrder,519,1,1492,1686347304
cancel,328,,,1686347876
cancel,364,,,1686347876
cancel,371,,,1686347876
cancel,519,,,1686347876
newOrder,364,0,2247,1686347906
newOrder,371,1,2247,1686347906
newOrder,328,0,10998,1686347906
newOrder,519,1,10998,1686347906
cancel,328,,,1686348476
cancel,364,,,1686348476
cancel,371,,,1686348476
cancel,519,,,1686348476
newOrder,364,0,2250,1686348504
newOrder,371,1,2250,1686348504
newOrder,328,0,5246,1686348504
newOrder,519,1,5246,1686348504
cancel,328,,,1686349077
cancel,364,,,1686349077
cancel,371,,,1686349077
cancel,519,,,1686349077
newOrder,364,0,2243,1686349106
newOrder,370,1,2243,1686349106
newOrder,328,0,1483,1686349106
newOrder,518,1,1483,1686349106
cancel,328,,,1686349677
cancel,364,,,1686349677
cancel,370,,,1686349677
cancel,518,,,1686349677
newOrder,364,0,2251,1686349705
newOrder,371,1,2251,1686349705
newOrder,328,0,3253,1686349705
newOrder,519,1,3253,1686349705
cancel,328,,,1686350276
cancel,364,,,1686350276
cancel,371,,,1686350276
cancel,519,,,1686350276
newOrder,364,0,2242,1686350304
newOrder,370,1,2242,1686350304
newOrder,328,0,3052,1686350304
newOrder,518,1,3052,1686350304
cancel,328,,,1686350876
cancel,364,,,1686350876
cancel,370,,,1686350876
cancel,518,,,1686350876
newOrder,363,0,2240,1686350906
newOrder,370,1,2240,1686350906
newOrder,328,0,3614,1686350906
newOrder,518,1,3614,1686350906
cancel,328,,,1686351476
cancel,363,,,1686351476
cancel,370,,,1686351476
cancel,518,,,1686351476
newOrder,363,0,2240,1686351507
newOrder,370,1,2240,1686351507
newOrder,328,0,9887,1686351507
newOrder,518,1,9887,1686351507
cancel,328,,,1686352076
cancel,363,,,1686352076
cancel,370,,,1686352076
cancel,518,,,1686352076
newOrder,362,0,2217,1686352108
newOrder,368,1,2217,1686352108
newOrder,328,0,2424,1686352108
newOrder,516,1,2424,1686352108
cancel,328,,,1686352677
cancel,362,,,1686352677
cancel,368,,,1686352677
cancel,516,,,1686352677
newOrder,360,0,2191,1686352707
newOrder,366,1,2191,1686352707
newOrder,328,0,7295,1686352707
newOrder,513,1,7295,1686352707
cancel,328,,,1686353277
cancel,360,,,1686353277
cancel,366,,,1686353277
cancel,513,,,1686353277
newOrder,360,0,2189,1686353308
newOrder,366,1,2189,1686353308
newOrder,328,0,7817,1686353308
newOrder,513,1,7817,1686353308
cancel,328,,,1686353878
cancel,360,,,1686353878
cancel,366,,,1686353878
cancel,513,,,1686353878
newOrder,358,0,2166,1686353905
newOrder,365,1,2166,1686353905
newOrder,328,0,9546,1686353905
newOrder,511,1,9546,1686353905
cancel,328,,,1686354477
cancel,358,,,1686354477
cancel,365,,,1686354477
cancel,511,,,1686354477
newOrder,359,0,2172,1686354505
newOrder,365,1,2172,1686354505
newOrder,328,0,2398,1686354505
newOrder,511,1,2398,1686354505
cancel,328,,,1686355076
cancel,359,,,1686355076
cancel,365,,,1686355076
cancel,511,,,1686355076
newOrder,359,0,2185,1686355149
newOrder,366,1,2185,1686355149
newOrder,328,0,8713,1686355149
newOrder,512,1,8713,1686355149
cancel,328,,,1686355677
cancel,359,,,1686355677
cancel,366,,,1686355677
cancel,512,,,1686355677
newOrder,358,0,2166,1686355704
newOrder,365,1,2166,1686355704
newOrder,328,0,2494,1686355704
newOrder,511,1,2494,1686355704
cancel,328,,,1686356280
cancel,358,,,1686356280
cancel,365,,,1686356280
cancel,511,,,1686356280
newOrder,358,0,2160,1686356312
newOrder,364,1,2160,1686356312
newOrder,328,0,10449,1686356312
newOrder,510,1,10449,1686356312
cancel,328,,,1686356876
cancel,358,,,1686356876
cancel,364,,,1686356876
cancel,510,,,1686356876
newOrder,357,0,2149,1686356905
newOrder,364,1,2149,1686356905
newOrder,363,1,331,1686356905
cancel,357,,,1686357476
cancel,363,,,1686357476
cancel,364,,,1686357476
newOrder,357,0,2147,1686357502
newOrder,363,1,2147,1686357502
cancel,357,,,1686358076
cancel,363,,,1686358076
newOrder,355,0,2121,1686358105
newOrder,362,1,2121,1686358105
cancel,355,,,1686358675
cancel,362,,,1686358675
newOrder,354,0,2108,1686358704
newOrder,361,1,2108,1686358704
cancel,354,,,1686359277
cancel,361,,,1686359277
newOrder,357,0,2142,1686359305
newOrder,363,1,2142,1686359305
cancel,357,,,1686359877
cancel,363,,,1686359877
newOrder,357,0,2149,1686359905
newOrder,363,1,2149,1686359905
cancel,357,,,1686360476
cancel,363,,,1686360476
newOrder,358,0,2164,1686360501
newOrder,365,1,2164,1686360501
cancel,358,,,1686361076
cancel,365,,,1686361076
newOrder,358,0,2166,1686361101
newOrder,365,1,2166,1686361101
cancel,358,,,1686361676
cancel,365,,,1686361676
newOrder,357,0,2143,1686361702
newOrder,363,1,2143,1686361702
cancel,357,,,1686362276
cancel,363,,,1686362276
newOrder,355,0,2116,1686362303
newOrder,361,1,2116,1686362303
cancel,355,,,1686362876
cancel,361,,,1686362876
newOrder,355,0,2126,1686362906
newOrder,362,1,2126,1686362906
cancel,355,,,1686363476
cancel,362,,,1686363476
newOrder,355,0,2115,1686363502
newOrder,361,1,2115,1686363502
cancel,355,,,1686364079
cancel,361,,,1686364079
newOrder,354,0,2103,1686364109
newOrder,360,1,2103,1686364109
cancel,354,,,1686364677
cancel,360,,,1686364677
newOrder,353,0,2085,1686364705
newOrder,359,1,2085,1686364705
newOrder,328,0,8676,1686364705
cancel,328,,,1686365156
cancel,359,,,1686365156
newOrder,350,0,2040,1686365167
newOrder,356,1,2040,1686365167
newOrder,330,0,8170,1686365167
cancel,330,,,1686365276
cancel,350,,,1686365276
cancel,356,,,1686365276
newOrder,349,0,2026,1686365306
newOrder,355,1,2026,1686365306
newOrder,330,0,3045,1686365306
newOrder,497,1,3045,1686365306
cancel,330,,,1686365875
cancel,349,,,1686365875
cancel,355,,,1686365875
cancel,497,,,1686365875
newOrder,350,0,2041,1686365906
newOrder,356,1,2041,1686365906
newOrder,330,0,7600,1686365906
newOrder,499,1,7600,1686365906
cancel,330,,,1686366479
cancel,350,,,1686366479
cancel,356,,,1686366479
cancel,499,,,1686366479
newOrder,351,0,2064,1686366511
newOrder,358,1,2064,1686366511
newOrder,330,0,8163,1686366511
newOrder,501,1,8163,1686366511
cancel,330,,,1686367076
cancel,351,,,1686367076
cancel,358,,,1686367076
cancel,501,,,1686367076
newOrder,351,0,2054,1686367103
newOrder,357,1,2054,1686367103
newOrder,330,0,7825,1686367103
newOrder,500,1,7825,1686367103
cancel,330,,,1686367677
cancel,351,,,1686367677
cancel,357,,,1686367677
cancel,500,,,1686367677
newOrder,351,0,2058,1686367704
newOrder,357,1,2058,1686367704
newOrder,330,0,5923,1686367704
newOrder,500,1,5923,1686367704
cancel,330,,,1686368278
cancel,351,,,1686368278
cancel,357,,,1686368278
cancel,500,,,1686368278
newOrder,350,0,2040,1686368307
newOrder,356,1,2040,1686368307
newOrder,330,0,2021,1686368307
newOrder,499,1,2021,1686368307
cancel,330,,,1686368877
cancel,350,,,1686368877
cancel,356,,,1686368877
cancel,499,,,1686368877
newOrder,351,0,2052,1686368905
newOrder,357,1,2052,1686368905
newOrder,330,0,1344,1686368905
newOrder,500,1,1344,1686368905
cancel,330,,,1686369476
cancel,351,,,1686369476
cancel,357,,,1686369476
cancel,500,,,1686369476
newOrder,350,0,2040,1686369506
newOrder,356,1,2040,1686369506
newOrder,330,0,7006,1686369506
newOrder,499,1,7006,1686369506
cancel,330,,,1686370077
cancel,350,,,1686370077
cancel,356,,,1686370077
cancel,499,,,1686370077
newOrder,349,0,2022,1686370107
newOrder,355,1,2022,1686370107
newOrder,330,0,8769,1686370107
newOrder,497,1,8769,1686370107
cancel,330,,,1686370679
cancel,349,,,1686370679
cancel,355,,,1686370679
cancel,497,,,1686370679
newOrder,346,0,1976,1686370708
newOrder,352,1,1976,1686370708
newOrder,330,0,9636,1686370708
newOrder,493,1,9636,1686370708
cancel,330,,,1686370987
cancel,346,,,1686370987
cancel,352,,,1686370987
cancel,493,,,1686370987
newOrder,343,0,1929,1686370998
newOrder,349,1,1929,1686370998
newOrder,330,0,3422,1686370998
newOrder,489,1,3422,1686370998
cancel,349,,,1686371026
cancel,489,,,1686371026
newOrder,339,0,1881,1686371035
newOrder,347,1,1881,1686371035
newOrder,301,0,7933,1686371035
newOrder,485,1,7933,1686371035
cancel,301,,,1686371108
cancel,339,,,1686371108
cancel,347,,,1686371108
cancel,485,,,1686371108
newOrder,335,0,1816,1686371119
newOrder,343,1,1816,1686371119
newOrder,301,0,4645,1686371119
newOrder,480,1,4645,1686371119
cancel,301,,,1686371124
cancel,335,,,1686371124
cancel,343,,,1686371124
cancel,480,,,1686371124
newOrder,331,0,1750,1686371133
newOrder,339,1,1750,1686371133
newOrder,301,0,7924,1686371133
newOrder,475,1,7924,1686371133
cancel,301,,,1686371165
cancel,331,,,1686371165
cancel,339,,,1686371165
cancel,475,,,1686371165
newOrder,327,0,1684,1686371178
newOrder,335,1,1684,1686371178
newOrder,301,0,4822,1686371178
newOrder,470,1,4822,1686371178
cancel,301,,,1686371191
cancel,335,,,1686371191
cancel,470,,,1686371191
newOrder,322,0,1617,1686371201
newOrder,332,1,1617,1686371201
newOrder,301,0,6666,1686371201
newOrder,464,1,6666,1686371201
cancel,301,,,1686371226
cancel,332,,,1686371226
cancel,464,,,1686371226
newOrder,317,0,1533,1686371237
newOrder,327,1,1533,1686371237
newOrder,301,0,3272,1686371237
newOrder,458,1,3272,1686371237
cancel,301,,,1686371277
cancel,317,,,1686371277
cancel,327,,,1686371277
cancel,458,,,1686371277
newOrder,315,0,1467,1686371308
newOrder,321,1,1467,1686371308
newOrder,301,0,5604,1686371308
newOrder,449,1,5604,1686371308
cancel,301,,,1686371569
cancel,315,,,1686371569
cancel,321,,,1686371569
cancel,449,,,1686371569
newOrder,312,0,1415,1686371579
newOrder,318,1,1415,1686371579
newOrder,301,0,2175,1686371579
newOrder,445,1,2175,1686371579
cancel,301,,,1686371598
cancel,318,,,1686371598
cancel,445,,,1686371598
newOrder,309,0,1365,1686371609
newOrder,315,1,1365,1686371609
newOrder,301,0,2088,1686371609
newOrder,441,1,2088,1686371609
cancel,301,,,1686371705
cancel,309,,,1686371705
cancel,315,,,1686371705
cancel,441,,,1686371705
newOrder,305,0,1314,1686371718
newOrder,313,1,1314,1686371718
newOrder,301,0,2971,1686371718
newOrder,438,1,5962,1686371718
cancel,301,,,1686371749
cancel,305,,,1686371749
cancel,313,,,1686371749
cancel,438,,,1686371749
newOrder,301,0,1248,1686371758
newOrder,309,1,1248,1686371758
newOrder,301,0,1042,1686371758
newOrder,432,1,2961,1686371758
cancel,301,,,1686371877
cancel,301,,,1686371877
cancel,309,,,1686371877
cancel,432,,,1686371877
newOrder,303,0,1268,1686371904
newOrder,309,1,1268,1686371904
newOrder,301,0,1610,1686371904
newOrder,433,1,2870,1686371904
cancel,301,,,1686372090
cancel,303,,,1686372090
cancel,309,,,1686372090
cancel,433,,,1686372090
newOrder,300,0,1215,1686372101
newOrder,306,1,1215,1686372101
newOrder,301,0,132,1686372101
newOrder,428,1,4203,1686372101
cancel,300,,,1686372476
cancel,306,,,1686372476
cancel,428,,,1686372476
newOrder,300,0,1208,1686372504
newOrder,305,1,1208,1686372504
newOrder,427,1,3142,1686372504
cancel,300,,,1686372591
cancel,427,,,1686372591
newOrder,302,0,1247,1686372600
newOrder,308,1,1247,1686372600
newOrder,301,0,1042,1686372600
newOrder,431,1,6189,1686372600
cancel,308,,,1686372877
cancel,431,,,1686372877
newOrder,299,0,1198,1686372888
newOrder,305,1,1198,1686372888
newOrder,251,0,2912,1686372888
newOrder,427,1,2912,1686372888
cancel,251,,,1686373078
cancel,299,,,1686373078
cancel,305,,,1686373078
cancel,427,,,1686373078
newOrder,297,0,1162,1686373111
newOrder,302,1,1162,1686373111
newOrder,251,0,3627,1686373111
newOrder,423,1,3627,1686373111
cancel,251,,,1686373185
cancel,297,,,1686373185
cancel,302,,,1686373185
cancel,423,,,1686373185
newOrder,294,0,1116,1686373194
newOrder,300,1,1116,1686373194
newOrder,251,0,5370,1686373194
newOrder,420,1,5370,1686373194
cancel,251,,,1686373542
cancel,300,,,1686373542
cancel,420,,,1686373542
newOrder,291,0,1068,1686373553
newOrder,297,1,1068,1686373553
newOrder,251,0,3200,1686373553
newOrder,416,1,3200,1686373553
cancel,251,,,1686373677
cancel,291,,,1686373677
cancel,297,,,1686373677
cancel,416,,,1686373677
newOrder,289,0,1035,1686373706
newOrder,295,1,1035,1686373706
newOrder,251,0,5483,1686373706
newOrder,412,1,5483,1686373706
cancel,251,,,1686374277
cancel,289,,,1686374277
cancel,295,,,1686374277
cancel,412,,,1686374277
newOrder,293,0,1096,1686374306
newOrder,298,1,1096,1686374306
newOrder,251,0,2080,1686374306
newOrder,418,1,2080,1686374306
cancel,251,,,1686374875
cancel,293,,,1686374875
cancel,298,,,1686374875
cancel,418,,,1686374875
newOrder,293,0,1094,1686374909
newOrder,298,1,1094,1686374909
newOrder,251,0,4652,1686374909
newOrder,418,1,4652,1686374909
cancel,251,,,1686374984
cancel,298,,,1686374984
cancel,418,,,1686374984
newOrder,290,0,1051,1686374995
newOrder,296,1,1051,1686374995
newOrder,251,0,3045,1686374995
newOrder,408,1,3045,1686374995
cancel,251,,,1686375477
cancel,290,,,1686375477
cancel,296,,,1686375477
cancel,408,,,1686375477
newOrder,290,0,1050,1686375507
newOrder,296,1,1050,1686375507
newOrder,251,0,2854,1686375507
newOrder,408,1,2854,1686375507
cancel,251,,,1686376076
cancel,290,,,1686376076
cancel,296,,,1686376076
cancel,408,,,1686376076
newOrder,283,0,939,1686376121
newOrder,288,1,939,1686376121
newOrder,251,0,4821,1686376121
newOrder,404,1,4821,1686376121
cancel,251,,,1686376304
cancel,288,,,1686376304
cancel,404,,,1686376304
newOrder,280,0,895,1686376317
newOrder,286,1,895,1686376317
newOrder,251,0,4665,1686376317
newOrder,400,1,4665,1686376317
cancel,251,,,1686376453
cancel,280,,,1686376453
cancel,286,,,1686376453
cancel,400,,,1686376453
newOrder,277,0,851,1686376464
newOrder,283,1,851,1686376464
newOrder,251,0,1687,1686376464
newOrder,396,1,1687,1686376464
cancel,251,,,1686376678
cancel,277,,,1686376678
cancel,283,,,1686376678
cancel,396,,,1686376678
newOrder,276,0,830,1686376709
newOrder,281,1,830,1686376709
newOrder,251,0,2122,1686376709
newOrder,394,1,2122,1686376709
cancel,251,,,1686377279
cancel,276,,,1686377279
cancel,281,,,1686377279
cancel,394,,,1686377279
newOrder,277,0,848,1686377307
newOrder,282,1,848,1686377307
newOrder,251,0,4444,1686377307
newOrder,395,1,4444,1686377307
cancel,251,,,1686377822
cancel,282,,,1686377822
cancel,395,,,1686377822
newOrder,274,0,806,1686377831
newOrder,280,1,806,1686377831
newOrder,251,0,1336,1686377831
newOrder,392,1,1336,1686377831
cancel,251,,,1686377846
cancel,280,,,1686377846
cancel,392,,,1686377846
newOrder,271,0,763,1686377854
newOrder,277,1,763,1686377854
newOrder,251,0,1676,1686377854
newOrder,388,1,1676,1686377854
cancel,251,,,1686377875
cancel,271,,,1686377875
cancel,277,,,1686377875
cancel,388,,,1686377875
newOrder,269,0,733,1686377908
newOrder,274,1,733,1686377908
newOrder,251,0,2434,1686377908
newOrder,384,1,2434,1686377908
cancel,251,,,1686378018
cancel,269,,,1686378018
cancel,384,,,1686378018
newOrder,271,0,763,1686378027
newOrder,277,1,763,1686378027
newOrder,251,0,2829,1686378027
newOrder,387,1,2829,1686378027
cancel,251,,,1686378280
cancel,271,,,1686378280
cancel,277,,,1686378280
cancel,387,,,1686378280
newOrder,274,0,805,1686378288
newOrder,280,1,805,1686378288
newOrder,251,0,3827,1686378288
newOrder,392,1,3827,1686378288
cancel,251,,,1686378476
cancel,274,,,1686378476
cancel,280,,,1686378476
cancel,392,,,1686378476
newOrder,274,0,804,1686378504
newOrder,279,1,804,1686378504
newOrder,251,0,4015,1686378504
newOrder,391,1,4015,1686378504
cancel,251,,,1686379082
cancel,274,,,1686379082
cancel,279,,,1686379082
cancel,391,,,1686379082
newOrder,271,0,757,1686379115
newOrder,276,1,757,1686379115
newOrder,251,0,686,1686379115
newOrder,386,1,686,1686379115
cancel,251,,,1686379677
cancel,271,,,1686379677
cancel,276,,,1686379677
cancel,386,,,1686379677
newOrder,269,0,730,1686379705
newOrder,274,1,730,1686379705
newOrder,251,0,1205,1686379705
newOrder,384,1,1205,1686379705
cancel,251,,,1686380026
cancel,269,,,1686380026
cancel,384,,,1686380026
newOrder,271,0,761,1686380038
newOrder,277,1,761,1686380038
newOrder,251,0,948,1686380038
newOrder,387,1,948,1686380038
cancel,251,,,1686380276
cancel,271,,,1686380276
cancel,277,,,1686380276
cancel,387,,,1686380276
newOrder,277,0,843,1686380307
newOrder,282,1,843,1686380307
newOrder,251,0,4329,1686380307
newOrder,395,1,4329,1686380307
cancel,251,,,1686380877
cancel,277,,,1686380877
cancel,282,,,1686380877
cancel,395,,,1686380877
newOrder,279,0,866,1686380905
newOrder,284,1,866,1686380905
newOrder,251,0,4417,1686380905
newOrder,397,1,4417,1686380905
cancel,251,,,1686381475
cancel,279,,,1686381475
cancel,284,,,1686381475
cancel,397,,,1686381475
newOrder,280,0,881,1686381505
newOrder,285,1,881,1686381505
newOrder,251,0,2541,1686381505
newOrder,399,1,2541,1686381505
cancel,251,,,1686381880
cancel,280,,,1686381880
cancel,399,,,1686381880
newOrder,282,0,922,1686381890
newOrder,288,1,922,1686381890
newOrder,251,0,1429,1686381890
newOrder,403,1,1429,1686381890
cancel,251,,,1686382083
cancel,282,,,1686382083
cancel,288,,,1686382083
cancel,403,,,1686382083
newOrder,286,0,980,1686382113
newOrder,291,1,980,1686382113
newOrder,251,0,3869,1686382113
newOrder,408,1,3869,1686382113
cancel,251,,,1686382679
cancel,286,,,1686382679
cancel,291,,,1686382679
cancel,408,,,1686382679
newOrder,285,0,961,1686382714
newOrder,290,1,961,1686382714
newOrder,251,0,4994,1686382714
newOrder,406,1,4994,1686382714
cancel,251,,,1686383277
cancel,285,,,1686383277
cancel,290,,,1686383277
cancel,406,,,1686383277
newOrder,287,0,994,1686383307
newOrder,292,1,994,1686383307
newOrder,251,0,766,1686383307
newOrder,408,1,766,1686383307
cancel,251,,,1686383877
cancel,287,,,1686383877
cancel,292,,,1686383877
cancel,408,,,1686383877
newOrder,287,0,989,1686383904
newOrder,292,1,989,1686383904
newOrder,251,0,3267,1686383904
newOrder,408,1,3267,1686383904
cancel,251,,,1686384477
cancel,287,,,1686384477
cancel,292,,,1686384477
cancel,408,,,1686384477
newOrder,289,0,1019,1686384505
newOrder,294,1,1019,1686384505
newOrder,251,0,2747,1686384505
newOrder,408,1,2747,1686384505
cancel,251,,,1686385077
cancel,289,,,1686385077
cancel,294,,,1686385077
cancel,408,,,1686385077
newOrder,291,0,1061,1686385106
newOrder,297,1,1061,1686385106
newOrder,251,0,4908,1686385106
newOrder,408,1,4908,1686385106
cancel,251,,,1686385528
cancel,291,,,1686385528
cancel,408,,,1686385528
newOrder,294,0,1108,1686385535
newOrder,300,1,1108,1686385535
newOrder,251,0,5751,1686385535
newOrder,408,1,5751,1686385535
cancel,251,,,1686385676
cancel,294,,,1686385676
cancel,300,,,1686385676
cancel,408,,,1686385676
newOrder,299,0,1183,1686385707
newOrder,304,1,1183,1686385707
newOrder,251,0,4763,1686385707
newOrder,408,1,4763,1686385707
cancel,251,,,1686386276
cancel,299,,,1686386276
cancel,304,,,1686386276
cancel,408,,,1686386276
newOrder,298,0,1174,1686386304
newOrder,304,1,1174,1686386304
newOrder,251,0,4818,1686386304
newOrder,408,1,4818,1686386304
cancel,251,,,1686386877
cancel,298,,,1686386877
cancel,304,,,1686386877
cancel,408,,,1686386877
newOrder,298,0,1164,1686386909
newOrder,303,1,1164,1686386909
newOrder,251,0,1882,1686386909
newOrder,408,1,1882,1686386909
cancel,251,,,1686387476
cancel,298,,,1686387476
cancel,303,,,1686387476
cancel,408,,,1686387476
newOrder,299,0,1192,1686387503
newOrder,305,1,1192,1686387503
newOrder,251,0,3124,1686387503
newOrder,408,1,3124,1686387503
cancel,251,,,1686388076
cancel,299,,,1686388076
cancel,305,,,1686388076
cancel,408,,,1686388076
newOrder,297,0,1147,1686388105
newOrder,302,1,1147,1686388105
newOrder,251,0,2376,1686388105
newOrder,408,1,2376,1686388105
cancel,251,,,1686388676
cancel,297,,,1686388676
cancel,302,,,1686388676
cancel,408,,,1686388676
newOrder,296,0,1130,1686388706
newOrder,301,1,1130,1686388706
newOrder,251,0,1412,1686388706
newOrder,408,1,1412,1686388706
cancel,251,,,1686389276
cancel,296,,,1686389276
cancel,301,,,1686389276
cancel,408,,,1686389276
newOrder,296,0,1131,1686389305
newOrder,301,1,1131,1686389305
newOrder,251,0,2165,1686389305
newOrder,302,1,750,1686389305
cancel,251,,,1686389877
cancel,296,,,1686389877
cancel,301,,,1686389877
cancel,302,,,1686389877
newOrder,297,0,1152,1686389905
newOrder,303,1,1152,1686389905
newOrder,251,0,5230,1686389905
cancel,251,,,1686390476
cancel,297,,,1686390476
cancel,303,,,1686390476
newOrder,298,0,1165,1686390507
newOrder,303,1,1165,1686390507
newOrder,251,0,2381,1686390507
newOrder,307,1,2031,1686390507
cancel,251,,,1686391076
cancel,298,,,1686391076
cancel,303,,,1686391076
cancel,307,,,1686391076
newOrder,296,0,1140,1686391103
newOrder,302,1,1140,1686391103
newOrder,251,0,4501,1686391103
cancel,251,,,1686391676
cancel,296,,,1686391676
cancel,302,,,1686391676
newOrder,297,0,1145,1686391702
newOrder,302,1,1145,1686391702
newOrder,251,0,3170,1686391702
cancel,251,,,1686392281
cancel,297,,,1686392281
cancel,302,,,1686392281
newOrder,297,0,1149,1686392311
newOrder,302,1,1149,1686392311
newOrder,251,0,1735,1686392311
newOrder,302,1,246,1686392311
cancel,251,,,1686392876
cancel,297,,,1686392876
cancel,302,,,1686392876
cancel,302,,,1686392876
newOrder,295,0,1115,1686392904
newOrder,300,1,1115,1686392904
newOrder,251,0,1804,1686392904
newOrder,302,1,1098,1686392904
cancel,251,,,1686393476
cancel,295,,,1686393476
cancel,300,,,1686393476
cancel,302,,,1686393476
newOrder,295,0,1119,1686393507
newOrder,301,1,1119,1686393507
newOrder,251,0,1299,1686393507
newOrder,303,1,1299,1686393507
cancel,251,,,1686394076
cancel,295,,,1686394076
cancel,301,,,1686394076
cancel,303,,,1686394076
newOrder,297,0,1153,1686394105
newOrder,303,1,1153,1686394105
newOrder,251,0,3900,1686394105
newOrder,305,1,1393,1686394105
cancel,251,,,1686394561
cancel,297,,,1686394561
cancel,305,,,1686394561
newOrder,300,0,1201,1686394572
newOrder,306,1,1201,1686394572
newOrder,251,0,2765,1686394572
newOrder,315,1,2765,1686394572
cancel,251,,,1686394677
cancel,300,,,1686394677
cancel,306,,,1686394677
cancel,315,,,1686394677
newOrder,301,0,1221,1686394705
newOrder,307,1,1221,1686394705
newOrder,251,0,4272,1686394705
newOrder,307,1,482,1686394705
cancel,251,,,1686395277
cancel,301,,,1686395277
cancel,307,,,1686395277
cancel,307,,,1686395277
newOrder,301,0,1217,1686395306
newOrder,307,1,1217,1686395306
newOrder,251,0,4405,1686395306
newOrder,306,1,123,1686395306
cancel,251,,,1686395876
cancel,301,,,1686395876
cancel,306,,,1686395876
cancel,307,,,1686395876
newOrder,300,0,1190,1686395904
newOrder,305,1,1190,1686395904
newOrder,251,0,1835,1686395904
newOrder,309,1,1835,1686395904
cancel,251,,,1686396476
cancel,300,,,1686396476
cancel,305,,,1686396476
cancel,309,,,1686396476
newOrder,300,0,1188,1686396504
newOrder,305,1,1188,1686396504
newOrder,251,0,869,1686396504
newOrder,304,1,20,1686396504
cancel,251,,,1686397083
cancel,300,,,1686397083
cancel,304,,,1686397083
cancel,305,,,1686397083
newOrder,300,0,1194,1686397112
newOrder,305,1,1194,1686397112
newOrder,251,0,4173,1686397112
newOrder,309,1,2047,1686397112
cancel,251,,,1686397677
cancel,300,,,1686397677
cancel,305,,,1686397677
cancel,309,,,1686397677
newOrder,301,0,1207,1686397707
newOrder,306,1,1207,1686397707
newOrder,251,0,2423,1686397707
newOrder,307,1,810,1686397707
cancel,251,,,1686398276
cancel,301,,,1686398276
cancel,306,,,1686398276
cancel,307,,,1686398276
newOrder,302,0,1233,1686398303
newOrder,308,1,1233,1686398303
newOrder,251,0,6574,1686398303
newOrder,307,1,100,1686398303