instruction,price,side,qty,time
newOrder,330,0,364,1687360039
newOrder,336,1,364,1687360039
newOrder,331,0,58,1687360039
cancel,330,,,1687360614
cancel,331,,,1687360614
cancel,336,,,1687360614
newOrder,331,0,371,1687360641
newOrder,337,1,371,1687360641
newOrder,332,0,3,1687360641
cancel,331,,,1687361214
cancel,332,,,1687361214
cancel,337,,,1687361214
newOrder,330,0,347,1687361837
newOrder,336,1,347,1687361837
cancel,336,,,1687362158
newOrder,327,0,308,1687362167
newOrder,333,1,308,1687362167
cancel,327,,,1687362413
cancel,333,,,1687362413
newOrder,327,0,299,1687362438
newOrder,332,1,299,1687362438
cancel,327,,,1687363013
cancel,332,,,1687363013
newOrder,327,0,298,1687363038
newOrder,332,1,298,1687363038
newOrder,327,0,51,1687363038
newOrder,336,1,260,1687363038
cancel,327,,,1687363217
cancel,327,,,1687363217
cancel,336,,,1687363217
newOrder,329,0,333,1687363227
newOrder,335,1,333,1687363227
newOrder,328,0,229,1687363227
newOrder,337,1,341,1687363227
cancel,328,,,1687363614
cancel,329,,,1687363614
cancel,335,,,1687363614
cancel,337,,,1687363614
newOrder,329,0,335,1687363641
newOrder,335,1,335,1687363641
newOrder,327,0,363,1687363641
newOrder,337,1,322,1687363641
cancel,335,,,1687364031
cancel,337,,,1687364031
newOrder,326,0,289,1687364038
newOrder,332,1,289,1687364038
newOrder,333,1,203,1687364038
cancel,326,,,1687364215
cancel,332,,,1687364215
cancel,333,,,1687364215
newOrder,330,0,352,1687364245
newOrder,336,1,352,1687364245
newOrder,318,0,1587,1687364245
newOrder,352,1,1772,1687364245
cancel,318,,,1687364813
cancel,330,,,1687364813
cancel,336,,,1687364813
cancel,352,,,1687364813
newOrder,332,0,376,1687364840
newOrder,338,1,376,1687364840
newOrder,325,0,1016,1687364840
newOrder,352,1,1423,1687364840
cancel,325,,,1687365023
cancel,332,,,1687365023
cancel,352,,,1687365023
newOrder,335,0,426,1687365034
newOrder,341,1,426,1687365034
newOrder,332,0,561,1687365034
newOrder,350,1,1407,1687365034
cancel,332,,,1687365415
cancel,335,,,1687365415
cancel,341,,,1687365415
cancel,350,,,1687365415
newOrder,337,0,454,1687365440
newOrder,343,1,454,1687365440
cancel,337,,,1687366013
cancel,343,,,1687366013
newOrder,336,0,447,1687366040
newOrder,342,1,447,1687366040
newOrder,342,1,89,1687366040
cancel,336,,,1687366614
cancel,342,,,1687366614
cancel,342,,,1687366614
newOrder,331,0,349,1687366641
newOrder,337,1,349,1687366641
newOrder,307,0,1174,1687366641
newOrder,354,1,1174,1687366641
cancel,307,,,1687367213
cancel,331,,,1687367213
cancel,337,,,1687367213
cancel,354,,,1687367213
newOrder,331,0,348,1687367239
newOrder,337,1,348,1687367239
cancel,331,,,1687367814
cancel,337,,,1687367814
newOrder,330,0,332,1687367841
newOrder,336,1,332,1687367841
newOrder,326,0,534,1687367841
newOrder,340,1,590,1687367841
cancel,326,,,1687368413
cancel,330,,,1687368413
cancel,336,,,1687368413
cancel,340,,,1687368413
newOrder,330,0,332,1687368438
newOrder,336,1,332,1687368438
cancel,330,,,1687369014
cancel,336,,,1687369014
newOrder,329,0,324,1687369040
newOrder,335,1,324,1687369040
newOrder,327,0,371,1687369040
cancel,327,,,1687369613
cancel,329,,,1687369613
cancel,335,,,1687369613
newOrder,329,0,321,1687369637
newOrder,335,1,321,1687369637
newOrder,315,0,925,1687369637
newOrder,351,1,925,1687369637
cancel,315,,,1687370213
cancel,329,,,1687370213
cancel,335,,,1687370213
cancel,351,,,1687370213
newOrder,332,0,356,1687370236
newOrder,338,1,356,1687370236
cancel,332,,,1687370813
cancel,338,,,1687370813
newOrder,332,0,366,1687370837
newOrder,338,1,366,1687370837
cancel,332,,,1687371414
cancel,338,,,1687371414
newOrder,333,0,377,1687371442
newOrder,339,1,377,1687371442
newOrder,334,0,36,1687371442
cancel,333,,,1687372013
cancel,334,,,1687372013
cancel,339,,,1687372013
newOrder,333,0,376,1687372037
newOrder,339,1,376,1687372037
newOrder,334,0,40,1687372037
cancel,333,,,1687372613
cancel,334,,,1687372613
cancel,339,,,1687372613
newOrder,333,0,372,1687372639
newOrder,339,1,372,1687372639
newOrder,339,1,102,1687372639
cancel,333,,,1687373031
newOrder,336,0,419,1687373037
newOrder,342,1,419,1687373037
cancel,336,,,1687373215
cancel,342,,,1687373215
newOrder,335,0,404,1687373241
newOrder,341,1,404,1687373241
newOrder,328,0,487,1687373241
newOrder,349,1,487,1687373241
cancel,328,,,1687373813
cancel,335,,,1687373813
cancel,341,,,1687373813
cancel,349,,,1687373813
newOrder,335,0,400,1687373841
newOrder,341,1,400,1687373841
newOrder,335,0,142,1687373841
newOrder,342,1,250,1687373841
cancel,335,,,1687374413
cancel,335,,,1687374413
cancel,341,,,1687374413
cancel,342,,,1687374413
newOrder,335,0,405,1687374439
newOrder,341,1,405,1687374439
newOrder,333,0,460,1687374439
newOrder,348,1,922,1687374439
cancel,333,,,1687375013
cancel,335,,,1687375013
cancel,341,,,1687375013
cancel,348,,,1687375013
newOrder,336,0,421,1687375039
newOrder,343,1,421,1687375039
newOrder,335,0,340,1687375039
newOrder,343,1,206,1687375039
cancel,335,,,1687375256
cancel,343,,,1687375256
cancel,343,,,1687375256
newOrder,333,0,362,1687375263
newOrder,339,1,362,1687375263
newOrder,345,1,843,1687375263
cancel,333,,,1687375613
cancel,339,,,1687375613
cancel,345,,,1687375613
newOrder,335,0,396,1687375641
newOrder,341,1,396,1687375641
newOrder,336,0,16,1687375641
newOrder,341,1,110,1687375641
cancel,335,,,1687376213
cancel,336,,,1687376213
cancel,341,,,1687376213
cancel,341,,,1687376213
newOrder,338,0,455,1687376239
newOrder,345,1,455,1687376239
newOrder,337,0,372,1687376239
newOrder,345,1,209,1687376239
cancel,337,,,1687376813
cancel,338,,,1687376813
cancel,345,,,1687376813
cancel,345,,,1687376813
newOrder,338,0,449,1687376837
newOrder,344,1,449,1687376837
cancel,338,,,1687377413
cancel,344,,,1687377413
newOrder,340,0,471,1687377439
newOrder,346,1,471,1687377439
newOrder,335,0,850,1687377439
newOrder,349,1,670,1687377439
cancel,335,,,1687377732
cancel,340,,,1687377732
cancel,349,,,1687377732
newOrder,343,0,540,1687377742
newOrder,349,1,540,1687377742
newOrder,320,0,2787,1687377742
newOrder,381,1,2787,1687377742
cancel,320,,,1687378014
cancel,343,,,1687378014
cancel,349,,,1687378014
cancel,381,,,1687378014
newOrder,345,0,587,1687378039
newOrder,351,1,587,1687378039
newOrder,334,0,2170,1687378039
newOrder,367,1,2170,1687378039
cancel,334,,,1687378614
cancel,345,,,1687378614
cancel,351,,,1687378614
cancel,367,,,1687378614
newOrder,345,0,589,1687378643
newOrder,352,1,589,1687378643
newOrder,339,0,1379,1687378643
newOrder,355,1,850,1687378643
cancel,339,,,1687379214
cancel,345,,,1687379214
cancel,352,,,1687379214
cancel,355,,,1687379214
newOrder,347,0,628,1687379239
newOrder,353,1,628,1687379239
newOrder,348,0,3,1687379239
cancel,347,,,1687379814
cancel,348,,,1687379814
cancel,353,,,1687379814
newOrder,347,0,632,1687379837
newOrder,354,1,632,1687379837
cancel,347,,,1687380413
cancel,354,,,1687380413
newOrder,348,0,648,1687380438
newOrder,354,1,648,1687380438
cancel,354,,,1687380830
newOrder,345,0,572,1687380841
newOrder,351,1,572,1687380841
newOrder,345,0,164,1687380841
cancel,345,,,1687381013
cancel,345,,,1687381013
cancel,351,,,1687381013
newOrder,345,0,571,1687381039
newOrder,351,1,571,1687381039
newOrder,345,0,160,1687381039
cancel,345,,,1687381613
cancel,345,,,1687381613
cancel,351,,,1687381613
newOrder,343,0,519,1687381639
newOrder,349,1,519,1687381639
newOrder,252,0,464,1687381639
newOrder,488,1,464,1687381639
cancel,252,,,1687382213
cancel,343,,,1687382213
cancel,349,,,1687382213
cancel,488,,,1687382213
newOrder,343,0,526,1687382238
newOrder,349,1,526,1687382238
newOrder,338,0,1025,1687382238
newOrder,357,1,1289,1687382238
cancel,338,,,1687382814
cancel,343,,,1687382814
cancel,349,,,1687382814
cancel,357,,,1687382814
newOrder,343,0,524,1687382838
newOrder,349,1,524,1687382838
newOrder,334,0,435,1687382838
newOrder,355,1,435,1687382838
cancel,334,,,1687383413
cancel,343,,,1687383413
cancel,349,,,1687383413
cancel,355,,,1687383413
newOrder,347,0,618,1687383438
newOrder,354,1,618,1687383438
newOrder,345,0,646,1687383438
newOrder,367,1,2561,1687383438
cancel,345,,,1687383768
cancel,347,,,1687383768
cancel,367,,,1687383768
newOrder,351,0,706,1687383775
newOrder,357,1,706,1687383775
cancel,351,,,1687384015
cancel,357,,,1687384015
newOrder,351,0,703,1687384041
newOrder,357,1,703,1687384041
newOrder,350,0,391,1687384041
newOrder,361,1,758,1687384041
cancel,350,,,1687384615
cancel,351,,,1687384615
cancel,357,,,1687384615
cancel,361,,,1687384615
newOrder,349,0,645,1687384640
newOrder,355,1,645,1687384640
newOrder,349,0,118,1687384640
cancel,349,,,1687385213
cancel,349,,,1687385213
cancel,355,,,1687385213
newOrder,350,0,676,1687385240
newOrder,356,1,676,1687385240
newOrder,342,0,412,1687385240
newOrder,367,1,412,1687385240
cancel,342,,,1687385639
cancel,350,,,1687385639
cancel,367,,,1687385639
newOrder,353,0,752,1687385646
newOrder,359,1,752,1687385646
newOrder,361,1,666,1687385646
cancel,353,,,1687385813
cancel,359,,,1687385813
cancel,361,,,1687385813
newOrder,354,0,787,1687385839
newOrder,360,1,787,1687385839
newOrder,361,1,375,1687385839
cancel,354,,,1687386129
cancel,361,,,1687386129
newOrder,356,0,865,1687386137
newOrder,364,1,865,1687386137
newOrder,372,1,1253,1687386137
cancel,356,,,1687386413
cancel,364,,,1687386413
cancel,372,,,1687386413
newOrder,361,0,1014,1687386438
newOrder,368,1,1014,1687386438
newOrder,368,1,317,1687386438
cancel,361,,,1687387013
cancel,368,,,1687387013
cancel,368,,,1687387013
newOrder,363,0,1062,1687387038
newOrder,369,1,1062,1687387038
newOrder,359,0,1214,1687387038
cancel,359,,,1687387613
cancel,363,,,1687387613
cancel,369,,,1687387613
newOrder,363,0,1059,1687387637
newOrder,370,1,1059,1687387637
cancel,363,,,1687388214
cancel,370,,,1687388214
newOrder,365,0,1113,1687388242
newOrder,371,1,1113,1687388242
newOrder,346,0,3126,1687388242
newOrder,396,1,3126,1687388242
cancel,346,,,1687388813
cancel,365,,,1687388813
cancel,371,,,1687388813
cancel,396,,,1687388813
newOrder,366,0,1179,1687388839
newOrder,373,1,1179,1687388839
newOrder,374,1,691,1687388839
cancel,366,,,1687389413
cancel,373,,,1687389413
cancel,374,,,1687389413
newOrder,366,0,1167,1687389439
newOrder,373,1,1167,1687389439
newOrder,365,0,779,1687389439
cancel,365,,,1687389445
cancel,366,,,1687389445
newOrder,369,0,1299,1687389453
newOrder,377,1,1299,1687389453
newOrder,365,0,2015,1687389453
cancel,365,,,1687390013
cancel,369,,,1687390013
cancel,377,,,1687390013
newOrder,367,0,1207,1687390038
newOrder,374,1,1207,1687390038
cancel,367,,,1687390614
cancel,374,,,1687390614
newOrder,369,0,1267,1687390638
newOrder,376,1,1267,1687390638
cancel,369,,,1687391214
cancel,376,,,1687391214
newOrder,368,0,1207,1687391239
newOrder,374,1,1207,1687391239
newOrder,368,0,190,1687391239
newOrder,376,1,1039,1687391239
cancel,368,,,1687391813
cancel,368,,,1687391813
cancel,374,,,1687391813
cancel,376,,,1687391813
newOrder,367,0,1176,1687391838
newOrder,373,1,1176,1687391838
cancel,367,,,1687392413
cancel,373,,,1687392413
newOrder,365,0,1103,1687392439
newOrder,371,1,1103,1687392439
newOrder,358,0,2646,1687392439
cancel,358,,,1687393013
cancel,365,,,1687393013
cancel,371,,,1687393013
newOrder,362,0,1007,1687393039
newOrder,369,1,1007,1687393039
newOrder,369,1,383,1687393039
cancel,362,,,1687393613
cancel,369,,,1687393613
cancel,369,,,1687393613
newOrder,363,0,1035,1687393638
newOrder,370,1,1035,1687393638
cancel,363,,,1687394213
cancel,370,,,1687394213
newOrder,365,0,1107,1687394238
newOrder,372,1,1107,1687394238
newOrder,353,0,4438,1687394238
newOrder,381,1,3419,1687394238
cancel,353,,,1687394813
cancel,365,,,1687394813
cancel,372,,,1687394813
cancel,381,,,1687394813
newOrder,366,0,1117,1687394838
newOrder,372,1,1117,1687394838
cancel,366,,,1687395413
cancel,372,,,1687395413
newOrder,365,0,1087,1687395438
newOrder,371,1,1087,1687395438
cancel,365,,,1687396013
cancel,371,,,1687396013
newOrder,363,0,1023,1687396040
newOrder,370,1,1023,1687396040
cancel,363,,,1687396476
newOrder,366,0,1148,1687396483
newOrder,374,1,1148,1687396483
newOrder,373,1,241,1687396483
cancel,366,,,1687396613
cancel,373,,,1687396613
cancel,374,,,1687396613
newOrder,367,0,1171,1687396637
newOrder,374,1,1171,1687396637
cancel,367,,,1687397214
cancel,374,,,1687397214
newOrder,368,0,1199,1687397240
newOrder,375,1,1199,1687397240
newOrder,378,1,1525,1687397240
cancel,368,,,1687397814
cancel,375,,,1687397814
cancel,378,,,1687397814
newOrder,370,0,1281,1687397840
newOrder,377,1,1281,1687397840
newOrder,370,0,510,1687397840
newOrder,378,1,766,1687397840
cancel,370,,,1687398413
cancel,370,,,1687398413
cancel,377,,,1687398413
cancel,378,,,1687398413
newOrder,373,0,1371,1687398438
newOrder,379,1,1371,1687398438
newOrder,366,0,1924,1687398438
newOrder,385,1,1924,1687398438
cancel,366,,,1687398499
cancel,379,,,1687398499
cancel,385,,,1687398499
newOrder,369,0,1251,1687398506
newOrder,377,1,1251,1687398506
newOrder,376,1,251,1687398506
cancel,369,,,1687399014
cancel,376,,,1687399014
cancel,377,,,1687399014
newOrder,372,0,1342,1687399039
newOrder,379,1,1342,1687399039
newOrder,369,0,1595,1687399039
newOrder,386,1,3324,1687399039
cancel,369,,,1687399614
cancel,372,,,1687399614
cancel,379,,,1687399614
cancel,386,,,1687399614
newOrder,372,0,1351,1687399640
newOrder,379,1,1351,1687399640
newOrder,367,0,947,1687399640
newOrder,383,1,947,1687399640
cancel,367,,,1687400213
cancel,372,,,1687400213
cancel,379,,,1687400213
cancel,383,,,1687400213
newOrder,373,0,1391,1687400239
newOrder,380,1,1391,1687400239
newOrder,374,0,142,1687400239
cancel,373,,,1687400814
cancel,374,,,1687400814
cancel,380,,,1687400814
newOrder,373,0,1378,1687400840
newOrder,380,1,1378,1687400840
newOrder,369,0,2087,1687400840
newOrder,383,1,1713,1687400840
cancel,369,,,1687401413
cancel,373,,,1687401413
cancel,380,,,1687401413
cancel,383,,,1687401413
newOrder,375,0,1449,1687401437
newOrder,382,1,1449,1687401437
cancel,375,,,1687402015
cancel,382,,,1687402015
newOrder,375,0,1439,1687402041
newOrder,381,1,1439,1687402041
newOrder,374,0,718,1687402041
newOrder,387,1,2794,1687402041
cancel,374,,,1687402613
cancel,375,,,1687402613
cancel,381,,,1687402613
cancel,387,,,1687402613
newOrder,376,0,1487,1687402638
newOrder,383,1,1487,1687402638
cancel,376,,,1687403213
cancel,383,,,1687403213
newOrder,374,0,1419,1687403239
newOrder,381,1,1419,1687403239
newOrder,374,0,588,1687403239
cancel,374,,,1687403813
cancel,374,,,1687403813
cancel,381,,,1687403813
newOrder,371,0,1270,1687403839
newOrder,378,1,1270,1687403839
newOrder,380,1,1309,1687403839
cancel,371,,,1687404414
cancel,378,,,1687404414
cancel,380,,,1687404414
newOrder,371,0,1257,1687404440
newOrder,377,1,1257,1687404440
newOrder,356,0,4957,1687404440
newOrder,399,1,4957,1687404440
cancel,356,,,1687404603
cancel,371,,,1687404603
cancel,399,,,1687404603
newOrder,373,0,1379,1687404609
newOrder,381,1,1379,1687404609
newOrder,381,1,668,1687404609
cancel,373,,,1687405015
cancel,381,,,1687405015
cancel,381,,,1687405015
newOrder,377,0,1508,1687405038
newOrder,383,1,1508,1687405038
cancel,377,,,1687405614
cancel,383,,,1687405614
newOrder,377,0,1520,1687405637
newOrder,384,1,1520,1687405637
cancel,377,,,1687406213
cancel,384,,,1687406213
newOrder,378,0,1568,1687406239
newOrder,385,1,1568,1687406239
newOrder,374,0,1776,1687406239
newOrder,384,1,22,1687406239
cancel,374,,,1687406814
cancel,378,,,1687406814
cancel,384,,,1687406814
cancel,385,,,1687406814
newOrder,376,0,1463,1687406839
newOrder,383,1,1463,1687406839
cancel,376,,,1687407413
cancel,383,,,1687407413
newOrder,372,0,1315,1687407439
newOrder,379,1,1315,1687407439
cancel,372,,,1687408014
cancel,379,,,1687408014
newOrder,372,0,1296,1687408041
newOrder,379,1,1296,1687408041
newOrder,373,0,38,1687408041
cancel,372,,,1687408613
cancel,379,,,1687408613
newOrder,370,0,1219,1687408638
newOrder,377,1,1219,1687408638
cancel,370,,,1687409213
cancel,377,,,1687409213
newOrder,371,0,1233,1687409238
newOrder,377,1,1233,1687409238
cancel,371,,,1687409814
cancel,377,,,1687409814
newOrder,370,0,1210,1687409838
newOrder,377,1,1210,1687409838
newOrder,371,0,79,1687409838
cancel,370,,,1687410413
cancel,371,,,1687410413
cancel,377,,,1687410413
newOrder,371,0,1218,1687410437
newOrder,377,1,1218,1687410437
cancel,371,,,1687411014
cancel,377,,,1687411014
newOrder,371,0,1214,1687411038
newOrder,377,1,1214,1687411038
cancel,371,,,1687411615
cancel,377,,,1687411615
newOrder,368,0,1131,1687411640
newOrder,375,1,1131,1687411640
cancel,368,,,1687412213
cancel,375,,,1687412213
newOrder,368,0,1101,1687412238
newOrder,374,1,1101,1687412238
newOrder,363,0,1900,1687412238
newOrder,375,1,548,1687412238
cancel,363,,,1687412599
cancel,374,,,1687412599
cancel,375,,,1687412599
newOrder,364,0,990,1687412605
newOrder,372,1,990,1687412605
newOrder,365,0,215,1687412605
cancel,364,,,1687412814
cancel,365,,,1687412814
cancel,372,,,1687412814
newOrder,363,0,946,1687412838
newOrder,370,1,946,1687412838
cancel,363,,,1687413413
cancel,370,,,1687413413
newOrder,361,0,868,1687413439
newOrder,368,1,868,1687413439
newOrder,353,0,1767,1687413439
newOrder,371,1,1145,1687413439
cancel,353,,,1687414013
cancel,361,,,1687414013
cancel,368,,,1687414013
cancel,371,,,1687414013
newOrder,358,0,768,1687414039
newOrder,365,1,768,1687414039
cancel,358,,,1687414613
cancel,365,,,1687414613
newOrder,356,0,721,1687414639
newOrder,363,1,721,1687414639
newOrder,356,0,335,1687414639
newOrder,362,1,18,1687414639
cancel,356,,,1687415213
cancel,356,,,1687415213
cancel,362,,,1687415213
cancel,363,,,1687415213
newOrder,357,0,721,1687415239
newOrder,363,1,721,1687415239
cancel,357,,,1687415813
cancel,363,,,1687415813
newOrder,356,0,709,1687415837
newOrder,363,1,709,1687415837
cancel,356,,,1687416413
cancel,363,,,1687416413
newOrder,356,0,696,1687416437
newOrder,362,1,696,1687416437
cancel,356,,,1687417013
cancel,362,,,1687417013
newOrder,356,0,690,1687417040
newOrder,362,1,690,1687417040
newOrder,356,0,175,1687417040
newOrder,363,1,382,1687417040
cancel,356,,,1687417614
cancel,356,,,1687417614
cancel,362,,,1687417614
cancel,363,,,1687417614
newOrder,356,0,699,1687417639
newOrder,363,1,699,1687417639
cancel,356,,,1687418214
cancel,363,,,1687418214
newOrder,357,0,725,1687418239
newOrder,364,1,725,1687418239
cancel,357,,,1687418813
cancel,364,,,1687418813
newOrder,358,0,729,1687418840
newOrder,364,1,729,1687418840
newOrder,358,0,119,1687418840
newOrder,369,1,1261,1687418840
cancel,358,,,1687419413
cancel,358,,,1687419413
cancel,364,,,1687419413
cancel,369,,,1687419413
newOrder,359,0,761,1687419437
newOrder,365,1,761,1687419437
cancel,359,,,1687420013
cancel,365,,,1687420013
newOrder,359,0,752,1687420039
newOrder,365,1,752,1687420039
newOrder,359,0,116,1687420039
newOrder,368,1,939,1687420039
cancel,359,,,1687420509
cancel,359,,,1687420509
cancel,368,,,1687420509
newOrder,361,0,848,1687420516
newOrder,369,1,848,1687420516
newOrder,369,1,452,1687420516
cancel,361,,,1687420613
cancel,369,,,1687420613
cancel,369,,,1687420613
newOrder,363,0,892,1687420638
newOrder,370,1,892,1687420638
newOrder,362,0,571,1687420638
newOrder,369,1,97,1687420638
cancel,362,,,1687421213
cancel,363,,,1687421213
cancel,369,,,1687421213
cancel,370,,,1687421213
newOrder,363,0,879,1687421239
newOrder,369,1,879,1687421239
newOrder,361,0,756,1687421239
newOrder,369,1,174,1687421239
cancel,361,,,1687421813
cancel,363,,,1687421813
cancel,369,,,1687421813
cancel,369,,,1687421813
newOrder,363,0,891,1687421838
newOrder,370,1,891,1687421838
cancel,363,,,1687422413
cancel,370,,,1687422413
newOrder,363,0,884,1687422437
newOrder,370,1,884,1687422437
cancel,363,,,1687423013
cancel,370,,,1687423013
newOrder,360,0,787,1687423038
newOrder,367,1,787,1687423038
newOrder,369,1,801,1687423038
cancel,360,,,1687423615
cancel,367,,,1687423615
cancel,369,,,1687423615
newOrder,362,0,830,1687423640
newOrder,368,1,830,1687423640
cancel,362,,,1687424213
cancel,368,,,1687424213
newOrder,362,0,841,1687424236
newOrder,369,1,841,1687424236
cancel,362,,,1687424815
cancel,369,,,1687424815
newOrder,361,0,809,1687424840
newOrder,368,1,809,1687424840
newOrder,362,0,56,1687424840
cancel,361,,,1687425413
cancel,362,,,1687425413
cancel,368,,,1687425413
newOrder,361,0,789,1687425424
newOrder,367,1,789,1687425424
cancel,361,,,1687426013
cancel,367,,,1687426013
newOrder,361,0,794,1687426022
newOrder,367,1,794,1687426022
cancel,361,,,1687426613
cancel,367,,,1687426613
newOrder,360,0,775,1687426624
newOrder,367,1,775,1687426624
newOrder,358,0,821,1687426624
cancel,358,,,1687427213
cancel,360,,,1687427213
cancel,367,,,1687427213
newOrder,359,0,735,1687427225
newOrder,366,1,735,1687427225
newOrder,360,0,44,1687427225
cancel,359,,,1687427813
cancel,366,,,1687427813
newOrder,357,0,684,1687427823
newOrder,364,1,684,1687427823
cancel,357,,,1687428414
cancel,364,,,1687428414
newOrder,357,0,672,1687428428
newOrder,364,1,672,1687428428
cancel,357,,,1687429013
cancel,364,,,1687429013
newOrder,358,0,685,1687429024
newOrder,364,1,685,1687429024
cancel,358,,,1687429613
cancel,364,,,1687429613
newOrder,359,0,710,1687429625
newOrder,365,1,710,1687429625
cancel,359,,,1687430162
newOrder,361,0,796,1687430169
newOrder,369,1,796,1687430169
newOrder,370,1,669,1687430169
cancel,361,,,1687430213
cancel,369,,,1687430213
cancel,370,,,1687430213
newOrder,362,0,805,1687430225
newOrder,369,1,805,1687430225
newOrder,369,1,355,1687430225
cancel,362,,,1687430443
cancel,369,,,1687430443
newOrder,365,0,924,1687430451
newOrder,373,1,924,1687430451
newOrder,349,0,3206,1687430451
newOrder,401,1,3206,1687430451
cancel,349,,,1687430814
cancel,365,,,1687430814
cancel,373,,,1687430814
cancel,401,,,1687430814
newOrder,366,0,950,1687430828
newOrder,373,1,950,1687430828
newOrder,374,1,546,1687430828
cancel,366,,,1687431414
cancel,373,,,1687431414
cancel,374,,,1687431414
newOrder,364,0,870,1687431424
newOrder,371,1,870,1687431424
cancel,364,,,1687431863
cancel,371,,,1687431863
newOrder,360,0,757,1687431872
newOrder,368,1,757,1687431872
newOrder,342,0,1570,1687431872
newOrder,380,1,1570,1687431872
cancel,342,,,1687432016
cancel,360,,,1687432016
cancel,368,,,1687432016
cancel,380,,,1687432016
newOrder,361,0,755,1687432029
newOrder,367,1,755,1687432029
newOrder,355,0,1563,1687432029
cancel,355,,,1687432187
cancel,367,,,1687432187
newOrder,357,0,669,1687432199
newOrder,365,1,669,1687432199
newOrder,323,0,1460,1687432199
newOrder,382,1,1460,1687432199
cancel,323,,,1687432266
cancel,365,,,1687432266
cancel,382,,,1687432266
newOrder,353,0,566,1687432274
newOrder,361,1,566,1687432274
newOrder,352,0,499,1687432274
cancel,352,,,1687432614
cancel,353,,,1687432614
cancel,361,,,1687432614
newOrder,354,0,572,1687432628
newOrder,361,1,572,1687432628
newOrder,351,0,733,1687432628
newOrder,361,1,266,1687432628
cancel,351,,,1687433213
cancel,354,,,1687433213
cancel,361,,,1687433213
cancel,361,,,1687433213
newOrder,354,0,577,1687433224
newOrder,361,1,577,1687433224
newOrder,360,1,28,1687433224
cancel,360,,,1687433478
cancel,361,,,1687433478
newOrder,351,0,491,1687433485
newOrder,357,1,491,1687433485
newOrder,359,1,441,1687433485
cancel,351,,,1687433813
cancel,357,,,1687433813
cancel,359,,,1687433813
newOrder,354,0,563,1687433823
newOrder,360,1,563,1687433823
cancel,354,,,1687434415
cancel,360,,,1687434415
newOrder,354,0,563,1687434427
newOrder,360,1,563,1687434427
newOrder,337,0,2289,1687434427
newOrder,372,1,2207,1687434427
cancel,337,,,1687434896
cancel,360,,,1687434896
cancel,372,,,1687434896
newOrder,351,0,485,1687434903
newOrder,357,1,485,1687434903
newOrder,350,0,282,1687434903
cancel,350,,,1687435014
cancel,351,,,1687435014
cancel,357,,,1687435014
newOrder,351,0,481,1687435028
newOrder,357,1,481,1687435028
newOrder,345,0,1015,1687435028
cancel,345,,,1687435613
cancel,351,,,1687435613
cancel,357,,,1687435613
newOrder,348,0,429,1687435622
newOrder,355,1,429,1687435622
cancel,337,,,1687349813
cancel,343,,,1687349813
newOrder,337,0,506,1687349836
newOrder,343,1,506,1687349836
cancel,337,,,1687350413
cancel,343,,,1687350413
newOrder,338,0,521,1687350439
newOrder,344,1,521,1687350439
cancel,338,,,1687351014
cancel,344,,,1687351014
newOrder,337,0,499,1687351043
newOrder,343,1,499,1687351043
cancel,337,,,1687351613
cancel,343,,,1687351613
newOrder,336,0,487,1687351639
newOrder,342,1,487,1687351639
newOrder,336,0,168,1687351639
newOrder,342,1,144,1687351639
cancel,336,,,1687352213
cancel,336,,,1687352213
cancel,342,,,1687352213
cancel,342,,,1687352213
newOrder,335,0,471,1687352238
newOrder,341,1,471,1687352238
newOrder,341,1,100,1687352238
cancel,335,,,1687352813
cancel,341,,,1687352813
cancel,341,,,1687352813
newOrder,335,0,458,1687352838
newOrder,341,1,458,1687352838
newOrder,342,1,338,1687352838
cancel,335,,,1687353414
cancel,341,,,1687353414
cancel,342,,,1687353414
newOrder,335,0,468,1687353438
newOrder,341,1,468,1687353438
newOrder,341,1,90,1687353438
cancel,335,,,1687354014
cancel,341,,,1687354014
cancel,341,,,1687354014
newOrder,334,0,437,1687354042
newOrder,340,1,437,1687354042
newOrder,309,0,1631,1687354042
newOrder,358,1,1631,1687354042
cancel,309,,,1687354613
cancel,334,,,1687354613
cancel,340,,,1687354613
cancel,358,,,1687354613
newOrder,332,0,413,1687354637
newOrder,338,1,413,1687354637
cancel,332,,,1687355213
cancel,338,,,1687355213
newOrder,334,0,435,1687355243
newOrder,340,1,435,1687355243
newOrder,329,0,708,1687355243
newOrder,346,1,708,1687355243
cancel,329,,,1687355814
cancel,334,,,1687355814
cancel,340,,,1687355814
cancel,346,,,1687355814
newOrder,334,0,439,1687355839
newOrder,340,1,439,1687355839
cancel,334,,,1687356413
cancel,340,,,1687356413
newOrder,333,0,417,1687356440
newOrder,339,1,417,1687356440
newOrder,332,0,282,1687356440
newOrder,341,1,411,1687356440
cancel,332,,,1687357013
cancel,333,,,1687357013
cancel,339,,,1687357013
cancel,341,,,1687357013
newOrder,333,0,416,1687357041
newOrder,339,1,416,1687357041
newOrder,332,0,293,1687357041
cancel,339,,,1687357294
newOrder,330,0,364,1687357304
newOrder,336,1,364,1687357304
newOrder,325,0,738,1687357304
newOrder,340,1,616,1687357304
cancel,325,,,1687357613
cancel,330,,,1687357613
cancel,336,,,1687357613
cancel,340,,,1687357613
newOrder,329,0,355,1687357641
newOrder,335,1,355,1687357641
newOrder,330,0,58,1687357641
cancel,329,,,1687358213
cancel,330,,,1687358213
cancel,335,,,1687358213
newOrder,329,0,349,1687358237
newOrder,335,1,349,1687358237
cancel,329,,,1687358813
cancel,335,,,1687358813
newOrder,329,0,337,1687358837
newOrder,334,1,337,1687358837
cancel,329,,,1687359413
cancel,334,,,1687359413
newOrder,330,0,354,1687359440
newOrder,336,1,354,1687359440
newOrder,328,0,323,1687359440
newOrder,337,1,279,1687359440
cancel,328,,,1687360013
cancel,330,,,1687360013
cancel,336,,,1687360013
cancel,337,,,1687360013