instruction,price,side,qty,time
newOrder,314,0,832,1687003637
newOrder,320,1,832,1687003637
cancel,314,,,1687004213
cancel,320,,,1687004213
newOrder,314,0,835,1687004239
newOrder,320,1,835,1687004239
cancel,314,,,1687004813
cancel,320,,,1687004813
newOrder,315,0,851,1687004837
newOrder,321,1,851,1687004837
cancel,315,,,1687005413
cancel,321,,,1687005413
newOrder,315,0,855,1687005436
newOrder,321,1,855,1687005436
cancel,315,,,1687006012
cancel,321,,,1687006012
newOrder,316,0,863,1687006040
newOrder,321,1,863,1687006040
newOrder,321,1,189,1687006040
cancel,316,,,1687006613
cancel,321,,,1687006613
cancel,321,,,1687006613
newOrder,316,0,872,1687006636
newOrder,322,1,872,1687006636
newOrder,321,1,33,1687006636
cancel,316,,,1687007213
cancel,321,,,1687007213
cancel,322,,,1687007213
newOrder,316,0,877,1687007236
newOrder,322,1,877,1687007236
cancel,316,,,1687007813
cancel,322,,,1687007813
newOrder,317,0,895,1687007836
newOrder,323,1,895,1687007836
cancel,317,,,1687008413
cancel,323,,,1687008413
newOrder,319,0,935,1687008436
newOrder,325,1,935,1687008436
cancel,319,,,1687008999
newOrder,322,0,995,1687009006
newOrder,328,1,995,1687009006
newOrder,330,1,1061,1687009006
cancel,322,,,1687009012
cancel,328,,,1687009012
cancel,330,,,1687009012
newOrder,321,0,964,1687009038
newOrder,326,1,964,1687009038
newOrder,319,0,898,1687009038
newOrder,334,1,2843,1687009038
cancel,319,,,1687009613
cancel,321,,,1687009613
cancel,326,,,1687009613
cancel,334,,,1687009613
newOrder,323,0,1020,1687009639
newOrder,329,1,1020,1687009639
newOrder,324,0,93,1687009639
newOrder,332,1,1368,1687009639
cancel,323,,,1687010212
cancel,324,,,1687010212
cancel,329,,,1687010212
cancel,332,,,1687010212
newOrder,324,0,1038,1687010235
newOrder,330,1,1038,1687010235
cancel,324,,,1687010813
cancel,330,,,1687010813
newOrder,323,0,1022,1687010836
newOrder,329,1,1022,1687010836
cancel,323,,,1687011413
cancel,329,,,1687011413
newOrder,323,0,1021,1687011440
newOrder,329,1,1021,1687011440
cancel,323,,,1687012014
cancel,329,,,1687012014
newOrder,325,0,1065,1687012039
newOrder,331,1,1065,1687012039
newOrder,332,1,619,1687012039
cancel,325,,,1687012613
cancel,331,,,1687012613
cancel,332,,,1687012613
newOrder,327,0,1089,1687012637
newOrder,332,1,1089,1687012637
cancel,327,,,1687013213
cancel,332,,,1687013213
newOrder,328,0,1117,1687013237
newOrder,334,1,1117,1687013237
newOrder,326,0,1044,1687013237
cancel,326,,,1687013816
cancel,328,,,1687013816
cancel,334,,,1687013816
newOrder,327,0,1093,1687013843
newOrder,333,1,1093,1687013843
newOrder,325,0,1033,1687013843
newOrder,338,1,2349,1687013843
cancel,325,,,1687014413
cancel,327,,,1687014413
cancel,333,,,1687014413
cancel,338,,,1687014413
newOrder,327,0,1108,1687014436
newOrder,333,1,1108,1687014436
newOrder,334,1,624,1687014436
cancel,327,,,1687015015
cancel,333,,,1687015015
cancel,334,,,1687015015
newOrder,327,0,1086,1687015042
newOrder,332,1,1086,1687015042
newOrder,324,0,1308,1687015042
newOrder,337,1,1980,1687015042
cancel,324,,,1687015613
cancel,327,,,1687015613
cancel,332,,,1687015613
cancel,337,,,1687015613
newOrder,327,0,1088,1687015638
newOrder,333,1,1088,1687015638
cancel,327,,,1687016213
cancel,333,,,1687016213
newOrder,326,0,1074,1687016239
newOrder,332,1,1074,1687016239
cancel,326,,,1687016813
cancel,332,,,1687016813
newOrder,326,0,1069,1687016840
newOrder,332,1,1069,1687016840
newOrder,326,0,349,1687016840
newOrder,336,1,1879,1687016840
cancel,326,,,1687017413
cancel,326,,,1687017413
cancel,332,,,1687017413
cancel,336,,,1687017413
newOrder,327,0,1083,1687017437
newOrder,332,1,1083,1687017437
newOrder,327,0,221,1687017437
newOrder,336,1,1660,1687017437
cancel,327,,,1687018013
cancel,327,,,1687018013
cancel,332,,,1687018013
cancel,336,,,1687018013
newOrder,326,0,1063,1687018038
newOrder,332,1,1063,1687018038
newOrder,326,0,286,1687018038
newOrder,332,1,484,1687018038
cancel,326,,,1687018613
cancel,326,,,1687018613
cancel,332,,,1687018613
cancel,332,,,1687018613
newOrder,328,0,1109,1687018640
newOrder,334,1,1109,1687018640
newOrder,325,0,1427,1687018640
newOrder,339,1,2361,1687018640
cancel,325,,,1687019212
cancel,328,,,1687019212
cancel,334,,,1687019212
cancel,339,,,1687019212
newOrder,328,0,1113,1687019237
newOrder,334,1,1113,1687019237
newOrder,333,1,35,1687019237
cancel,328,,,1687019813
cancel,333,,,1687019813
cancel,334,,,1687019813
newOrder,327,0,1083,1687019838
newOrder,333,1,1083,1687019838
newOrder,317,0,3968,1687019838
newOrder,339,1,2692,1687019838
cancel,317,,,1687020413
cancel,327,,,1687020413
cancel,333,,,1687020413
cancel,339,,,1687020413
newOrder,326,0,1069,1687020437
newOrder,332,1,1069,1687020437
cancel,326,,,1687021013
cancel,332,,,1687021013
newOrder,324,0,1008,1687021036
newOrder,329,1,1008,1687021036
newOrder,329,1,203,1687021036
cancel,324,,,1687021615
cancel,329,,,1687021615
cancel,329,,,1687021615
newOrder,325,0,1046,1687021638
newOrder,331,1,1046,1687021638
cancel,325,,,1687022213
cancel,331,,,1687022213
newOrder,325,0,1033,1687022237
newOrder,331,1,1033,1687022237
cancel,325,,,1687022813
cancel,331,,,1687022813
newOrder,325,0,1026,1687022836
newOrder,330,1,1026,1687022836
cancel,325,,,1687023413
cancel,330,,,1687023413
newOrder,322,0,965,1687023441
newOrder,328,1,965,1687023441
newOrder,308,0,4071,1687023441
newOrder,336,1,3114,1687023441
cancel,308,,,1687024013
cancel,322,,,1687024013
cancel,328,,,1687024013
cancel,336,,,1687024013
newOrder,320,0,928,1687024040
newOrder,326,1,928,1687024040
newOrder,307,0,2226,1687024040
newOrder,334,1,2226,1687024040
cancel,307,,,1687024614
cancel,320,,,1687024614
cancel,326,,,1687024614
cancel,334,,,1687024614
newOrder,318,0,882,1687024637
newOrder,324,1,882,1687024637
newOrder,317,0,639,1687024637
cancel,317,,,1687025212
cancel,318,,,1687025212
cancel,324,,,1687025212
newOrder,318,0,878,1687025236
newOrder,324,1,878,1687025236
cancel,318,,,1687025813
cancel,324,,,1687025813
newOrder,318,0,878,1687025838
newOrder,324,1,878,1687025838
cancel,318,,,1687026413
cancel,324,,,1687026413
newOrder,317,0,856,1687026440
newOrder,323,1,856,1687026440
cancel,317,,,1687027013
cancel,323,,,1687027013
newOrder,318,0,882,1687027038
newOrder,324,1,882,1687027038
newOrder,316,0,1009,1687027038
cancel,316,,,1687027613
cancel,318,,,1687027613
cancel,324,,,1687027613
newOrder,317,0,853,1687027636
newOrder,323,1,853,1687027636
cancel,317,,,1687028212
cancel,323,,,1687028212
newOrder,317,0,844,1687028236
newOrder,322,1,844,1687028236
cancel,317,,,1687028812
cancel,322,,,1687028812
newOrder,317,0,845,1687028837
newOrder,322,1,845,1687028837
cancel,317,,,1687029413
cancel,322,,,1687029413
newOrder,317,0,846,1687029436
newOrder,322,1,846,1687029436
cancel,317,,,1687030013
cancel,322,,,1687030013
newOrder,316,0,829,1687030036
newOrder,322,1,829,1687030036
cancel,316,,,1687030613
cancel,322,,,1687030613
newOrder,316,0,829,1687030635
newOrder,322,1,829,1687030635
cancel,316,,,1687031213
cancel,322,,,1687031213
newOrder,316,0,824,1687031236
newOrder,322,1,824,1687031236
cancel,316,,,1687031459
newOrder,319,0,892,1687031469
newOrder,325,1,892,1687031469
newOrder,319,0,348,1687031469
cancel,325,,,1687031785
newOrder,316,0,829,1687031792
newOrder,322,1,829,1687031792
cancel,316,,,1687031813
cancel,322,,,1687031813
newOrder,315,0,810,1687031836
newOrder,321,1,810,1687031836
cancel,315,,,1687032413
cancel,321,,,1687032413
newOrder,314,0,794,1687032438
newOrder,320,1,794,1687032438
newOrder,306,0,1717,1687032438
newOrder,333,1,1717,1687032438
cancel,306,,,1687033013
cancel,314,,,1687033013
cancel,320,,,1687033013
cancel,333,,,1687033013
newOrder,316,0,820,1687033036
newOrder,321,1,820,1687033036
cancel,316,,,1687033614
cancel,321,,,1687033614
newOrder,316,0,814,1687033638
newOrder,321,1,814,1687033638
cancel,316,,,1687034212
cancel,321,,,1687034212
newOrder,314,0,779,1687034235
newOrder,320,1,779,1687034235
cancel,314,,,1687034812
cancel,320,,,1687034812
newOrder,314,0,772,1687034837
newOrder,319,1,772,1687034837
cancel,314,,,1687035414
cancel,319,,,1687035414
newOrder,312,0,748,1687035437
newOrder,318,1,748,1687035437
newOrder,312,0,369,1687035437
cancel,312,,,1687036014
cancel,312,,,1687036014
cancel,318,,,1687036014
newOrder,313,0,750,1687036037
newOrder,318,1,750,1687036037
newOrder,313,0,140,1687036037
cancel,313,,,1687036612
cancel,313,,,1687036612
cancel,318,,,1687036612
newOrder,312,0,737,1687036636
newOrder,318,1,737,1687036636
cancel,312,,,1687037213
cancel,318,,,1687037213
newOrder,312,0,741,1687037238
newOrder,318,1,741,1687037238
cancel,312,,,1687037813
cancel,318,,,1687037813
newOrder,312,0,733,1687037841
newOrder,317,1,733,1687037841
newOrder,310,0,736,1687037841
newOrder,318,1,407,1687037841
cancel,310,,,1687038413
cancel,312,,,1687038413
cancel,317,,,1687038413
cancel,318,,,1687038413
newOrder,311,0,714,1687038437
newOrder,316,1,714,1687038437
cancel,311,,,1687039013
cancel,316,,,1687039013
newOrder,311,0,709,1687039038
newOrder,316,1,709,1687039038
cancel,311,,,1687039613
cancel,316,,,1687039613
newOrder,311,0,717,1687039637
newOrder,317,1,717,1687039637
cancel,311,,,1687040213
cancel,317,,,1687040213
newOrder,311,0,720,1687040238
newOrder,317,1,720,1687040238
newOrder,316,1,14,1687040238
cancel,311,,,1687040812
cancel,316,,,1687040812
cancel,317,,,1687040812
newOrder,312,0,734,1687040838
newOrder,318,1,734,1687040838
newOrder,317,1,65,1687040838
cancel,312,,,1687041413
cancel,317,,,1687041413
cancel,318,,,1687041413
newOrder,313,0,744,1687041436
newOrder,318,1,744,1687041436
cancel,313,,,1687042013
cancel,318,,,1687042013
newOrder,312,0,730,1687042036
newOrder,318,1,730,1687042036
newOrder,317,1,101,1687042036
cancel,312,,,1687042612
cancel,317,,,1687042612
cancel,318,,,1687042612
newOrder,312,0,725,1687042635
newOrder,317,1,725,1687042635
cancel,312,,,1687043213
cancel,317,,,1687043213
newOrder,312,0,728,1687043236
newOrder,318,1,728,1687043236
cancel,312,,,1687043813
cancel,318,,,1687043813
newOrder,311,0,713,1687043838
newOrder,317,1,713,1687043838
newOrder,308,0,1080,1687043838
newOrder,317,1,288,1687043838
cancel,308,,,1687044414
cancel,311,,,1687044414
cancel,317,,,1687044414
cancel,317,,,1687044414
newOrder,310,0,696,1687044437
newOrder,316,1,696,1687044437
cancel,310,,,1687045014
cancel,316,,,1687045014
newOrder,310,0,694,1687045040
newOrder,316,1,694,1687045040
cancel,310,,,1687045613
cancel,316,,,1687045613
newOrder,310,0,689,1687045636
newOrder,316,1,689,1687045636
cancel,310,,,1687046212
cancel,316,,,1687046212
newOrder,310,0,690,1687046239
newOrder,316,1,690,1687046239
newOrder,304,0,674,1687046239
newOrder,323,1,674,1687046239
cancel,304,,,1687046812
cancel,310,,,1687046812
cancel,316,,,1687046812
cancel,323,,,1687046812
newOrder,310,0,682,1687046838
newOrder,315,1,682,1687046838
newOrder,309,0,466,1687046838
cancel,309,,,1687047413
cancel,310,,,1687047413
cancel,315,,,1687047413
newOrder,309,0,656,1687047438
newOrder,314,1,656,1687047438
cancel,309,,,1687048013
cancel,314,,,1687048013
newOrder,307,0,623,1687048037
newOrder,312,1,623,1687048037
cancel,312,,,1687048309
newOrder,304,0,581,1687048317
newOrder,310,1,581,1687048317
newOrder,312,1,671,1687048317
cancel,304,,,1687048613
cancel,310,,,1687048613
cancel,312,,,1687048613
newOrder,306,0,616,1687048637
newOrder,312,1,616,1687048637
cancel,306,,,1687049213
cancel,312,,,1687049213
newOrder,306,0,610,1687049237
newOrder,312,1,610,1687049237
cancel,306,,,1687049813
cancel,312,,,1687049813
newOrder,305,0,596,1687049836
newOrder,311,1,596,1687049836
cancel,305,,,1687050413
cancel,311,,,1687050413
newOrder,306,0,605,1687050438
newOrder,311,1,605,1687050438
cancel,306,,,1687051013
cancel,311,,,1687051013
newOrder,306,0,611,1687051037
newOrder,312,1,611,1687051037
cancel,306,,,1687051613
cancel,312,,,1687051613
newOrder,307,0,627,1687051636
newOrder,313,1,627,1687051636
cancel,307,,,1687052213
cancel,313,,,1687052213
newOrder,307,0,620,1687052241
newOrder,312,1,620,1687052241
newOrder,312,1,120,1687052241
cancel,307,,,1687052812
cancel,312,,,1687052812
cancel,312,,,1687052812
newOrder,307,0,622,1687052837
newOrder,313,1,622,1687052837
cancel,307,,,1687053413
cancel,313,,,1687053413
newOrder,307,0,624,1687053436
newOrder,313,1,624,1687053436
cancel,307,,,1687054013
cancel,313,,,1687054013
newOrder,307,0,624,1687054037
newOrder,313,1,624,1687054037
newOrder,312,1,33,1687054037
cancel,307,,,1687054614
cancel,312,,,1687054614
cancel,313,,,1687054614
newOrder,307,0,623,1687054639
newOrder,313,1,623,1687054639
newOrder,312,1,35,1687054639
cancel,307,,,1687055213
cancel,312,,,1687055213
cancel,313,,,1687055213
newOrder,307,0,613,1687055235
newOrder,312,1,613,1687055235
cancel,307,,,1687055813
cancel,312,,,1687055813
newOrder,306,0,606,1687055836
newOrder,312,1,606,1687055836
cancel,306,,,1687056413
cancel,312,,,1687056413
newOrder,307,0,608,1687056437
newOrder,312,1,608,1687056437
cancel,307,,,1687057012
cancel,312,,,1687057012
newOrder,307,0,606,1687057036
newOrder,312,1,606,1687057036
cancel,307,,,1687057613
cancel,312,,,1687057613
newOrder,306,0,604,1687057639
newOrder,312,1,604,1687057639
cancel,306,,,1687058215
cancel,312,,,1687058215
newOrder,307,0,607,1687058238
newOrder,312,1,607,1687058238
cancel,307,,,1687058813
cancel,312,,,1687058813
newOrder,307,0,604,1687058839
newOrder,312,1,604,1687058839
cancel,307,,,1687059413
cancel,312,,,1687059413
newOrder,308,0,619,1687059436
newOrder,313,1,619,1687059436
cancel,308,,,1687060013
cancel,313,,,1687060013
newOrder,308,0,619,1687060038
newOrder,313,1,619,1687060038
newOrder,313,1,187,1687060038
cancel,308,,,1687060613
cancel,313,,,1687060613
cancel,313,,,1687060613
newOrder,308,0,623,1687060636
newOrder,313,1,623,1687060636
cancel,308,,,1687061213
cancel,313,,,1687061213
newOrder,308,0,619,1687061236
newOrder,313,1,619,1687061236
cancel,308,,,1687061813
cancel,313,,,1687061813
newOrder,307,0,605,1687061837
newOrder,312,1,605,1687061837
newOrder,312,1,111,1687061837
cancel,307,,,1687062416
cancel,312,,,1687062416
cancel,312,,,1687062416
newOrder,307,0,613,1687062443
newOrder,313,1,613,1687062443
cancel,307,,,1687063012
cancel,313,,,1687063012
newOrder,307,0,609,1687063036
newOrder,313,1,609,1687063036
cancel,307,,,1687063613
cancel,313,,,1687063613
newOrder,307,0,605,1687063636
newOrder,313,1,605,1687063636
cancel,307,,,1687064213
cancel,313,,,1687064213
newOrder,307,0,604,1687064236
newOrder,313,1,604,1687064236
cancel,307,,,1687064813
cancel,313,,,1687064813
newOrder,308,0,611,1687064836
newOrder,313,1,611,1687064836
cancel,308,,,1687065413
cancel,313,,,1687065413
newOrder,308,0,615,1687065436
newOrder,313,1,615,1687065436
newOrder,313,1,124,1687065436
cancel,308,,,1687066013
cancel,313,,,1687066013
cancel,313,,,1687066013
newOrder,310,0,644,1687066036
newOrder,315,1,644,1687066036
cancel,310,,,1687066615
cancel,315,,,1687066615
newOrder,310,0,650,1687066641
newOrder,316,1,650,1687066641
cancel,310,,,1687067213
cancel,316,,,1687067213
newOrder,310,0,647,1687067237
newOrder,315,1,647,1687067237
cancel,310,,,1687067813
cancel,315,,,1687067813
newOrder,309,0,629,1687067838
newOrder,314,1,629,1687067838
newOrder,316,1,572,1687067838
cancel,309,,,1687068412
cancel,314,,,1687068412
cancel,316,,,1687068412
newOrder,310,0,641,1687068436
newOrder,315,1,641,1687068436
cancel,310,,,1687069012
cancel,315,,,1687069012
newOrder,310,0,646,1687069037
newOrder,316,1,646,1687069037
cancel,310,,,1687069613
cancel,316,,,1687069613
newOrder,311,0,660,1687069635
newOrder,316,1,660,1687069635
cancel,311,,,1687070213
cancel,316,,,1687070213
newOrder,311,0,659,1687070235
newOrder,316,1,659,1687070235
cancel,311,,,1687070812
cancel,316,,,1687070812
newOrder,311,0,670,1687070836
newOrder,317,1,670,1687070836
cancel,311,,,1687071412
cancel,317,,,1687071412
newOrder,311,0,662,1687071437
newOrder,317,1,662,1687071437
newOrder,316,1,78,1687071437
cancel,311,,,1687072013
cancel,316,,,1687072013
cancel,317,,,1687072013
newOrder,312,0,676,1687072037
newOrder,317,1,676,1687072037
cancel,312,,,1687072613
cancel,317,,,1687072613
newOrder,312,0,682,1687072637
newOrder,318,1,682,1687072637
cancel,312,,,1687073213
cancel,318,,,1687073213
newOrder,312,0,668,1687073237
newOrder,317,1,668,1687073237
cancel,312,,,1687073813
cancel,317,,,1687073813
newOrder,311,0,663,1687073836
newOrder,317,1,663,1687073836
newOrder,312,0,86,1687073836
cancel,311,,,1687074414
cancel,312,,,1687074414
cancel,317,,,1687074414
newOrder,312,0,665,1687074438
newOrder,317,1,665,1687074438
cancel,312,,,1687075013
cancel,317,,,1687075013
newOrder,311,0,655,1687075037
newOrder,317,1,655,1687075037
cancel,311,,,1687075613
cancel,317,,,1687075613
newOrder,311,0,661,1687075636
newOrder,317,1,661,1687075636
cancel,311,,,1687076213
cancel,317,,,1687076213
newOrder,310,0,640,1687076237
newOrder,316,1,640,1687076237
cancel,310,,,1687076813
cancel,316,,,1687076813
newOrder,310,0,642,1687076837
newOrder,316,1,642,1687076837
newOrder,310,0,344,1687076837
newOrder,317,1,437,1687076837
cancel,310,,,1687077412
cancel,310,,,1687077412
cancel,316,,,1687077412
cancel,317,,,1687077412
newOrder,310,0,634,1687077438
newOrder,316,1,634,1687077438
newOrder,311,0,23,1687077438
cancel,310,,,1687078012
cancel,311,,,1687078012
cancel,316,,,1687078012
newOrder,310,0,623,1687078037
newOrder,315,1,623,1687078037
newOrder,277,0,2704,1687078037
newOrder,339,1,2704,1687078037
cancel,277,,,1687078596
cancel,315,,,1687078596
cancel,339,,,1687078596
newOrder,307,0,582,1687078604
newOrder,313,1,582,1687078604
cancel,307,,,1687078612
cancel,313,,,1687078612
newOrder,308,0,596,1687078636
newOrder,314,1,596,1687078636
newOrder,307,0,442,1687078636
cancel,307,,,1687079212
cancel,308,,,1687079212
cancel,314,,,1687079212
newOrder,307,0,580,1687079235
newOrder,313,1,580,1687079235
cancel,307,,,1687079813
cancel,313,,,1687079813
newOrder,307,0,580,1687079836
newOrder,313,1,580,1687079836
newOrder,308,0,57,1687079836
cancel,307,,,1687080413
cancel,308,,,1687080413
cancel,313,,,1687080413
newOrder,307,0,575,1687080439
newOrder,313,1,575,1687080439
newOrder,308,0,5,1687080439
cancel,307,,,1687081013
cancel,308,,,1687081013
cancel,313,,,1687081013
newOrder,307,0,579,1687081037
newOrder,313,1,579,1687081037
newOrder,308,0,70,1687081037
cancel,307,,,1687081613
cancel,308,,,1687081613
cancel,313,,,1687081613
newOrder,308,0,585,1687081637
newOrder,313,1,585,1687081637
newOrder,308,0,152,1687081637
cancel,308,,,1687082212
cancel,308,,,1687082212
cancel,313,,,1687082212
newOrder,306,0,562,1687082237
newOrder,312,1,562,1687082237
newOrder,306,0,284,1687082237
cancel,306,,,1687082812
cancel,306,,,1687082812
cancel,312,,,1687082812
newOrder,306,0,549,1687082837
newOrder,311,1,549,1687082837
newOrder,306,0,137,1687082837
cancel,306,,,1687083412
cancel,306,,,1687083412
cancel,311,,,1687083412
newOrder,305,0,537,1687083437
newOrder,311,1,537,1687083437
newOrder,306,0,8,1687083437
cancel,305,,,1687084013
cancel,306,,,1687084013
cancel,311,,,1687084013
newOrder,305,0,534,1687084035
newOrder,310,1,534,1687084035
cancel,305,,,1687084613
cancel,310,,,1687084613
newOrder,305,0,537,1687084637
newOrder,311,1,537,1687084637
cancel,305,,,1687085213
cancel,311,,,1687085213
newOrder,306,0,548,1687085235
newOrder,311,1,548,1687085235
cancel,306,,,1687085812
cancel,311,,,1687085812
newOrder,306,0,549,1687085836
newOrder,312,1,549,1687085836
cancel,306,,,1687086416
cancel,312,,,1687086416
newOrder,306,0,544,1687086457
newOrder,311,1,544,1687086457
newOrder,311,1,140,1687086457
cancel,306,,,1687087013
cancel,311,,,1687087013
cancel,311,,,1687087013
newOrder,306,0,547,1687087036
newOrder,312,1,547,1687087036
cancel,306,,,1687087613
cancel,312,,,1687087613
newOrder,306,0,544,1687087639
newOrder,311,1,544,1687087639
cancel,306,,,1687088213
cancel,311,,,1687088213
newOrder,306,0,542,1687088235
newOrder,311,1,542,1687088235
cancel,306,,,1687088813
cancel,311,,,1687088813
newOrder,306,0,550,1687088837
newOrder,312,1,550,1687088837
cancel,306,,,1687089413
cancel,312,,,1687089413
newOrder,306,0,549,1687089436
newOrder,312,1,549,1687089436
cancel,306,,,1687090012
cancel,312,,,1687090012