instruction,price,side,qty,time
cancel,447,,,1684239141
cancel,807,,,1684239141
newOrder,446,0,26,1684239172
newOrder,807,1,26,1684239172
cancel,446,,,1684239743
cancel,807,,,1684239743
newOrder,447,0,26,1684239773
newOrder,807,1,26,1684239773
cancel,447,,,1684240340
cancel,807,,,1684240340
newOrder,446,0,26,1684240373
newOrder,807,1,26,1684240373
cancel,446,,,1684240941
cancel,807,,,1684240941
newOrder,447,0,26,1684240973
newOrder,807,1,26,1684240973
cancel,447,,,1684241541
cancel,807,,,1684241541
newOrder,447,0,27,1684241575
newOrder,807,1,27,1684241575
cancel,447,,,1684242141
cancel,807,,,1684242141
newOrder,447,0,26,1684242172
newOrder,807,1,26,1684242172
cancel,447,,,1684242741
cancel,807,,,1684242741
newOrder,446,0,26,1684242775
newOrder,807,1,26,1684242775
cancel,446,,,1684243341
cancel,807,,,1684243341
newOrder,446,0,26,1684243372
newOrder,807,1,26,1684243372
cancel,446,,,1684243942
cancel,807,,,1684243942
newOrder,447,0,26,1684243975
newOrder,807,1,26,1684243975
cancel,447,,,1684244543
cancel,807,,,1684244543
newOrder,446,0,26,1684244574
newOrder,807,1,26,1684244574
cancel,446,,,1684245140
cancel,807,,,1684245140
newOrder,446,0,26,1684245171
newOrder,807,1,26,1684245171
cancel,446,,,1684245740
cancel,807,,,1684245740
newOrder,448,0,26,1684245772
newOrder,807,1,26,1684245772
cancel,448,,,1684246341
cancel,807,,,1684246341
newOrder,448,0,26,1684246372
newOrder,807,1,26,1684246372
cancel,448,,,1684246940
cancel,807,,,1684246940
newOrder,448,0,27,1684246975
newOrder,807,1,27,1684246975
cancel,448,,,1684247541
cancel,807,,,1684247541
newOrder,447,0,26,1684247573
newOrder,807,1,26,1684247573
cancel,447,,,1684248141
cancel,807,,,1684248141
newOrder,447,0,26,1684248173
newOrder,807,1,26,1684248173
cancel,447,,,1684248741
cancel,807,,,1684248741
newOrder,446,0,26,1684248773
newOrder,807,1,26,1684248773
cancel,446,,,1684249341
cancel,807,,,1684249341
newOrder,446,0,26,1684249373
newOrder,807,1,26,1684249373
cancel,446,,,1684249940
cancel,807,,,1684249940
newOrder,447,0,26,1684249973
newOrder,807,1,26,1684249973
cancel,447,,,1684250541
cancel,807,,,1684250541
newOrder,446,0,26,1684250573
newOrder,807,1,26,1684250573
cancel,446,,,1684251141
cancel,807,,,1684251141
newOrder,445,0,25,1684251173
newOrder,807,1,25,1684251173
cancel,445,,,1684251740
cancel,807,,,1684251740
newOrder,444,0,25,1684251771
newOrder,807,1,25,1684251771
cancel,807,,,1684252093
newOrder,440,0,23,1684252099
newOrder,808,1,23,1684252099
cancel,440,,,1684252341
cancel,808,,,1684252341
newOrder,440,0,23,1684252374
newOrder,807,1,23,1684252374
cancel,440,,,1684252941
cancel,807,,,1684252941
newOrder,440,0,23,1684252972
newOrder,807,1,23,1684252972
cancel,807,,,1684253052
newOrder,436,0,22,1684253061
newOrder,808,1,22,1684253061
cancel,436,,,1684253540
cancel,808,,,1684253540
newOrder,432,0,21,1684253571
newOrder,807,1,21,1684253571
cancel,432,,,1684254140
cancel,807,,,1684254140
newOrder,431,0,20,1684254171
newOrder,807,1,20,1684254171
cancel,431,,,1684254743
cancel,807,,,1684254743
newOrder,429,0,20,1684254775
newOrder,807,1,20,1684254775
cancel,429,,,1684255341
cancel,807,,,1684255341
newOrder,431,0,20,1684255379
newOrder,807,1,20,1684255379
cancel,431,,,1684255940
cancel,807,,,1684255940
newOrder,431,0,20,1684255972
newOrder,807,1,20,1684255972
cancel,431,,,1684256540
cancel,807,,,1684256540
newOrder,432,0,21,1684256573
newOrder,807,1,21,1684256573
cancel,432,,,1684257141
cancel,807,,,1684257141
newOrder,430,0,20,1684257173
newOrder,807,1,20,1684257173
cancel,430,,,1684257741
cancel,807,,,1684257741
newOrder,430,0,20,1684257772
newOrder,807,1,20,1684257772
cancel,430,,,1684258341
cancel,807,,,1684258341
newOrder,430,0,20,1684258373
newOrder,807,1,20,1684258373
cancel,430,,,1684258940
cancel,807,,,1684258940
newOrder,429,0,19,1684258972
newOrder,807,1,19,1684258972
cancel,429,,,1684259541
cancel,807,,,1684259541
newOrder,428,0,19,1684259573
newOrder,807,1,19,1684259573
newOrder,347,0,68,1684259573
cancel,347,,,1684260140
cancel,428,,,1684260140
cancel,807,,,1684260140
newOrder,428,0,19,1684260172
newOrder,807,1,19,1684260172
newOrder,347,0,53,1684260172
cancel,347,,,1684260741
cancel,428,,,1684260741
cancel,807,,,1684260741
newOrder,428,0,19,1684260772
newOrder,807,1,19,1684260772
newOrder,347,0,13,1684260772
cancel,347,,,1684261340
cancel,428,,,1684261340
cancel,807,,,1684261340
newOrder,428,0,19,1684261373
newOrder,807,1,19,1684261373
newOrder,347,0,17,1684261373
cancel,347,,,1684261941
cancel,428,,,1684261941
cancel,807,,,1684261941
newOrder,427,0,19,1684261973
newOrder,807,1,19,1684261973
cancel,427,,,1684262540
cancel,807,,,1684262540
newOrder,427,0,19,1684262572
newOrder,807,1,19,1684262572
cancel,427,,,1684263140
cancel,807,,,1684263140
newOrder,427,0,19,1684263174
newOrder,807,1,19,1684263174
cancel,427,,,1684263741
cancel,807,,,1684263741
newOrder,428,0,19,1684263779
newOrder,807,1,19,1684263779
cancel,428,,,1684264340
cancel,807,,,1684264340
newOrder,428,0,19,1684264371
newOrder,807,1,19,1684264371
cancel,428,,,1684264941
cancel,807,,,1684264941
newOrder,428,0,19,1684264972
newOrder,807,1,19,1684264972
cancel,428,,,1684265540
cancel,807,,,1684265540
newOrder,427,0,19,1684265571
newOrder,807,1,19,1684265571
cancel,427,,,1684266141
cancel,807,,,1684266141
newOrder,427,0,19,1684266172
newOrder,807,1,19,1684266172
cancel,427,,,1684266741
cancel,807,,,1684266741
newOrder,427,0,19,1684266772
newOrder,807,1,19,1684266772
cancel,807,,,1684267095
newOrder,423,0,18,1684267101
newOrder,808,1,18,1684267101
cancel,423,,,1684267341
cancel,808,,,1684267341
newOrder,422,0,17,1684267371
newOrder,807,1,17,1684267371
cancel,422,,,1684267941
cancel,807,,,1684267941
newOrder,422,0,17,1684267973
newOrder,807,1,17,1684267973
newOrder,347,0,20,1684267973
cancel,347,,,1684268542
cancel,422,,,1684268542
cancel,807,,,1684268542
newOrder,421,0,17,1684268574
newOrder,807,1,17,1684268574
cancel,421,,,1684269141
cancel,807,,,1684269141
newOrder,420,0,17,1684269174
newOrder,807,1,17,1684269174
newOrder,347,0,82,1684269174
cancel,347,,,1684269741
cancel,420,,,1684269741
cancel,807,,,1684269741
newOrder,420,0,17,1684269773
newOrder,807,1,17,1684269773
newOrder,347,0,61,1684269773
cancel,347,,,1684270341
cancel,420,,,1684270341
cancel,807,,,1684270341
newOrder,420,0,17,1684270374
newOrder,807,1,17,1684270374
newOrder,347,0,44,1684270374
cancel,347,,,1684270942
cancel,420,,,1684270942
cancel,807,,,1684270942
newOrder,420,0,16,1684270974
newOrder,807,1,16,1684270974
newOrder,347,0,44,1684270974
cancel,347,,,1684271541
cancel,420,,,1684271541
cancel,807,,,1684271541
newOrder,419,0,16,1684271574
newOrder,807,1,16,1684271574
newOrder,347,0,40,1684271574
cancel,347,,,1684272140
cancel,419,,,1684272140
cancel,807,,,1684272140
newOrder,420,0,16,1684272175
newOrder,807,1,16,1684272175
newOrder,347,0,71,1684272175
cancel,347,,,1684272741
cancel,420,,,1684272741
cancel,807,,,1684272741
newOrder,420,0,16,1684272774
newOrder,807,1,16,1684272774
newOrder,347,0,87,1684272774
cancel,347,,,1684273341
cancel,420,,,1684273341
cancel,807,,,1684273341
newOrder,420,0,17,1684273372
newOrder,807,1,17,1684273372
newOrder,347,0,37,1684273372
cancel,347,,,1684273942
cancel,420,,,1684273942
cancel,807,,,1684273942
newOrder,423,0,17,1684273974
newOrder,807,1,17,1684273974
newOrder,347,0,90,1684273974
cancel,347,,,1684274540
cancel,423,,,1684274540
cancel,807,,,1684274540
newOrder,426,0,18,1684274573
newOrder,807,1,18,1684274573
newOrder,347,0,54,1684274573
cancel,347,,,1684275141
cancel,426,,,1684275141
cancel,807,,,1684275141
newOrder,430,0,19,1684275173
newOrder,807,1,19,1684275173
newOrder,347,0,69,1684275173
cancel,347,,,1684275740
cancel,430,,,1684275740
cancel,807,,,1684275740
newOrder,431,0,19,1684275776
newOrder,807,1,19,1684275776
newOrder,347,0,58,1684275776
cancel,347,,,1684276341
cancel,431,,,1684276341
cancel,807,,,1684276341
newOrder,431,0,19,1684276375
newOrder,807,1,19,1684276375
newOrder,347,0,100,1684276375
cancel,347,,,1684276940
cancel,431,,,1684276940
cancel,807,,,1684276940
newOrder,432,0,20,1684276975
newOrder,807,1,20,1684276975
newOrder,347,0,18,1684276975
cancel,347,,,1684277546
cancel,432,,,1684277546
cancel,807,,,1684277546
newOrder,432,0,20,1684277580
newOrder,807,1,20,1684277580
newOrder,347,0,31,1684277580
cancel,347,,,1684278140
cancel,432,,,1684278140
cancel,807,,,1684278140
newOrder,433,0,20,1684278171
newOrder,807,1,20,1684278171
newOrder,347,0,57,1684278171
cancel,347,,,1684278741
cancel,433,,,1684278741
cancel,807,,,1684278741
newOrder,433,0,20,1684278772
newOrder,807,1,20,1684278772
newOrder,347,0,45,1684278772
cancel,347,,,1684279340
cancel,433,,,1684279340
cancel,807,,,1684279340
newOrder,433,0,20,1684279371
newOrder,807,1,20,1684279371
newOrder,347,0,56,1684279371
cancel,347,,,1684279940
cancel,433,,,1684279940
cancel,807,,,1684279940
newOrder,433,0,20,1684279972
newOrder,807,1,20,1684279972
newOrder,347,0,75,1684279972
cancel,347,,,1684280541
cancel,433,,,1684280541
cancel,807,,,1684280541
newOrder,433,0,20,1684280573
newOrder,807,1,20,1684280573
newOrder,347,0,44,1684280573
cancel,347,,,1684281141
cancel,433,,,1684281141
cancel,807,,,1684281141
newOrder,432,0,20,1684281172
newOrder,807,1,20,1684281172
newOrder,347,0,96,1684281172
cancel,347,,,1684281740
cancel,432,,,1684281740
cancel,807,,,1684281740
newOrder,431,0,19,1684281772
newOrder,807,1,19,1684281772
newOrder,347,0,55,1684281772
cancel,347,,,1684282341
cancel,431,,,1684282341
cancel,807,,,1684282341
newOrder,432,0,19,1684282373
newOrder,807,1,19,1684282373
newOrder,347,0,92,1684282373
cancel,347,,,1684282940
cancel,432,,,1684282940
cancel,807,,,1684282940
newOrder,429,0,19,1684282970
newOrder,807,1,19,1684282970
cancel,429,,,1684283541
cancel,807,,,1684283541
newOrder,428,0,18,1684283573
newOrder,807,1,18,1684283573
cancel,428,,,1684284140
cancel,807,,,1684284140
newOrder,429,0,19,1684284173
newOrder,807,1,19,1684284173
cancel,429,,,1684284740
cancel,807,,,1684284740
newOrder,430,0,19,1684284771
newOrder,807,1,19,1684284771
cancel,430,,,1684285340
cancel,807,,,1684285340
newOrder,432,0,19,1684285373
newOrder,807,1,19,1684285373
cancel,432,,,1684285941
cancel,807,,,1684285941
newOrder,434,0,20,1684285975
newOrder,807,1,20,1684285975
cancel,434,,,1684286541
cancel,807,,,1684286541
newOrder,437,0,21,1684286574
newOrder,807,1,21,1684286574
cancel,437,,,1684287143
cancel,807,,,1684287143
newOrder,438,0,21,1684287173
newOrder,807,1,21,1684287173
cancel,438,,,1684287742
cancel,807,,,1684287742
newOrder,438,0,21,1684287775
newOrder,807,1,21,1684287775
cancel,438,,,1684288341
cancel,807,,,1684288341
newOrder,439,0,22,1684288372
newOrder,807,1,22,1684288372
cancel,439,,,1684288941
cancel,807,,,1684288941
newOrder,441,0,22,1684288971
newOrder,807,1,22,1684288971
cancel,441,,,1684289540
cancel,807,,,1684289540
newOrder,445,0,23,1684289571
newOrder,807,1,23,1684289571
cancel,445,,,1684290140
cancel,807,,,1684290140
newOrder,443,0,23,1684290171
newOrder,807,1,23,1684290171
cancel,443,,,1684290740
cancel,807,,,1684290740
newOrder,442,0,23,1684290772
newOrder,807,1,23,1684290772
cancel,442,,,1684291341
cancel,807,,,1684291341
newOrder,442,0,22,1684291371
newOrder,807,1,22,1684291371
cancel,442,,,1684291941
cancel,807,,,1684291941
newOrder,443,0,23,1684291972
newOrder,807,1,23,1684291972
cancel,443,,,1684292541
cancel,807,,,1684292541
newOrder,443,0,23,1684292571
newOrder,807,1,23,1684292571
cancel,443,,,1684293140
cancel,807,,,1684293140
newOrder,443,0,23,1684293172
newOrder,807,1,23,1684293172
cancel,443,,,1684293741
cancel,807,,,1684293741
newOrder,443,0,23,1684293773
newOrder,807,1,23,1684293773
cancel,443,,,1684294340
cancel,807,,,1684294340
newOrder,444,0,23,1684294372
newOrder,807,1,23,1684294372
cancel,444,,,1684294941
cancel,807,,,1684294941
newOrder,444,0,23,1684294971
newOrder,807,1,23,1684294971
cancel,444,,,1684295541
cancel,807,,,1684295541
newOrder,445,0,23,1684295574
newOrder,807,1,23,1684295574
cancel,445,,,1684296141
cancel,807,,,1684296141
newOrder,443,0,23,1684296172
newOrder,807,1,23,1684296172
cancel,443,,,1684296741
cancel,807,,,1684296741
newOrder,444,0,23,1684296773
newOrder,807,1,23,1684296773
cancel,444,,,1684297341
cancel,807,,,1684297341
newOrder,444,0,23,1684297372
newOrder,807,1,23,1684297372
cancel,444,,,1684297940
cancel,807,,,1684297940
newOrder,444,0,23,1684297971
newOrder,807,1,23,1684297971
cancel,444,,,1684298541
cancel,807,,,1684298541
newOrder,444,0,23,1684298572
newOrder,807,1,23,1684298572
cancel,807,,,1684299071
newOrder,440,0,21,1684299079
newOrder,808,1,21,1684299079
newOrder,348,0,47,1684299079
cancel,348,,,1684299140
cancel,440,,,1684299140
cancel,808,,,1684299140
newOrder,441,0,22,1684299173
newOrder,807,1,22,1684299173
newOrder,348,0,105,1684299173
cancel,348,,,1684299742
cancel,441,,,1684299742
cancel,807,,,1684299742
newOrder,441,0,22,1684299776
newOrder,807,1,22,1684299776
newOrder,348,0,88,1684299776
cancel,348,,,1684300341
cancel,441,,,1684300341
cancel,807,,,1684300341
newOrder,443,0,22,1684300371
newOrder,807,1,22,1684300371
newOrder,348,0,53,1684300371
cancel,348,,,1684300943
cancel,443,,,1684300943
cancel,807,,,1684300943
newOrder,444,0,23,1684300974
newOrder,807,1,23,1684300974
newOrder,348,0,112,1684300974
cancel,348,,,1684301541
cancel,444,,,1684301541
cancel,807,,,1684301541
newOrder,444,0,23,1684301573
newOrder,807,1,23,1684301573
newOrder,348,0,41,1684301573
cancel,348,,,1684302140
cancel,444,,,1684302140
cancel,807,,,1684302140
newOrder,441,0,21,1684302171
newOrder,807,1,21,1684302171
cancel,441,,,1684302740
cancel,807,,,1684302740
newOrder,441,0,21,1684302772
newOrder,807,1,21,1684302772
cancel,441,,,1684303341
cancel,807,,,1684303341
newOrder,439,0,21,1684303373
newOrder,807,1,21,1684303373
cancel,807,,,1684303565
newOrder,435,0,20,1684303572
newOrder,808,1,20,1684303572
cancel,435,,,1684303942
cancel,808,,,1684303942
newOrder,436,0,20,1684303971
newOrder,807,1,20,1684303971
cancel,436,,,1684304541
cancel,807,,,1684304541
newOrder,435,0,20,1684304572
newOrder,807,1,20,1684304572
newOrder,436,0,1,1684304572
cancel,435,,,1684305140
cancel,436,,,1684305140
cancel,807,,,1684305140
newOrder,436,0,20,1684305169
newOrder,807,1,20,1684305169
cancel,436,,,1684305740
cancel,807,,,1684305740
newOrder,436,0,20,1684305771
newOrder,807,1,20,1684305771
cancel,436,,,1684306340
cancel,807,,,1684306340
newOrder,436,0,20,1684306371
newOrder,807,1,20,1684306371
cancel,436,,,1684306940
cancel,807,,,1684306940
newOrder,436,0,20,1684306972
newOrder,807,1,20,1684306972
newOrder,436,0,5,1684306972
cancel,436,,,1684307540
cancel,436,,,1684307540
cancel,807,,,1684307540
newOrder,436,0,20,1684307572
newOrder,807,1,20,1684307572
cancel,436,,,1684308141
cancel,807,,,1684308141
newOrder,436,0,20,1684308171
newOrder,807,1,20,1684308171
cancel,436,,,1684308742
cancel,807,,,1684308742
newOrder,434,0,19,1684308773
newOrder,807,1,19,1684308773
cancel,434,,,1684309341
cancel,807,,,1684309341
newOrder,435,0,19,1684309372
newOrder,807,1,19,1684309372
cancel,807,,,1684309829
newOrder,431,0,18,1684309838
newOrder,808,1,18,1684309838
newOrder,429,0,15,1684309838
cancel,429,,,1684309940
cancel,431,,,1684309940
cancel,808,,,1684309940
newOrder,429,0,18,1684309971
newOrder,807,1,18,1684309971
cancel,429,,,1684310540
cancel,807,,,1684310540
newOrder,429,0,18,1684310571
newOrder,807,1,18,1684310571
cancel,429,,,1684311141
cancel,807,,,1684311141
newOrder,430,0,18,1684311174
newOrder,807,1,18,1684311174
cancel,430,,,1684311741
cancel,807,,,1684311741
newOrder,430,0,18,1684311772
newOrder,807,1,18,1684311772
cancel,430,,,1684312340
cancel,807,,,1684312340
newOrder,430,0,18,1684312370
newOrder,807,1,18,1684312370
cancel,430,,,1684312942
cancel,807,,,1684312942
newOrder,430,0,18,1684312974
newOrder,807,1,18,1684312974
cancel,430,,,1684313540
cancel,807,,,1684313540
newOrder,430,0,18,1684313571
newOrder,807,1,18,1684313571
cancel,430,,,1684314141
cancel,807,,,1684314141
newOrder,429,0,18,1684314172
newOrder,807,1,18,1684314172
cancel,429,,,1684314741
cancel,807,,,1684314741
newOrder,430,0,18,1684314773
newOrder,807,1,18,1684314773
cancel,430,,,1684315340
cancel,807,,,1684315340
newOrder,431,0,18,1684315371
newOrder,807,1,18,1684315371
cancel,431,,,1684315940
cancel,807,,,1684315940
newOrder,433,0,18,1684315971
newOrder,807,1,18,1684315971
cancel,433,,,1684316541
cancel,807,,,1684316541
newOrder,433,0,18,1684316572
newOrder,807,1,18,1684316572
cancel,433,,,1684317141
cancel,807,,,1684317141
newOrder,432,0,18,1684317172
newOrder,807,1,18,1684317172
cancel,432,,,1684317741
cancel,807,,,1684317741
newOrder,433,0,18,1684317772
newOrder,807,1,18,1684317772
cancel,433,,,1684318341
cancel,807,,,1684318341
newOrder,431,0,18,1684318371
newOrder,807,1,18,1684318371
cancel,431,,,1684318940
cancel,807,,,1684318940
newOrder,432,0,18,1684318971
newOrder,807,1,18,1684318971
cancel,432,,,1684319541
cancel,807,,,1684319541
newOrder,431,0,18,1684319571
newOrder,807,1,18,1684319571
cancel,431,,,1684320140
cancel,807,,,1684320140
newOrder,430,0,18,1684320171
newOrder,807,1,18,1684320171
cancel,430,,,1684320741
cancel,807,,,1684320741
newOrder,430,0,18,1684320774
newOrder,807,1,18,1684320774
cancel,430,,,1684321340
cancel,807,,,1684321340
newOrder,430,0,17,1684321371
newOrder,807,1,17,1684321371
cancel,430,,,1684321940
cancel,807,,,1684321940
newOrder,430,0,18,1684321973
newOrder,807,1,18,1684321973
cancel,430,,,1684322542
cancel,807,,,1684322542
newOrder,428,0,17,1684322574
newOrder,807,1,17,1684322574
cancel,428,,,1684323141
cancel,807,,,1684323141
newOrder,428,0,17,1684323174
newOrder,807,1,17,1684323174
cancel,807,,,1684323336
newOrder,424,0,16,1684323347
newOrder,808,1,16,1684323347
newOrder,349,0,31,1684323347
cancel,349,,,1684323741
cancel,424,,,1684323741
cancel,808,,,1684323741
newOrder,422,0,15,1684323775
newOrder,807,1,15,1684323775
newOrder,349,0,15,1684323775
cancel,349,,,1684324344
cancel,422,,,1684324344
cancel,807,,,1684324344
newOrder,421,0,15,1684324378
newOrder,807,1,15,1684324378
newOrder,349,0,22,1684324378
cancel,349,,,1684324941
cancel,421,,,1684324941
cancel,807,,,1684324941
newOrder,421,0,15,1684324973
newOrder,807,1,15,1684324973
newOrder,349,0,65,1684324973