instruction,price,side,qty,time
cancel,551,,,1681992584
cancel,758,,,1681992584
cancel,771,,,1681992584
cancel,1049,,,1681992584
newOrder,759,0,3150,1681992618
newOrder,772,1,3150,1681992618
cancel,759,,,1681993184
cancel,772,,,1681993184
newOrder,757,0,3187,1681993219
newOrder,770,1,3187,1681993219
newOrder,757,0,329,1681993219
newOrder,770,1,306,1681993219
cancel,757,,,1681993565
cancel,757,,,1681993565
newOrder,762,0,3058,1681993571
newOrder,778,1,3058,1681993571
cancel,762,,,1681993785
cancel,778,,,1681993785
newOrder,763,0,3068,1681993816
newOrder,776,1,3068,1681993816
cancel,763,,,1681993945
newOrder,768,0,2941,1681993950
newOrder,784,1,2941,1681993950
cancel,768,,,1681994384
cancel,784,,,1681994384
newOrder,764,0,3033,1681994417
newOrder,778,1,3033,1681994417
newOrder,541,0,16337,1681994417
newOrder,1089,1,16337,1681994417
cancel,541,,,1681994672
cancel,778,,,1681994672
cancel,1089,,,1681994672
newOrder,756,0,3178,1681994685
newOrder,772,1,3178,1681994685
newOrder,754,0,1944,1681994685
newOrder,1080,1,14008,1681994685
cancel,754,,,1681994987
cancel,756,,,1681994987
cancel,772,,,1681994987
cancel,1080,,,1681994987
newOrder,761,0,3093,1681995021
newOrder,775,1,3093,1681995021
newOrder,1049,1,11574,1681995021
cancel,761,,,1681995583
cancel,775,,,1681995583
cancel,1049,,,1681995583
newOrder,763,0,3065,1681995669
newOrder,777,1,3065,1681995669
newOrder,541,0,15246,1681995669
newOrder,1087,1,15246,1681995669
cancel,541,,,1681995988
cancel,777,,,1681995988
cancel,1087,,,1681995988
newOrder,756,0,3198,1681995993
newOrder,770,1,3198,1681995993
cancel,756,,,1681996183
cancel,770,,,1681996183
newOrder,757,0,3178,1681996215
newOrder,771,1,3178,1681996215
cancel,757,,,1681996784
cancel,771,,,1681996784
newOrder,757,0,3178,1681996816
newOrder,771,1,3178,1681996816
cancel,757,,,1681997384
cancel,771,,,1681997384
newOrder,755,0,3217,1681997416
newOrder,769,1,3217,1681997416
cancel,755,,,1681997984
cancel,769,,,1681997984
newOrder,748,0,3372,1681998017
newOrder,761,1,3372,1681998017
cancel,748,,,1681998584
cancel,761,,,1681998584
newOrder,746,0,3414,1681998617
newOrder,759,1,3414,1681998617
cancel,746,,,1681999184
cancel,759,,,1681999184
newOrder,748,0,3367,1681999219
newOrder,761,1,3367,1681999219
newOrder,761,1,261,1681999219
cancel,748,,,1681999784
cancel,761,,,1681999784
cancel,761,,,1681999784
newOrder,745,0,3428,1681999818
newOrder,758,1,3428,1681999818
newOrder,760,1,1278,1681999818
cancel,745,,,1682000384
cancel,758,,,1682000384
cancel,760,,,1682000384
newOrder,745,0,3437,1682000416
newOrder,758,1,3437,1682000416
cancel,745,,,1682000614
cancel,758,,,1682000614
newOrder,738,0,3571,1682000622
newOrder,752,1,3571,1682000622
newOrder,551,0,5008,1682000622
newOrder,1049,1,5008,1682000622
cancel,551,,,1682000984
cancel,738,,,1682000984
cancel,752,,,1682000984
cancel,1049,,,1682000984
newOrder,737,0,3597,1682001016
newOrder,750,1,3597,1682001016
cancel,737,,,1682001588
cancel,750,,,1682001588
newOrder,731,0,3728,1682001622
newOrder,744,1,3728,1682001622
cancel,731,,,1682002184
cancel,744,,,1682002184
newOrder,728,0,3791,1682002218
newOrder,741,1,3791,1682002218
cancel,728,,,1682002784
cancel,741,,,1682002784
newOrder,727,0,3825,1682002816
newOrder,740,1,3825,1682002816
newOrder,740,1,730,1682002816
cancel,740,,,1682003382
cancel,740,,,1682003382
cancel,740,,,1682003386
cancel,740,,,1682003386
newOrder,720,0,3960,1682003398
newOrder,734,1,3960,1682003398
newOrder,541,0,18777,1682003398
newOrder,736,1,2138,1682003398
newOrder,721,0,3955,1682003420
newOrder,734,1,3955,1682003420
newOrder,551,0,10153,1682003420
newOrder,740,1,4434,1682003420
cancel,541,,,1682003585
cancel,551,,,1682003585
cancel,720,,,1682003585
cancel,721,,,1682003585
cancel,736,,,1682003585
cancel,740,,,1682003585
newOrder,727,0,3808,1682003593
newOrder,741,1,3808,1682003593
newOrder,541,0,16758,1682003593
newOrder,742,1,1419,1682003593
cancel,541,,,1682003984
cancel,727,,,1682003984
cancel,741,,,1682003984
cancel,742,,,1682003984
newOrder,733,0,3691,1682004017
newOrder,746,1,3691,1682004017
newOrder,541,0,19199,1682004017
cancel,541,,,1682004584
cancel,733,,,1682004584
cancel,746,,,1682004584
newOrder,736,0,3634,1682004617
newOrder,749,1,3634,1682004617
newOrder,551,0,7676,1682004617
cancel,551,,,1682005187
cancel,736,,,1682005187
cancel,749,,,1682005187
newOrder,730,0,3757,1682005221
newOrder,743,1,3757,1682005221
cancel,730,,,1682005784
cancel,743,,,1682005784
newOrder,730,0,3746,1682005815
newOrder,744,1,3746,1682005815
cancel,730,,,1682006385
cancel,744,,,1682006385
newOrder,728,0,3802,1682006418
newOrder,741,1,3802,1682006418
newOrder,725,0,2227,1682006418
cancel,725,,,1682006656
cancel,741,,,1682006656
newOrder,721,0,3941,1682006665
newOrder,735,1,3941,1682006665
newOrder,541,0,16628,1682006665
newOrder,1029,1,16628,1682006665
cancel,541,,,1682006847
cancel,735,,,1682006847
cancel,1029,,,1682006847
newOrder,713,0,4095,1682006855
newOrder,729,1,4095,1682006855
newOrder,709,0,4170,1682006855
cancel,709,,,1682006983
cancel,713,,,1682006983
cancel,729,,,1682006983
newOrder,717,0,4032,1682007016
newOrder,730,1,4032,1682007016
cancel,730,,,1682007188
newOrder,710,0,4183,1682007198
newOrder,724,1,4183,1682007198
newOrder,705,0,4307,1682007198
cancel,705,,,1682007585
cancel,710,,,1682007585
cancel,724,,,1682007585
newOrder,714,0,4111,1682007624
newOrder,727,1,4111,1682007624
newOrder,727,1,806,1682007624
cancel,714,,,1682008038
cancel,727,,,1682008038
newOrder,720,0,3965,1682008043
newOrder,734,1,3965,1682008043
newOrder,740,1,2545,1682008043
cancel,720,,,1682008184
cancel,734,,,1682008184
cancel,740,,,1682008184
newOrder,719,0,4003,1682008216
newOrder,732,1,4003,1682008216
newOrder,732,1,778,1682008216
cancel,719,,,1682008411
newOrder,725,0,3856,1682008418
newOrder,739,1,3856,1682008418
cancel,739,,,1682008620
newOrder,717,0,4009,1682008626
newOrder,733,1,4009,1682008626
cancel,717,,,1682008783
cancel,733,,,1682008783
newOrder,718,0,4027,1682008815
newOrder,731,1,4027,1682008815
cancel,718,,,1682009384
cancel,731,,,1682009384
newOrder,716,0,4058,1682009417
newOrder,729,1,4058,1682009417
newOrder,716,0,841,1682009417
cancel,716,,,1682009984
cancel,716,,,1682009984
cancel,729,,,1682009984
newOrder,713,0,4144,1682010013
newOrder,725,1,4144,1682010013
cancel,725,,,1682010352
newOrder,706,0,4275,1682010359
newOrder,720,1,4275,1682010359
newOrder,705,0,1766,1682010359
cancel,705,,,1682010535
cancel,720,,,1682010535
newOrder,698,0,4429,1682010543
newOrder,714,1,4429,1682010543
newOrder,693,0,5403,1682010543
cancel,693,,,1682010585
cancel,698,,,1682010585
cancel,714,,,1682010585
cancel,720,,,1682010585
newOrder,692,0,4595,1682010623
newOrder,705,1,4595,1682010623
newOrder,706,1,1756,1682010623
cancel,705,,,1682011084
cancel,706,,,1682011084
newOrder,685,0,4734,1682011090
newOrder,699,1,4734,1682011090
newOrder,686,0,627,1682011090
cancel,685,,,1682011184
cancel,686,,,1682011184
cancel,699,,,1682011184
newOrder,683,0,4797,1682011216
newOrder,695,1,4797,1682011216
cancel,683,,,1682011338
cancel,695,,,1682011338
newOrder,676,0,4924,1682011347
newOrder,690,1,4924,1682011347
newOrder,541,0,20948,1682011347
newOrder,966,1,20948,1682011347
cancel,541,,,1682011783
cancel,676,,,1682011783
cancel,690,,,1682011783
cancel,966,,,1682011783
newOrder,679,0,4883,1682011817
newOrder,691,1,4883,1682011817
newOrder,968,1,21469,1682011817
cancel,679,,,1682012384
cancel,691,,,1682012384
cancel,968,,,1682012384
newOrder,676,0,4942,1682012418
newOrder,688,1,4942,1682012418
newOrder,829,1,11664,1682012418
cancel,676,,,1682012876
cancel,829,,,1682012876
newOrder,681,0,4823,1682012882
newOrder,695,1,4823,1682012882
newOrder,695,1,1455,1682012882
cancel,681,,,1682012983
cancel,695,,,1682012983
cancel,695,,,1682012983
newOrder,681,0,4839,1682013016
newOrder,693,1,4839,1682013016
cancel,681,,,1682013584
cancel,693,,,1682013584
newOrder,680,0,4874,1682013624
newOrder,692,1,4874,1682013624
newOrder,694,1,2551,1682013624
cancel,692,,,1682014015
cancel,694,,,1682014015
newOrder,673,0,4993,1682014021
newOrder,687,1,4993,1682014021
cancel,673,,,1682014184
cancel,687,,,1682014184
newOrder,678,0,4914,1682014218
newOrder,690,1,4914,1682014218
newOrder,693,1,3274,1682014218
cancel,678,,,1682014335
newOrder,683,0,4784,1682014341
newOrder,697,1,4784,1682014341
newOrder,704,1,6858,1682014341
cancel,683,,,1682014367
cancel,704,,,1682014367
newOrder,690,0,4633,1682014375
newOrder,704,1,4633,1682014375
newOrder,715,1,9504,1682014375
cancel,690,,,1682014784
cancel,704,,,1682014784
cancel,715,,,1682014784
newOrder,690,0,4648,1682014816
newOrder,703,1,4648,1682014816
cancel,703,,,1682015243
newOrder,683,0,4786,1682015256
newOrder,697,1,4786,1682015256
newOrder,680,0,3755,1682015256
cancel,680,,,1682015387
cancel,683,,,1682015387
cancel,697,,,1682015387
newOrder,678,0,4913,1682015420
newOrder,690,1,4913,1682015420
newOrder,677,0,1550,1682015420
cancel,677,,,1682015984
cancel,678,,,1682015984
cancel,690,,,1682015984
newOrder,677,0,4940,1682016018
newOrder,689,1,4940,1682016018
newOrder,689,1,878,1682016018
cancel,677,,,1682016394
newOrder,682,0,4810,1682016402
newOrder,696,1,4810,1682016402
newOrder,704,1,7694,1682016402
cancel,682,,,1682016584
cancel,696,,,1682016584
cancel,704,,,1682016584
newOrder,683,0,4808,1682016617
newOrder,695,1,4808,1682016617
newOrder,541,0,12966,1682016617
newOrder,696,1,1351,1682016617
cancel,541,,,1682017168
cancel,683,,,1682017168
cancel,695,,,1682017168
cancel,696,,,1682017168
newOrder,688,0,4682,1682017227
newOrder,702,1,4682,1682017227
newOrder,542,0,21014,1682017227
newOrder,919,1,21014,1682017227
newOrder,689,0,4673,1682017231
newOrder,702,1,4673,1682017231
newOrder,551,0,11801,1682017231
newOrder,919,1,11801,1682017231
cancel,541,,,1682017784
cancel,542,,,1682017784
cancel,551,,,1682017784
cancel,683,,,1682017784
cancel,688,,,1682017784
cancel,689,,,1682017784
cancel,702,,,1682017784
cancel,702,,,1682017784
cancel,919,,,1682017784
cancel,919,,,1682017784
newOrder,689,0,4683,1682017817
newOrder,701,1,4683,1682017817
cancel,689,,,1682018383
cancel,701,,,1682018383
newOrder,684,0,4793,1682018432
newOrder,696,1,4793,1682018432
newOrder,684,0,658,1682018432
cancel,696,,,1682018640
newOrder,677,0,4922,1682018648
newOrder,691,1,4922,1682018648
newOrder,678,0,717,1682018648
cancel,677,,,1682018987
cancel,678,,,1682018987
cancel,691,,,1682018987
newOrder,678,0,4910,1682019020
newOrder,691,1,4910,1682019020
cancel,678,,,1682019583
cancel,691,,,1682019583
newOrder,679,0,4892,1682019617
newOrder,692,1,4892,1682019617
newOrder,692,1,1057,1682019617
cancel,679,,,1682019845
cancel,692,,,1682019845
newOrder,685,0,4753,1682019852
newOrder,699,1,4753,1682019852
newOrder,698,1,629,1682019852
cancel,685,,,1682020184
cancel,698,,,1682020184
cancel,699,,,1682020184
newOrder,687,0,4739,1682020216
newOrder,699,1,4739,1682020216
newOrder,699,1,855,1682020216
cancel,687,,,1682020551
newOrder,692,0,4602,1682020556
newOrder,706,1,4602,1682020556
cancel,692,,,1682020784
cancel,706,,,1682020784
newOrder,687,0,4723,1682020816
newOrder,700,1,4723,1682020816
newOrder,687,0,985,1682020816
cancel,687,,,1682021384
cancel,687,,,1682021384
cancel,700,,,1682021384
newOrder,688,0,4701,1682021416
newOrder,701,1,4701,1682021416
cancel,688,,,1682021983
cancel,701,,,1682021983
newOrder,692,0,4616,1682022017
newOrder,705,1,4616,1682022017
newOrder,541,0,17482,1682022017
cancel,541,,,1682022537
cancel,692,,,1682022537
newOrder,698,0,4472,1682022544
newOrder,712,1,4472,1682022544
newOrder,541,0,17266,1682022544
newOrder,715,1,3339,1682022544
cancel,541,,,1682022583
cancel,698,,,1682022583
cancel,712,,,1682022583
cancel,715,,,1682022583
newOrder,703,0,4381,1682022617
newOrder,715,1,4381,1682022617
newOrder,541,0,18630,1682022617
newOrder,717,1,1778,1682022617
cancel,541,,,1682023184
cancel,703,,,1682023184
cancel,715,,,1682023184
cancel,717,,,1682023184
newOrder,709,0,4243,1682023216
newOrder,722,1,4243,1682023216
newOrder,551,0,4741,1682023216
cancel,551,,,1682023783
cancel,709,,,1682023783
cancel,722,,,1682023783
newOrder,711,0,4189,1682023816
newOrder,724,1,4189,1682023816
newOrder,551,0,4285,1682023816
cancel,551,,,1682024384
cancel,711,,,1682024384
cancel,724,,,1682024384
newOrder,710,0,4226,1682024419
newOrder,723,1,4226,1682024419
cancel,710,,,1682024984
cancel,723,,,1682024984
newOrder,708,0,4256,1682025015
newOrder,721,1,4256,1682025015
cancel,708,,,1682025584
cancel,721,,,1682025584
newOrder,712,0,4187,1682025614
newOrder,724,1,4187,1682025614
cancel,712,,,1682026184
cancel,724,,,1682026184
newOrder,710,0,4222,1682026216
newOrder,723,1,4222,1682026216
cancel,710,,,1682026784
cancel,723,,,1682026784
newOrder,712,0,4183,1682026816
newOrder,725,1,4183,1682026816
newOrder,541,0,14085,1682026816
newOrder,816,1,14085,1682026816
cancel,541,,,1682027384
cancel,712,,,1682027384
cancel,725,,,1682027384
cancel,816,,,1682027384
newOrder,712,0,4185,1682027416
newOrder,724,1,4185,1682027416
cancel,712,,,1682027695
newOrder,717,0,4052,1682027701
newOrder,731,1,4052,1682027701
newOrder,717,0,960,1682027701
cancel,717,,,1682027983
cancel,717,,,1682027983
cancel,731,,,1682027983
newOrder,717,0,4055,1682028016
newOrder,730,1,4055,1682028016
newOrder,717,0,889,1682028016
cancel,717,,,1682028584
cancel,717,,,1682028584
cancel,730,,,1682028584
newOrder,718,0,4046,1682028620
newOrder,731,1,4046,1682028620
newOrder,730,1,134,1682028620
cancel,718,,,1682029184
cancel,730,,,1682029184
cancel,731,,,1682029184
newOrder,717,0,4067,1682029216
newOrder,730,1,4067,1682029216
cancel,717,,,1682029784
cancel,730,,,1682029784
newOrder,712,0,4172,1682029816
newOrder,725,1,4172,1682029816
cancel,712,,,1682030384
cancel,725,,,1682030384
newOrder,713,0,4155,1682030416
newOrder,726,1,4155,1682030416
cancel,713,,,1682030984
cancel,726,,,1682030984
newOrder,716,0,4099,1682031015
newOrder,729,1,4099,1682031015
cancel,716,,,1682031583
cancel,729,,,1682031583
newOrder,716,0,4085,1682031616
newOrder,729,1,4085,1682031616
newOrder,551,0,6989,1682031616
newOrder,816,1,6989,1682031616
cancel,551,,,1682032047
cancel,729,,,1682032047
cancel,816,,,1682032047
newOrder,709,0,4239,1682032052
newOrder,723,1,4239,1682032052
newOrder,707,0,2388,1682032052
cancel,707,,,1682032184
cancel,709,,,1682032184
cancel,723,,,1682032184
newOrder,711,0,4207,1682032216
newOrder,724,1,4207,1682032216
cancel,711,,,1682032784
cancel,724,,,1682032784
newOrder,709,0,4247,1682032815
newOrder,722,1,4247,1682032815
cancel,722,,,1682033194
newOrder,702,0,4400,1682033199
newOrder,716,1,4400,1682033199
cancel,702,,,1682033384
cancel,716,,,1682033384
newOrder,702,0,4423,1682033417
newOrder,714,1,4423,1682033417
cancel,702,,,1682033602
newOrder,707,0,4287,1682033607
newOrder,721,1,4287,1682033607
cancel,707,,,1682033983
cancel,721,,,1682033983
newOrder,707,0,4299,1682034015
newOrder,720,1,4299,1682034015
cancel,707,,,1682034584
cancel,720,,,1682034584
newOrder,707,0,4295,1682034616
newOrder,720,1,4295,1682034616
cancel,707,,,1682034918
newOrder,713,0,4151,1682034923
newOrder,727,1,4151,1682034923
cancel,713,,,1682035185
cancel,727,,,1682035185
newOrder,709,0,4249,1682035217
newOrder,722,1,4249,1682035217
cancel,709,,,1682035783
cancel,722,,,1682035783
newOrder,710,0,4237,1682035815
newOrder,723,1,4237,1682035815
cancel,710,,,1682036384
cancel,723,,,1682036384
newOrder,709,0,4256,1682036416
newOrder,722,1,4256,1682036416
cancel,709,,,1682036985
cancel,722,,,1682036985
newOrder,706,0,4330,1682037017
newOrder,719,1,4330,1682037017
cancel,706,,,1682037583
cancel,719,,,1682037583
newOrder,710,0,4238,1682037616
newOrder,723,1,4238,1682037616
cancel,710,,,1682038122
newOrder,716,0,4086,1682038130
newOrder,730,1,4086,1682038130
cancel,716,,,1682038184
cancel,730,,,1682038184
newOrder,718,0,4053,1682038216
newOrder,731,1,4053,1682038216
cancel,718,,,1682038784
cancel,731,,,1682038784
newOrder,719,0,4027,1682038816
newOrder,732,1,4027,1682038816
newOrder,541,0,18973,1682038816
newOrder,816,1,18973,1682038816
cancel,541,,,1682039383
cancel,719,,,1682039383
cancel,732,,,1682039383
cancel,816,,,1682039383
newOrder,714,0,4150,1682039418
newOrder,727,1,4150,1682039418
newOrder,541,0,11058,1682039418
newOrder,816,1,11058,1682039418
cancel,541,,,1682039984
cancel,714,,,1682039984
cancel,727,,,1682039984
cancel,816,,,1682039984
newOrder,714,0,4145,1682040016
newOrder,727,1,4145,1682040016
cancel,714,,,1682040584
cancel,727,,,1682040584
newOrder,716,0,4103,1682040615
newOrder,729,1,4103,1682040615
cancel,716,,,1682041184
cancel,729,,,1682041184
newOrder,714,0,4139,1682041216
newOrder,727,1,4139,1682041216
cancel,714,,,1682041784
cancel,727,,,1682041784
newOrder,712,0,4190,1682041817
newOrder,725,1,4190,1682041817
cancel,712,,,1682042383
cancel,725,,,1682042383
newOrder,712,0,4208,1682042415
newOrder,724,1,4208,1682042415
cancel,724,,,1682042441
newOrder,705,0,4346,1682042448
newOrder,719,1,4346,1682042448
newOrder,718,1,437,1682042448
cancel,705,,,1682042983
cancel,719,,,1682042983
newOrder,711,0,4218,1682043016
newOrder,724,1,4218,1682043016
cancel,711,,,1682043584
cancel,724,,,1682043584
newOrder,710,0,4245,1682043618
newOrder,723,1,4245,1682043618
cancel,710,,,1682044184
cancel,723,,,1682044184
newOrder,708,0,4283,1682044215
newOrder,721,1,4283,1682044215
cancel,708,,,1682044784
cancel,721,,,1682044784
newOrder,706,0,4337,1682044816
newOrder,719,1,4337,1682044816
cancel,706,,,1682045384
cancel,719,,,1682045384
newOrder,707,0,4325,1682045416
newOrder,719,1,4325,1682045416
cancel,707,,,1682045983
cancel,719,,,1682045983
newOrder,707,0,4321,1682046016
newOrder,720,1,4321,1682046016
newOrder,720,1,901,1682046016
cancel,707,,,1682046584
cancel,720,,,1682046584
cancel,720,,,1682046584
newOrder,707,0,4328,1682046615
newOrder,719,1,4328,1682046615
cancel,707,,,1682047183
cancel,719,,,1682047183
newOrder,707,0,4315,1682047215
newOrder,720,1,4315,1682047215
cancel,707,,,1682047784
cancel,720,,,1682047784
newOrder,707,0,4326,1682047817
newOrder,720,1,4326,1682047817
cancel,707,,,1682048384
cancel,720,,,1682048384
newOrder,709,0,4275,1682048415
newOrder,722,1,4275,1682048415
cancel,709,,,1682048983
cancel,722,,,1682048983
newOrder,711,0,4236,1682049016
newOrder,724,1,4236,1682049016
cancel,711,,,1682049584
cancel,724,,,1682049584
newOrder,710,0,4264,1682049616
newOrder,722,1,4264,1682049616
cancel,710,,,1682050183
cancel,722,,,1682050183
newOrder,710,0,4265,1682050217
newOrder,722,1,4265,1682050217
cancel,710,,,1682050704
cancel,722,,,1682050704
newOrder,715,0,4123,1682050713
newOrder,729,1,4123,1682050713
newOrder,713,0,2270,1682050713
newOrder,816,1,3594,1682050713
cancel,713,,,1682050784
cancel,715,,,1682050784
cancel,729,,,1682050784
cancel,816,,,1682050784
newOrder,713,0,4175,1682050816
newOrder,726,1,4175,1682050816
newOrder,816,1,18601,1682050816
cancel,713,,,1682051384
cancel,726,,,1682051384
cancel,816,,,1682051384
newOrder,713,0,4184,1682051416
newOrder,726,1,4184,1682051416
cancel,713,,,1682051984
cancel,726,,,1682051984
newOrder,711,0,4233,1682052014
newOrder,724,1,4233,1682052014
cancel,711,,,1682052584
cancel,724,,,1682052584
newOrder,710,0,4256,1682052616
newOrder,723,1,4256,1682052616
cancel,710,,,1682053184
cancel,723,,,1682053184
newOrder,710,0,4260,1682053215
newOrder,723,1,4260,1682053215
cancel,710,,,1682053784
cancel,723,,,1682053784
newOrder,708,0,4307,1682053816
newOrder,721,1,4307,1682053816
cancel,708,,,1682054383
cancel,721,,,1682054383
newOrder,708,0,4305,1682054416
newOrder,721,1,4305,1682054416
cancel,708,,,1682054495
newOrder,714,0,4151,1682054502
newOrder,728,1,4151,1682054502
newOrder,714,0,1005,1682054502
newOrder,899,1,6302,1682054502
cancel,714,,,1682054984
cancel,714,,,1682054984
cancel,728,,,1682054984
cancel,899,,,1682054984
newOrder,713,0,4192,1682055018
newOrder,726,1,4192,1682055018
newOrder,899,1,22182,1682055018
cancel,713,,,1682055585
cancel,726,,,1682055585
cancel,899,,,1682055585
newOrder,713,0,4201,1682055618
newOrder,725,1,4201,1682055618
cancel,713,,,1682056184
cancel,725,,,1682056184
newOrder,712,0,4210,1682056216
newOrder,725,1,4210,1682056216
cancel,712,,,1682056784
cancel,725,,,1682056784
newOrder,709,0,4284,1682056816
newOrder,722,1,4284,1682056816
cancel,709,,,1682057383
cancel,722,,,1682057383
newOrder,709,0,4289,1682057415
newOrder,722,1,4289,1682057415
cancel,709,,,1682057983
cancel,722,,,1682057983
newOrder,710,0,4259,1682058016
newOrder,723,1,4259,1682058016
cancel,710,,,1682058584
cancel,723,,,1682058584
newOrder,710,0,4266,1682058616
newOrder,723,1,4266,1682058616
cancel,710,,,1682059184
cancel,723,,,1682059184
newOrder,709,0,4301,1682059216
newOrder,721,1,4301,1682059216
cancel,709,,,1682059784
cancel,721,,,1682059784
newOrder,707,0,4348,1682059814
newOrder,719,1,4348,1682059814
cancel,719,,,1682060220
newOrder,700,0,4493,1682060226
newOrder,714,1,4493,1682060226
cancel,700,,,1682060388
cancel,714,,,1682060388
newOrder,701,0,4475,1682060420
newOrder,714,1,4475,1682060420
newOrder,702,0,306,1682060420
cancel,701,,,1682060984
cancel,702,,,1682060984
cancel,714,,,1682060984
newOrder,703,0,4436,1682061017
newOrder,716,1,4436,1682061017
newOrder,715,1,150,1682061017
cancel,703,,,1682061582
cancel,715,,,1682061582
cancel,716,,,1682061582
newOrder,706,0,4379,1682061615
newOrder,718,1,4379,1682061615
cancel,706,,,1682062184
cancel,718,,,1682062184
newOrder,704,0,4410,1682062215
newOrder,717,1,4410,1682062215
cancel,704,,,1682062784
cancel,717,,,1682062784
newOrder,706,0,4374,1682062816
newOrder,718,1,4374,1682062816
cancel,706,,,1682063386
cancel,718,,,1682063386
newOrder,708,0,4327,1682063420
newOrder,720,1,4327,1682063420
cancel,708,,,1682063453
newOrder,713,0,4186,1682063458
newOrder,727,1,4186,1682063458
cancel,713,,,1682063984
cancel,727,,,1682063984
newOrder,711,0,4241,1682064016
newOrder,724,1,4241,1682064016
cancel,711,,,1682064461
newOrder,717,0,4091,1682064468
newOrder,731,1,4091,1682064468
cancel,717,,,1682064583
cancel,731,,,1682064583
newOrder,718,0,4068,1682064615
newOrder,731,1,4068,1682064615
cancel,718,,,1682065184
cancel,731,,,1682065184
newOrder,714,0,4172,1682065218
newOrder,727,1,4172,1682065218
newOrder,541,0,22183,1682065218
newOrder,899,1,22183,1682065218
cancel,541,,,1682065783
cancel,714,,,1682065783
cancel,727,,,1682065783
cancel,899,,,1682065783
newOrder,714,0,4189,1682065816
newOrder,726,1,4189,1682065816
cancel,714,,,1682066383
cancel,726,,,1682066383
newOrder,713,0,4204,1682066416
newOrder,726,1,4204,1682066416
cancel,713,,,1682066983
cancel,726,,,1682066983
newOrder,712,0,4225,1682067018
newOrder,725,1,4225,1682067018
newOrder,541,0,12839,1682067018
newOrder,899,1,12839,1682067018
cancel,541,,,1682067584
cancel,712,,,1682067584
cancel,725,,,1682067584
cancel,899,,,1682067584
newOrder,711,0,4243,1682067616
newOrder,724,1,4243,1682067616
cancel,711,,,1682068184
cancel,724,,,1682068184
newOrder,713,0,4217,1682068216
newOrder,725,1,4217,1682068216
cancel,713,,,1682068784
cancel,725,,,1682068784
newOrder,713,0,4209,1682068816
newOrder,726,1,4209,1682068816
cancel,713,,,1682069384
cancel,726,,,1682069384
newOrder,712,0,4220,1682069415
newOrder,725,1,4220,1682069415
cancel,712,,,1682069984
cancel,725,,,1682069984
newOrder,713,0,4195,1682070016
newOrder,726,1,4195,1682070016
cancel,713,,,1682070355
newOrder,719,0,4048,1682070361
newOrder,733,1,4048,1682070361
cancel,719,,,1682070584
cancel,733,,,1682070584
newOrder,718,0,4095,1682070616
newOrder,731,1,4095,1682070616
cancel,718,,,1682071184
cancel,731,,,1682071184
newOrder,715,0,4157,1682071216
newOrder,728,1,4157,1682071216
cancel,715,,,1682071784
cancel,728,,,1682071784
newOrder,715,0,4154,1682071816
newOrder,728,1,4154,1682071816
cancel,715,,,1682072383
cancel,728,,,1682072383
newOrder,713,0,4201,1682072416
newOrder,726,1,4201,1682072416
cancel,713,,,1682072981
cancel,726,,,1682072981
newOrder,711,0,4258,1682073020
newOrder,724,1,4258,1682073020
cancel,711,,,1682073585
cancel,724,,,1682073585
newOrder,708,0,4335,1682073618
newOrder,721,1,4335,1682073618
cancel,708,,,1682074183
cancel,721,,,1682074183
newOrder,709,0,4302,1682074214
newOrder,722,1,4302,1682074214
cancel,709,,,1682074783
cancel,722,,,1682074783
newOrder,708,0,4328,1682074816
newOrder,721,1,4328,1682074816
cancel,708,,,1682075383
cancel,721,,,1682075383
newOrder,708,0,4337,1682075416
newOrder,721,1,4337,1682075416
cancel,708,,,1682075984
cancel,721,,,1682075984
newOrder,711,0,4261,1682076020
newOrder,724,1,4261,1682076020
cancel,711,,,1682076471
newOrder,717,0,4103,1682076476
newOrder,731,1,4103,1682076476
cancel,717,,,1682076584
cancel,731,,,1682076584
newOrder,716,0,4149,1682076614
newOrder,729,1,4149,1682076614
cancel,716,,,1682077184
cancel,729,,,1682077184
newOrder,717,0,4121,1682077217
newOrder,730,1,4121,1682077217
cancel,717,,,1682077784
cancel,730,,,1682077784
newOrder,715,0,4161,1682077815
newOrder,728,1,4161,1682077815
cancel,715,,,1682078383
cancel,728,,,1682078383
newOrder,715,0,4160,1682078416
newOrder,728,1,4160,1682078416