instruction,price,side,qty,time
cancel,10724,,,1687004216
cancel,17873,,,1687004216
cancel,18075,,,1687004216
cancel,24999,,,1687004216
newOrder,17871,0,11006,1687004240
newOrder,18075,1,11006,1687004240
newOrder,10722,0,41765,1687004240
newOrder,24999,1,41765,1687004240
cancel,10722,,,1687004815
cancel,17871,,,1687004815
cancel,18075,,,1687004815
cancel,24999,,,1687004815
newOrder,17871,0,11007,1687004838
newOrder,18075,1,11007,1687004838
newOrder,10723,0,29903,1687004838
newOrder,24957,1,29903,1687004838
cancel,10723,,,1687005415
cancel,17871,,,1687005415
cancel,18075,,,1687005415
cancel,24957,,,1687005415
newOrder,17871,0,11009,1687005438
newOrder,18075,1,11009,1687005438
newOrder,15217,0,10388,1687005438
newOrder,19999,1,10388,1687005438
cancel,15217,,,1687006015
cancel,17871,,,1687006015
cancel,18075,,,1687006015
cancel,19999,,,1687006015
newOrder,17870,0,11011,1687006040
newOrder,18075,1,11011,1687006040
newOrder,15217,0,10291,1687006040
newOrder,19999,1,10291,1687006040
cancel,15217,,,1687006615
cancel,17870,,,1687006615
cancel,18075,,,1687006615
cancel,19999,,,1687006615
newOrder,17872,0,11012,1687006638
newOrder,18075,1,11012,1687006638
newOrder,12204,0,16504,1687006638
newOrder,24957,1,16504,1687006638
cancel,12204,,,1687007215
cancel,17872,,,1687007215
cancel,18075,,,1687007215
cancel,24957,,,1687007215
newOrder,17871,0,11014,1687007241
newOrder,18075,1,11014,1687007241
newOrder,10723,0,42548,1687007241
newOrder,24999,1,42548,1687007241
cancel,10723,,,1687007816
cancel,17871,,,1687007816
cancel,18075,,,1687007816
cancel,24999,,,1687007816
newOrder,17871,0,11015,1687007840
newOrder,18075,1,11015,1687007840
newOrder,10723,0,35561,1687007840
newOrder,24957,1,35561,1687007840
cancel,10723,,,1687008415
cancel,17871,,,1687008415
cancel,18075,,,1687008415
cancel,24957,,,1687008415
newOrder,17870,0,11017,1687008438
newOrder,18075,1,11017,1687008438
newOrder,10722,0,40592,1687008438
newOrder,24999,1,40592,1687008438
cancel,10722,,,1687009015
cancel,17870,,,1687009015
cancel,18075,,,1687009015
cancel,24999,,,1687009015
newOrder,17872,0,11018,1687009038
newOrder,18075,1,11018,1687009038
newOrder,12204,0,16935,1687009038
newOrder,24957,1,16935,1687009038
cancel,12204,,,1687009615
cancel,17872,,,1687009615
cancel,18075,,,1687009615
cancel,24957,,,1687009615
newOrder,17870,0,11020,1687009638
newOrder,18075,1,11020,1687009638
newOrder,12002,0,23068,1687009638
newOrder,24957,1,23068,1687009638
cancel,12002,,,1687010215
cancel,17870,,,1687010215
cancel,18075,,,1687010215
cancel,24957,,,1687010215
newOrder,17871,0,11022,1687010238
newOrder,18075,1,11022,1687010238
newOrder,12162,0,19735,1687010238
newOrder,24957,1,19735,1687010238
cancel,12162,,,1687010815
cancel,17871,,,1687010815
cancel,18075,,,1687010815
cancel,24957,,,1687010815
newOrder,17870,0,11023,1687010838
newOrder,18075,1,11023,1687010838
newOrder,10722,0,31652,1687010838
newOrder,24957,1,31652,1687010838
cancel,10722,,,1687011416
cancel,17870,,,1687011416
cancel,18075,,,1687011416
cancel,24957,,,1687011416
newOrder,17870,0,11025,1687011438
newOrder,18075,1,11025,1687011438
newOrder,10722,0,25453,1687011438
newOrder,24957,1,25453,1687011438
cancel,10722,,,1687012017
cancel,17870,,,1687012017
cancel,18075,,,1687012017
cancel,24957,,,1687012017
newOrder,17754,0,11070,1687012040
newOrder,18075,1,11070,1687012040
newOrder,12204,0,12341,1687012040
newOrder,24957,1,12341,1687012040
cancel,12204,,,1687012615
cancel,17754,,,1687012615
cancel,18075,,,1687012615
cancel,24957,,,1687012615
newOrder,17690,0,11092,1687012638
newOrder,18075,1,11092,1687012638
newOrder,12204,0,13730,1687012638
newOrder,24957,1,13730,1687012638
cancel,12204,,,1687013215
cancel,17690,,,1687013215
cancel,18075,,,1687013215
cancel,24957,,,1687013215
newOrder,17691,0,11093,1687013239
newOrder,18075,1,11093,1687013239
newOrder,12204,0,12422,1687013239
newOrder,24957,1,12422,1687013239
cancel,12204,,,1687013816
cancel,17691,,,1687013816
cancel,18075,,,1687013816
cancel,24957,,,1687013816
newOrder,17690,0,11095,1687013840
newOrder,18075,1,11095,1687013840
newOrder,10614,0,46826,1687013840
newOrder,24999,1,46826,1687013840
cancel,10614,,,1687014415
cancel,17690,,,1687014415
cancel,18075,,,1687014415
cancel,24999,,,1687014415
newOrder,17692,0,11096,1687014437
newOrder,18075,1,11096,1687014437
newOrder,10615,0,29997,1687014437
newOrder,24957,1,29997,1687014437
cancel,10615,,,1687015017
cancel,17692,,,1687015017
cancel,18075,,,1687015017
cancel,24957,,,1687015017
newOrder,17630,0,11114,1687015040
newOrder,18075,1,11114,1687015040
newOrder,10578,0,32113,1687015040
newOrder,24957,1,32113,1687015040
cancel,10578,,,1687015616
cancel,17630,,,1687015616
cancel,18075,,,1687015616
cancel,24957,,,1687015616
newOrder,17559,0,11130,1687015641
newOrder,18075,1,11130,1687015641
newOrder,15217,0,7377,1687015641
newOrder,19999,1,7377,1687015641
cancel,15217,,,1687016215
cancel,17559,,,1687016215
cancel,18075,,,1687016215
cancel,19999,,,1687016215
newOrder,17559,0,11132,1687016241
newOrder,18075,1,11132,1687016241
newOrder,10535,0,47870,1687016241
newOrder,24999,1,47870,1687016241
cancel,10535,,,1687016815
cancel,17559,,,1687016815
cancel,18075,,,1687016815
cancel,24999,,,1687016815
newOrder,17559,0,11133,1687016837
newOrder,18075,1,11133,1687016837
newOrder,12204,0,15525,1687016837
newOrder,24957,1,15525,1687016837
cancel,12204,,,1687017415
cancel,17559,,,1687017415
cancel,18075,,,1687017415
cancel,24957,,,1687017415
newOrder,17559,0,11135,1687017437
newOrder,18075,1,11135,1687017437
newOrder,15217,0,7471,1687017437
newOrder,19999,1,7471,1687017437
cancel,15217,,,1687018015
cancel,17559,,,1687018015
cancel,18075,,,1687018015
cancel,19999,,,1687018015
newOrder,17559,0,11137,1687018039
newOrder,18075,1,11137,1687018039
newOrder,15217,0,10947,1687018039
newOrder,19999,1,10947,1687018039
cancel,15217,,,1687018616
cancel,17559,,,1687018616
cancel,18075,,,1687018616
cancel,19999,,,1687018616
newOrder,17559,0,11138,1687018639
newOrder,18075,1,11138,1687018639
newOrder,10535,0,33472,1687018639
newOrder,24957,1,33472,1687018639
cancel,10535,,,1687019215
cancel,17559,,,1687019215
cancel,18075,,,1687019215
cancel,24957,,,1687019215
newOrder,17559,0,11140,1687019238
newOrder,18075,1,11140,1687019238
newOrder,10535,0,55186,1687019238
newOrder,24999,1,55186,1687019238
cancel,10535,,,1687019815
cancel,17559,,,1687019815
cancel,18075,,,1687019815
cancel,24999,,,1687019815
newOrder,17559,0,11141,1687019838
newOrder,18075,1,11141,1687019838
newOrder,10535,0,39866,1687019838
newOrder,24999,1,39866,1687019838
cancel,10535,,,1687020415
cancel,17559,,,1687020415
cancel,18075,,,1687020415
cancel,24999,,,1687020415
newOrder,17559,0,11143,1687020441
newOrder,18075,1,11143,1687020441
newOrder,10535,0,42433,1687020441
newOrder,24999,1,42433,1687020441
cancel,10535,,,1687021015
cancel,17559,,,1687021015
cancel,18075,,,1687021015
cancel,24999,,,1687021015
newOrder,17559,0,11144,1687021037
newOrder,18075,1,11144,1687021037
newOrder,10535,0,36752,1687021037
newOrder,24999,1,36752,1687021037
cancel,10535,,,1687021615
cancel,17559,,,1687021615
cancel,18075,,,1687021615
cancel,24999,,,1687021615
newOrder,17559,0,11146,1687021638
newOrder,18075,1,11146,1687021638
newOrder,10535,0,42764,1687021638
newOrder,24999,1,42764,1687021638
cancel,10535,,,1687022215
cancel,17559,,,1687022215
cancel,18075,,,1687022215
cancel,24999,,,1687022215
newOrder,17559,0,11148,1687022240
newOrder,18075,1,11148,1687022240
newOrder,10535,0,28494,1687022240
newOrder,24957,1,28494,1687022240
cancel,10535,,,1687022815
cancel,17559,,,1687022815
cancel,18075,,,1687022815
cancel,24957,,,1687022815
newOrder,17574,0,11146,1687022838
newOrder,18075,1,11146,1687022838
newOrder,12162,0,20928,1687022838
newOrder,24957,1,20928,1687022838
cancel,12162,,,1687023415
cancel,17574,,,1687023415
cancel,18075,,,1687023415
cancel,24957,,,1687023415
newOrder,17571,0,11149,1687023439
newOrder,18075,1,11149,1687023439
newOrder,10542,0,32789,1687023439
newOrder,24957,1,32789,1687023439
cancel,10542,,,1687024015
cancel,17571,,,1687024015
cancel,18075,,,1687024015
cancel,24957,,,1687024015
newOrder,17570,0,11150,1687024038
newOrder,18075,1,11150,1687024038
newOrder,10542,0,46928,1687024038
newOrder,24999,1,46928,1687024038
cancel,10542,,,1687024615
cancel,17570,,,1687024615
cancel,18075,,,1687024615
cancel,24999,,,1687024615
newOrder,17571,0,11152,1687024638
newOrder,18075,1,11152,1687024638
newOrder,10543,0,45425,1687024638
newOrder,24999,1,45425,1687024638
cancel,10543,,,1687025217
cancel,17571,,,1687025217
cancel,18075,,,1687025217
cancel,24999,,,1687025217
newOrder,17569,0,11154,1687025239
newOrder,18075,1,11154,1687025239
newOrder,10541,0,25678,1687025239
newOrder,24957,1,25678,1687025239
cancel,10541,,,1687025816
cancel,17569,,,1687025816
cancel,18075,,,1687025816
cancel,24957,,,1687025816
newOrder,17572,0,11155,1687025838
newOrder,18075,1,11155,1687025838
newOrder,15217,0,10781,1687025838
newOrder,19999,1,10781,1687025838
cancel,15217,,,1687026414
cancel,17572,,,1687026414
cancel,18075,,,1687026414
cancel,19999,,,1687026414
newOrder,17437,0,11174,1687026440
newOrder,18075,1,11174,1687026440
newOrder,10462,0,57312,1687026440
newOrder,24999,1,57312,1687026440
cancel,10462,,,1687027015
cancel,17437,,,1687027015
cancel,18075,,,1687027015
cancel,24999,,,1687027015
newOrder,17438,0,11176,1687027038
newOrder,18075,1,11176,1687027038
newOrder,10463,0,46604,1687027038
newOrder,24999,1,46604,1687027038
cancel,10463,,,1687027615
cancel,17438,,,1687027615
cancel,18075,,,1687027615
cancel,24999,,,1687027615
newOrder,17437,0,11178,1687027638
newOrder,18075,1,11178,1687027638
newOrder,10462,0,58651,1687027638
newOrder,24999,1,58651,1687027638
cancel,10462,,,1687028216
cancel,17437,,,1687028216
cancel,18075,,,1687028216
cancel,24999,,,1687028216
newOrder,17437,0,11179,1687028239
newOrder,18075,1,11179,1687028239
newOrder,10462,0,36513,1687028239
newOrder,24999,1,36513,1687028239
cancel,10462,,,1687028815
cancel,17437,,,1687028815
cancel,18075,,,1687028815
cancel,24999,,,1687028815
newOrder,17437,0,11181,1687028839
newOrder,18075,1,11181,1687028839
newOrder,10462,0,31586,1687028839
newOrder,24957,1,31586,1687028839
cancel,10462,,,1687029415
cancel,17437,,,1687029415
cancel,18075,,,1687029415
cancel,24957,,,1687029415
newOrder,17436,0,11182,1687029437
newOrder,18075,1,11182,1687029437
newOrder,12204,0,19138,1687029437
newOrder,24957,1,19138,1687029437
cancel,12204,,,1687030015
cancel,17436,,,1687030015
cancel,18075,,,1687030015
cancel,24957,,,1687030015
newOrder,17434,0,11184,1687030038
newOrder,18075,1,11184,1687030038
newOrder,12204,0,13079,1687030038
newOrder,24957,1,13079,1687030038
cancel,12204,,,1687030615
cancel,17434,,,1687030615
cancel,18075,,,1687030615
cancel,24957,,,1687030615
newOrder,17440,0,11185,1687030638
newOrder,18075,1,11185,1687030638
newOrder,12204,0,16358,1687030638
newOrder,24957,1,16358,1687030638
cancel,12204,,,1687031215
cancel,17440,,,1687031215
cancel,18075,,,1687031215
cancel,24957,,,1687031215
newOrder,17442,0,11187,1687031238
newOrder,18075,1,11187,1687031238
newOrder,10465,0,44889,1687031238
newOrder,24999,1,44889,1687031238
cancel,10465,,,1687031815
cancel,17442,,,1687031815
cancel,18075,,,1687031815
cancel,24999,,,1687031815
newOrder,17441,0,11188,1687031840
newOrder,18075,1,11188,1687031840
newOrder,10465,0,30627,1687031840
newOrder,24957,1,30627,1687031840
cancel,10465,,,1687032415
cancel,17441,,,1687032415
cancel,18075,,,1687032415
cancel,24957,,,1687032415
newOrder,17440,0,11190,1687032438
newOrder,18075,1,11190,1687032438
newOrder,10464,0,52639,1687032438
newOrder,24999,1,52639,1687032438
cancel,10464,,,1687033015
cancel,17440,,,1687033015
cancel,18075,,,1687033015
cancel,24999,,,1687033015
newOrder,17439,0,11192,1687033038
newOrder,18075,1,11192,1687033038
newOrder,10463,0,46546,1687033038
newOrder,24999,1,46546,1687033038
cancel,10463,,,1687033615
cancel,17439,,,1687033615
cancel,18075,,,1687033615
cancel,24999,,,1687033615
newOrder,17440,0,11193,1687033639
newOrder,18075,1,11193,1687033639
newOrder,10464,0,27368,1687033639
newOrder,24957,1,27368,1687033639
cancel,10464,,,1687034215
cancel,17440,,,1687034215
cancel,18075,,,1687034215
cancel,24957,,,1687034215
newOrder,17440,0,11195,1687034239
newOrder,18075,1,11195,1687034239
newOrder,10464,0,47142,1687034239
newOrder,24999,1,47142,1687034239
cancel,10464,,,1687034815
cancel,17440,,,1687034815
cancel,18075,,,1687034815
cancel,24999,,,1687034815
newOrder,17441,0,11196,1687034839
newOrder,18075,1,11196,1687034839
newOrder,12204,0,16499,1687034839
newOrder,24957,1,16499,1687034839
cancel,12204,,,1687035415
cancel,17441,,,1687035415
cancel,18075,,,1687035415
cancel,24957,,,1687035415
newOrder,17441,0,11198,1687035439
newOrder,18075,1,11198,1687035439
newOrder,12204,0,15757,1687035439
newOrder,24957,1,15757,1687035439
cancel,12204,,,1687036016
cancel,17441,,,1687036016
cancel,18075,,,1687036016
cancel,24957,,,1687036016
newOrder,17440,0,11199,1687036039
newOrder,18075,1,11199,1687036039
newOrder,10464,0,36171,1687036039
newOrder,24957,1,36171,1687036039
cancel,10464,,,1687036615
cancel,17440,,,1687036615
cancel,18075,,,1687036615
cancel,24957,,,1687036615
newOrder,17440,0,11201,1687036638
newOrder,18075,1,11201,1687036638
newOrder,10464,0,56400,1687036638
newOrder,24999,1,56400,1687036638
cancel,10464,,,1687037216
cancel,17440,,,1687037216
cancel,18075,,,1687037216
cancel,24999,,,1687037216
newOrder,17439,0,11203,1687037239
newOrder,18075,1,11203,1687037239
newOrder,10464,0,31203,1687037239
newOrder,24957,1,31203,1687037239
cancel,10464,,,1687037815
cancel,17439,,,1687037815
cancel,18075,,,1687037815
cancel,24957,,,1687037815
newOrder,17442,0,11204,1687037838
newOrder,18075,1,11204,1687037838
newOrder,12162,0,21468,1687037838
newOrder,24957,1,21468,1687037838
cancel,12162,,,1687038415
cancel,17442,,,1687038415
cancel,18075,,,1687038415
cancel,24957,,,1687038415
newOrder,17440,0,11206,1687038438
newOrder,18075,1,11206,1687038438
newOrder,10464,0,39084,1687038438
newOrder,24999,1,39084,1687038438
cancel,10464,,,1687039015
cancel,17440,,,1687039015
cancel,18075,,,1687039015
cancel,24999,,,1687039015
newOrder,17443,0,11207,1687039041
newOrder,18075,1,11207,1687039041
newOrder,10466,0,28670,1687039041
newOrder,24957,1,28670,1687039041
cancel,10466,,,1687039615
cancel,17443,,,1687039615
cancel,18075,,,1687039615
cancel,24957,,,1687039615
newOrder,17442,0,11209,1687039639
newOrder,18075,1,11209,1687039639
newOrder,10465,0,29004,1687039639
newOrder,24957,1,29004,1687039639
cancel,10465,,,1687040215
cancel,17442,,,1687040215
cancel,18075,,,1687040215
cancel,24957,,,1687040215
newOrder,17443,0,11210,1687040240
newOrder,18075,1,11210,1687040240
newOrder,12002,0,23406,1687040240
newOrder,24957,1,23406,1687040240
cancel,12002,,,1687040815
cancel,17443,,,1687040815
cancel,18075,,,1687040815
cancel,24957,,,1687040815
newOrder,17443,0,11212,1687040839
newOrder,18075,1,11212,1687040839
newOrder,10466,0,58277,1687040839
newOrder,24999,1,58277,1687040839
cancel,10466,,,1687041415
cancel,17443,,,1687041415
cancel,18075,,,1687041415
cancel,24999,,,1687041415
newOrder,17441,0,11214,1687041438
newOrder,18075,1,11214,1687041438
newOrder,12162,0,19826,1687041438
newOrder,24957,1,19826,1687041438
cancel,12162,,,1687042015
cancel,17441,,,1687042015
cancel,18075,,,1687042015
cancel,24957,,,1687042015
newOrder,17310,0,11218,1687042038
newOrder,18075,1,11218,1687042038
newOrder,10386,0,37928,1687042038
newOrder,24999,1,37928,1687042038
cancel,10386,,,1687042615
cancel,17310,,,1687042615
cancel,18075,,,1687042615
cancel,24999,,,1687042615
newOrder,17297,0,11219,1687042640
newOrder,18075,1,11219,1687042640
newOrder,10378,0,45473,1687042640
newOrder,24999,1,45473,1687042640
cancel,10378,,,1687043215
cancel,17297,,,1687043215
cancel,18075,,,1687043215
cancel,24999,,,1687043215
newOrder,17296,0,11221,1687043238
newOrder,18075,1,11221,1687043238
newOrder,10378,0,45993,1687043238
newOrder,24999,1,45993,1687043238
cancel,10378,,,1687043815
cancel,17296,,,1687043815
cancel,18075,,,1687043815
cancel,24999,,,1687043815
newOrder,17295,0,11222,1687043838
newOrder,18075,1,11222,1687043838
newOrder,12204,0,14833,1687043838
newOrder,24957,1,14833,1687043838
cancel,12204,,,1687044415
cancel,17295,,,1687044415
cancel,18075,,,1687044415
cancel,24957,,,1687044415
newOrder,17296,0,11224,1687044441
newOrder,18075,1,11224,1687044441
newOrder,10378,0,43301,1687044441
newOrder,24999,1,43301,1687044441
cancel,10378,,,1687045016
cancel,17296,,,1687045016
cancel,18075,,,1687045016
cancel,24999,,,1687045016
newOrder,17296,0,11226,1687045040
newOrder,18075,1,11226,1687045040
newOrder,10377,0,37075,1687045040
newOrder,24999,1,37075,1687045040
cancel,10377,,,1687045615
cancel,17296,,,1687045615
cancel,18075,,,1687045615
cancel,24999,,,1687045615
newOrder,17296,0,11227,1687045637
newOrder,18075,1,11227,1687045637
newOrder,10377,0,30789,1687045637
newOrder,24957,1,30789,1687045637
cancel,10377,,,1687046214
cancel,17296,,,1687046214
cancel,18075,,,1687046214
cancel,24957,,,1687046214
newOrder,17295,0,11229,1687046239
newOrder,18075,1,11229,1687046239
newOrder,10377,0,45583,1687046239
newOrder,24999,1,45583,1687046239
cancel,10377,,,1687046815
cancel,17295,,,1687046815
cancel,18075,,,1687046815
cancel,24999,,,1687046815
newOrder,17295,0,11230,1687046838
newOrder,18075,1,11230,1687046838
newOrder,10377,0,27927,1687046838
newOrder,24957,1,27927,1687046838
cancel,10377,,,1687047416
cancel,17295,,,1687047416
cancel,18075,,,1687047416
cancel,24957,,,1687047416
newOrder,17297,0,11232,1687047439
newOrder,18075,1,11232,1687047439
newOrder,10378,0,49488,1687047439
newOrder,24999,1,49488,1687047439
cancel,10378,,,1687048015
cancel,17297,,,1687048015
cancel,18075,,,1687048015
cancel,24999,,,1687048015
newOrder,17298,0,11234,1687048038
newOrder,18075,1,11234,1687048038
newOrder,12204,0,19494,1687048038
newOrder,24957,1,19494,1687048038
cancel,12204,,,1687048615
cancel,17298,,,1687048615
cancel,18075,,,1687048615
cancel,24957,,,1687048615
newOrder,17299,0,11235,1687048639
newOrder,18075,1,11235,1687048639
newOrder,12204,0,14560,1687048639
newOrder,24957,1,14560,1687048639
cancel,12204,,,1687049215
cancel,17299,,,1687049215
cancel,18075,,,1687049215
cancel,24957,,,1687049215
newOrder,17297,0,11237,1687049238
newOrder,18075,1,11237,1687049238
newOrder,10378,0,26355,1687049238
newOrder,24957,1,26355,1687049238
cancel,10378,,,1687049815
cancel,17297,,,1687049815
cancel,18075,,,1687049815
cancel,24957,,,1687049815
newOrder,17297,0,11238,1687049837
newOrder,18075,1,11238,1687049837
newOrder,10378,0,41272,1687049837
newOrder,24999,1,41272,1687049837
cancel,10378,,,1687050415
cancel,17297,,,1687050415
cancel,18075,,,1687050415
cancel,24999,,,1687050415
newOrder,17297,0,11240,1687050438
newOrder,18075,1,11240,1687050438
newOrder,10378,0,35802,1687050438
newOrder,24957,1,35802,1687050438
cancel,10378,,,1687051015
cancel,17297,,,1687051015
cancel,18075,,,1687051015
cancel,24957,,,1687051015
newOrder,17299,0,11242,1687051039
newOrder,18075,1,11242,1687051039
newOrder,10379,0,24276,1687051039
newOrder,24957,1,24276,1687051039
cancel,10379,,,1687051615
cancel,17299,,,1687051615
cancel,18075,,,1687051615
cancel,24957,,,1687051615
newOrder,17298,0,11243,1687051638
newOrder,18075,1,11243,1687051638
newOrder,15217,0,7707,1687051638
newOrder,19999,1,7707,1687051638
cancel,15217,,,1687052216
cancel,17298,,,1687052216
cancel,18075,,,1687052216
cancel,19999,,,1687052216
newOrder,17298,0,11245,1687052241
newOrder,18075,1,11245,1687052241
newOrder,10379,0,49383,1687052241
newOrder,24999,1,49383,1687052241
cancel,10379,,,1687052816
cancel,17298,,,1687052816
cancel,18075,,,1687052816
cancel,24999,,,1687052816
newOrder,17299,0,11246,1687052840
newOrder,18075,1,11246,1687052840
newOrder,10379,0,59036,1687052840
newOrder,24999,1,59036,1687052840
cancel,10379,,,1687053416
cancel,17299,,,1687053416
cancel,18075,,,1687053416
cancel,24999,,,1687053416
newOrder,17298,0,11248,1687053439
newOrder,18075,1,11248,1687053439
newOrder,12162,0,21806,1687053439
newOrder,24957,1,21806,1687053439
cancel,12162,,,1687054015
cancel,17298,,,1687054015
cancel,18075,,,1687054015
cancel,24957,,,1687054015
newOrder,17296,0,11249,1687054038
newOrder,18075,1,11249,1687054038
newOrder,10378,0,35888,1687054038
newOrder,24957,1,35888,1687054038
cancel,10378,,,1687054615
cancel,17296,,,1687054615
cancel,18075,,,1687054615
cancel,24957,,,1687054615
newOrder,17299,0,11251,1687054639
newOrder,18075,1,11251,1687054639
newOrder,12162,0,19967,1687054639
newOrder,24957,1,19967,1687054639
cancel,12162,,,1687055215
cancel,17299,,,1687055215
cancel,18075,,,1687055215
cancel,24957,,,1687055215
newOrder,17299,0,11253,1687055237
newOrder,18075,1,11253,1687055237
newOrder,10380,0,30743,1687055237
newOrder,24957,1,30743,1687055237
cancel,10380,,,1687055815
cancel,17299,,,1687055815
cancel,18075,,,1687055815
cancel,24957,,,1687055815
newOrder,17299,0,11254,1687055838
newOrder,18075,1,11254,1687055838
newOrder,10379,0,36850,1687055838
newOrder,24999,1,36850,1687055838
cancel,10379,,,1687056415
cancel,17299,,,1687056415
cancel,18075,,,1687056415
cancel,24999,,,1687056415
newOrder,17299,0,11256,1687056438
newOrder,18075,1,11256,1687056438
newOrder,10379,0,39188,1687056438
newOrder,24999,1,39188,1687056438
cancel,10379,,,1687057015
cancel,17299,,,1687057015
cancel,18075,,,1687057015
cancel,24999,,,1687057015
newOrder,17299,0,11257,1687057039
newOrder,18075,1,11257,1687057039
newOrder,10379,0,58795,1687057039
newOrder,24999,1,58795,1687057039
cancel,10379,,,1687057617
cancel,17299,,,1687057617
cancel,18075,,,1687057617
cancel,24999,,,1687057617
newOrder,17298,0,11259,1687057640
newOrder,18075,1,11259,1687057640
newOrder,10379,0,35100,1687057640
newOrder,24957,1,35100,1687057640
cancel,10379,,,1687058215
cancel,17298,,,1687058215
cancel,18075,,,1687058215
cancel,24957,,,1687058215
newOrder,17299,0,11260,1687058238
newOrder,18075,1,11260,1687058238
newOrder,10379,0,53045,1687058238
newOrder,24999,1,53045,1687058238
cancel,10379,,,1687058816
cancel,17299,,,1687058816
cancel,18075,,,1687058816
cancel,24999,,,1687058816
newOrder,17298,0,11262,1687058840
newOrder,18075,1,11262,1687058840
newOrder,10379,0,23868,1687058840
newOrder,24957,1,23868,1687058840
cancel,10379,,,1687059415
cancel,17298,,,1687059415
cancel,18075,,,1687059415
cancel,24957,,,1687059415
newOrder,17298,0,11264,1687059440
newOrder,18075,1,11264,1687059440
newOrder,12002,0,23287,1687059440
newOrder,24957,1,23287,1687059440
cancel,12002,,,1687060016
cancel,17298,,,1687060016
cancel,18075,,,1687060016
cancel,24957,,,1687060016
newOrder,17298,0,11265,1687060038
newOrder,18075,1,11265,1687060038
newOrder,12122,0,22289,1687060038
newOrder,24957,1,22289,1687060038
cancel,12122,,,1687060617
cancel,17298,,,1687060617
cancel,18075,,,1687060617
cancel,24957,,,1687060617
newOrder,17286,0,11266,1687060639
newOrder,18075,1,11266,1687060639
newOrder,10372,0,58796,1687060639
newOrder,24999,1,58796,1687060639
cancel,10372,,,1687061215
cancel,17286,,,1687061215
cancel,18075,,,1687061215
cancel,24999,,,1687061215
newOrder,17278,0,11267,1687061238
newOrder,18075,1,11267,1687061238
newOrder,15217,0,10326,1687061238
newOrder,19999,1,10326,1687061238
cancel,15217,,,1687061815
cancel,17278,,,1687061815
cancel,18075,,,1687061815
cancel,19999,,,1687061815
newOrder,17276,0,11269,1687061837
newOrder,18075,1,11269,1687061837
newOrder,10366,0,54059,1687061837
newOrder,24999,1,54059,1687061837
cancel,10366,,,1687062418
cancel,17276,,,1687062418
cancel,18075,,,1687062418
cancel,24999,,,1687062418
newOrder,17277,0,11270,1687062442
newOrder,18075,1,11270,1687062442
newOrder,10366,0,47794,1687062442
newOrder,24999,1,47794,1687062442
cancel,10366,,,1687063015
cancel,17277,,,1687063015
cancel,18075,,,1687063015
cancel,24999,,,1687063015
newOrder,17276,0,11272,1687063039
newOrder,18075,1,11272,1687063039
newOrder,10366,0,39807,1687063039
newOrder,24999,1,39807,1687063039
cancel,10366,,,1687063615
cancel,17276,,,1687063615
cancel,18075,,,1687063615
cancel,24999,,,1687063615
newOrder,17276,0,11273,1687063638
newOrder,18075,1,11273,1687063638
newOrder,10366,0,32226,1687063638
newOrder,24957,1,32226,1687063638
cancel,10366,,,1687064215
cancel,17276,,,1687064215
cancel,18075,,,1687064215
cancel,24957,,,1687064215
newOrder,17277,0,11275,1687064238
newOrder,18075,1,11275,1687064238
newOrder,10366,0,35492,1687064238
newOrder,24957,1,35492,1687064238
cancel,10366,,,1687064815
cancel,17277,,,1687064815
cancel,18075,,,1687064815
cancel,24957,,,1687064815
newOrder,17301,0,11278,1687064838
newOrder,18075,1,11278,1687064838
newOrder,10381,0,43901,1687064838
newOrder,24999,1,43901,1687064838
cancel,10381,,,1687065415
cancel,17301,,,1687065415
cancel,18075,,,1687065415
cancel,24999,,,1687065415
newOrder,17301,0,11280,1687065438
newOrder,18075,1,11280,1687065438
newOrder,10381,0,40405,1687065438
newOrder,24999,1,40405,1687065438
cancel,10381,,,1687066015
cancel,17301,,,1687066015
cancel,18075,,,1687066015
cancel,24999,,,1687066015
newOrder,17301,0,11281,1687066039
newOrder,18075,1,11281,1687066039
newOrder,15217,0,7271,1687066039
newOrder,19999,1,7271,1687066039
cancel,15217,,,1687066616
cancel,17301,,,1687066616
cancel,18075,,,1687066616
cancel,19999,,,1687066616
newOrder,17301,0,11283,1687066640
newOrder,18075,1,11283,1687066640
newOrder,10381,0,58969,1687066640
newOrder,24999,1,58969,1687066640
cancel,10381,,,1687067216
cancel,17301,,,1687067216
cancel,18075,,,1687067216
cancel,24999,,,1687067216
newOrder,17301,0,11285,1687067238
newOrder,18075,1,11285,1687067238
newOrder,12204,0,15389,1687067238
newOrder,24957,1,15389,1687067238
cancel,12204,,,1687067815
cancel,17301,,,1687067815
cancel,18075,,,1687067815
cancel,24957,,,1687067815
newOrder,17277,0,11285,1687067838
newOrder,18075,1,11285,1687067838
newOrder,10366,0,48765,1687067838
newOrder,24999,1,48765,1687067838
cancel,10366,,,1687068416
cancel,17277,,,1687068416
cancel,18075,,,1687068416
cancel,24999,,,1687068416
newOrder,17276,0,11286,1687068438
newOrder,18075,1,11286,1687068438
newOrder,10366,0,47567,1687068438
newOrder,24999,1,47567,1687068438
cancel,10366,,,1687069015
cancel,17276,,,1687069015
cancel,18075,,,1687069015
cancel,24999,,,1687069015
newOrder,17277,0,11288,1687069039
newOrder,18075,1,11288,1687069039
newOrder,12204,0,14024,1687069039
newOrder,24957,1,14024,1687069039
cancel,12204,,,1687069615
cancel,17277,,,1687069615
cancel,18075,,,1687069615
cancel,24957,,,1687069615
newOrder,17276,0,11289,1687069637
newOrder,18075,1,11289,1687069637
newOrder,10365,0,49091,1687069637
newOrder,24999,1,49091,1687069637
cancel,10365,,,1687070215
cancel,17276,,,1687070215
cancel,18075,,,1687070215
cancel,24999,,,1687070215
newOrder,17276,0,11291,1687070238
newOrder,18075,1,11291,1687070238
newOrder,10365,0,37931,1687070238
newOrder,24999,1,37931,1687070238
cancel,10365,,,1687070815
cancel,17276,,,1687070815
cancel,18075,,,1687070815
cancel,24999,,,1687070815
newOrder,17275,0,11293,1687070839
newOrder,18075,1,11293,1687070839
newOrder,10365,0,50545,1687070839
newOrder,24999,1,50545,1687070839
cancel,10365,,,1687071416
cancel,17275,,,1687071416
cancel,18075,,,1687071416
cancel,24999,,,1687071416
newOrder,17301,0,11296,1687071439
newOrder,18075,1,11296,1687071439
newOrder,10381,0,37295,1687071439
newOrder,24999,1,37295,1687071439
cancel,10381,,,1687072015
cancel,17301,,,1687072015
cancel,18075,,,1687072015
cancel,24999,,,1687072015
newOrder,17278,0,11296,1687072039
newOrder,18075,1,11296,1687072039
newOrder,10367,0,29834,1687072039
newOrder,24957,1,29834,1687072039
cancel,10367,,,1687072615
cancel,17278,,,1687072615
cancel,18075,,,1687072615
cancel,24957,,,1687072615
newOrder,17275,0,11297,1687072639
newOrder,18075,1,11297,1687072639
newOrder,10365,0,31259,1687072639
newOrder,24957,1,31259,1687072639
cancel,10365,,,1687073215
cancel,17275,,,1687073215
cancel,18075,,,1687073215
cancel,24957,,,1687073215
newOrder,17276,0,11299,1687073238
newOrder,18075,1,11299,1687073238
newOrder,10365,0,30608,1687073238
newOrder,24957,1,30608,1687073238
cancel,10365,,,1687073815
cancel,17276,,,1687073815
cancel,18075,,,1687073815
cancel,24957,,,1687073815
newOrder,17276,0,11301,1687073837
newOrder,18075,1,11301,1687073837
newOrder,10366,0,31194,1687073837
newOrder,24957,1,31194,1687073837
cancel,10366,,,1687074417
cancel,17276,,,1687074417
cancel,18075,,,1687074417
cancel,24957,,,1687074417
newOrder,17276,0,11302,1687074440
newOrder,18075,1,11302,1687074440
newOrder,10366,0,52736,1687074440
newOrder,24999,1,52736,1687074440
cancel,10366,,,1687075013
cancel,17276,,,1687075013
cancel,18075,,,1687075013
cancel,24999,,,1687075013
newOrder,17276,0,11304,1687075040
newOrder,18075,1,11304,1687075040
newOrder,10365,0,34335,1687075040
newOrder,24957,1,34335,1687075040
cancel,10365,,,1687075615
cancel,17276,,,1687075615
cancel,18075,,,1687075615
cancel,24957,,,1687075615
newOrder,17276,0,11305,1687075638
newOrder,18075,1,11305,1687075638
newOrder,10365,0,57612,1687075638
newOrder,24999,1,57612,1687075638
cancel,10365,,,1687076215
cancel,17276,,,1687076215
cancel,18075,,,1687076215
cancel,24999,,,1687076215
newOrder,17276,0,11307,1687076238
newOrder,18075,1,11307,1687076238
newOrder,10366,0,42878,1687076238
newOrder,24999,1,42878,1687076238
cancel,10366,,,1687076815
cancel,17276,,,1687076815
cancel,18075,,,1687076815
cancel,24999,,,1687076815
newOrder,17277,0,11309,1687076837
newOrder,18075,1,11309,1687076837
newOrder,10366,0,52814,1687076837
newOrder,24999,1,52814,1687076837
cancel,10366,,,1687077415
cancel,17277,,,1687077415
cancel,18075,,,1687077415
cancel,24999,,,1687077415
newOrder,17275,0,11310,1687077438
newOrder,18075,1,11310,1687077438
newOrder,12204,0,18737,1687077438
newOrder,24957,1,18737,1687077438
cancel,12204,,,1687078015
cancel,17275,,,1687078015
cancel,18075,,,1687078015
cancel,24957,,,1687078015
newOrder,17275,0,11312,1687078037
newOrder,18075,1,11312,1687078037
newOrder,12204,0,11823,1687078037
newOrder,24957,1,11823,1687078037
cancel,12204,,,1687078615
cancel,17275,,,1687078615
cancel,18075,,,1687078615
cancel,24957,,,1687078615
newOrder,17301,0,11315,1687078637
newOrder,18075,1,11315,1687078637
newOrder,10381,0,28557,1687078637
newOrder,24957,1,28557,1687078637
cancel,10381,,,1687079215
cancel,17301,,,1687079215
cancel,18075,,,1687079215
cancel,24957,,,1687079215
newOrder,17301,0,11317,1687079237
newOrder,18075,1,11317,1687079237
newOrder,15217,0,10443,1687079237
newOrder,19999,1,10443,1687079237
cancel,15217,,,1687079815
cancel,17301,,,1687079815
cancel,18075,,,1687079815
cancel,19999,,,1687079815
newOrder,17301,0,11318,1687079837
newOrder,18075,1,11318,1687079837
newOrder,10381,0,51151,1687079837
newOrder,24999,1,51151,1687079837
cancel,10381,,,1687080415
cancel,17301,,,1687080415
cancel,18075,,,1687080415
cancel,24999,,,1687080415
newOrder,17301,0,11320,1687080437
newOrder,18075,1,11320,1687080437
newOrder,10381,0,56068,1687080437
newOrder,24999,1,56068,1687080437
cancel,10381,,,1687081015
cancel,17301,,,1687081015
cancel,18075,,,1687081015
cancel,24999,,,1687081015
newOrder,17301,0,11322,1687081039
newOrder,18075,1,11322,1687081039
newOrder,10381,0,35587,1687081039
newOrder,24957,1,35587,1687081039
cancel,10381,,,1687081615
cancel,17301,,,1687081615
cancel,18075,,,1687081615
cancel,24957,,,1687081615
newOrder,17276,0,11322,1687081637
newOrder,18075,1,11322,1687081637
newOrder,10365,0,56118,1687081637
newOrder,24999,1,56118,1687081637
cancel,10365,,,1687082215
cancel,17276,,,1687082215
cancel,18075,,,1687082215
cancel,24999,,,1687082215
newOrder,17301,0,11325,1687082240
newOrder,18075,1,11325,1687082240
newOrder,10381,0,57369,1687082240
newOrder,24999,1,57369,1687082240
cancel,10381,,,1687082815
cancel,17301,,,1687082815
cancel,18075,,,1687082815
cancel,24999,,,1687082815
newOrder,17301,0,11326,1687082838
newOrder,18075,1,11326,1687082838
newOrder,12204,0,12328,1687082838
newOrder,24957,1,12328,1687082838
cancel,12204,,,1687083415
cancel,17301,,,1687083415
cancel,18075,,,1687083415
cancel,24957,,,1687083415
newOrder,17276,0,11326,1687083440
newOrder,18075,1,11326,1687083440
newOrder,12204,0,15791,1687083440
newOrder,24957,1,15791,1687083440
cancel,12204,,,1687084015
cancel,17276,,,1687084015
cancel,18075,,,1687084015
cancel,24957,,,1687084015
newOrder,17301,0,11330,1687084038
newOrder,18075,1,11330,1687084038
newOrder,10381,0,28353,1687084038
newOrder,24957,1,28353,1687084038
cancel,10381,,,1687084615
cancel,17301,,,1687084615
cancel,18075,,,1687084615
cancel,24957,,,1687084615
newOrder,17301,0,11331,1687084638
newOrder,18075,1,11331,1687084638
newOrder,10381,0,57094,1687084638
newOrder,24999,1,57094,1687084638
cancel,10381,,,1687085215
cancel,17301,,,1687085215
cancel,18075,,,1687085215
cancel,24999,,,1687085215
newOrder,17301,0,11333,1687085237
newOrder,18075,1,11333,1687085237
newOrder,10381,0,27674,1687085237
newOrder,24957,1,27674,1687085237
cancel,10381,,,1687085815
cancel,17301,,,1687085815
cancel,18075,,,1687085815
cancel,24957,,,1687085815
newOrder,17301,0,11335,1687085838
newOrder,18075,1,11335,1687085838
newOrder,10381,0,46921,1687085838
newOrder,24999,1,46921,1687085838
cancel,10381,,,1687086422
cancel,17301,,,1687086422
cancel,18075,,,1687086422
cancel,24999,,,1687086422
newOrder,17277,0,11335,1687086454
newOrder,18075,1,11335,1687086454
newOrder,10366,0,39797,1687086454
newOrder,24999,1,39797,1687086454
cancel,10366,,,1687087015
cancel,17277,,,1687087015
cancel,18075,,,1687087015
cancel,24999,,,1687087015
newOrder,17277,0,11336,1687087038
newOrder,18075,1,11336,1687087038
newOrder,12204,0,15712,1687087038
newOrder,24957,1,15712,1687087038
cancel,12204,,,1687087614
cancel,17277,,,1687087614
cancel,18075,,,1687087614
cancel,24957,,,1687087614
newOrder,17277,0,11338,1687087639
newOrder,18075,1,11338,1687087639
newOrder,12204,0,12105,1687087639
newOrder,24957,1,12105,1687087639
cancel,12204,,,1687088215
cancel,17277,,,1687088215
cancel,18075,,,1687088215
cancel,24957,,,1687088215
newOrder,17276,0,11339,1687088237
newOrder,18075,1,11339,1687088237
newOrder,14002,0,11621,1687088237
newOrder,21899,1,11621,1687088237
cancel,14002,,,1687088816
cancel,17276,,,1687088816
cancel,18075,,,1687088816
cancel,21899,,,1687088816
newOrder,17276,0,11341,1687088840
newOrder,18075,1,11341,1687088840
newOrder,12204,0,18098,1687088840
newOrder,24957,1,18098,1687088840
cancel,12204,,,1687089415
cancel,17276,,,1687089415
cancel,18075,,,1687089415
cancel,24957,,,1687089415
newOrder,17613,0,11320,1687089438
newOrder,18075,1,11320,1687089438
newOrder,10568,0,42492,1687089438
newOrder,24999,1,42492,1687089438
cancel,10568,,,1687090015
cancel,17613,,,1687090015
cancel,18075,,,1687090015
cancel,24999,,,1687090015
newOrder,17613,0,11321,1687090040
newOrder,18075,1,11321,1687090040
newOrder,12204,0,18791,1687090040
newOrder,24957,1,18791,1687090040