instruction,price,side,qty,time
cancel,10935,,,1682597431
cancel,18225,,,1682597431
cancel,19066,,,1682597431
cancel,24999,,,1682597431
newOrder,18225,0,16856,1682597460
newOrder,19066,1,16856,1682597460
newOrder,11604,0,35100,1682597460
newOrder,24957,1,35100,1682597460
cancel,11604,,,1682598030
cancel,18225,,,1682598030
cancel,19066,,,1682598030
cancel,24957,,,1682598030
newOrder,18225,0,16866,1682598061
newOrder,19066,1,16866,1682598061
newOrder,10935,0,55624,1682598061
newOrder,24999,1,55624,1682598061
cancel,10935,,,1682598634
cancel,18225,,,1682598634
cancel,19066,,,1682598634
cancel,24999,,,1682598634
newOrder,18189,0,16935,1682598667
newOrder,19066,1,16935,1682598667
newOrder,10914,0,83932,1682598667
newOrder,24999,1,83932,1682598667
cancel,10914,,,1682599231
cancel,18189,,,1682599231
cancel,19066,,,1682599231
cancel,24999,,,1682599231
newOrder,18189,0,16945,1682599263
newOrder,19066,1,16945,1682599263
newOrder,11604,0,33138,1682599263
newOrder,24957,1,33138,1682599263
cancel,11604,,,1682599830
cancel,18189,,,1682599830
cancel,19066,,,1682599830
cancel,24957,,,1682599830
newOrder,18189,0,16955,1682599861
newOrder,19066,1,16955,1682599861
newOrder,11604,0,35625,1682599861
newOrder,24957,1,35625,1682599861
cancel,11604,,,1682600430
cancel,18189,,,1682600430
cancel,19066,,,1682600430
cancel,24957,,,1682600430
newOrder,18214,0,16925,1682600463
newOrder,19066,1,16925,1682600463
newOrder,11604,0,30804,1682600463
newOrder,24957,1,30804,1682600463
cancel,11604,,,1682601031
cancel,18214,,,1682601031
cancel,19066,,,1682601031
cancel,24957,,,1682601031
newOrder,18189,0,16976,1682601061
newOrder,19066,1,16976,1682601061
newOrder,11604,0,21603,1682601061
newOrder,24957,1,21603,1682601061
cancel,11604,,,1682601631
cancel,18189,,,1682601631
cancel,19066,,,1682601631
cancel,24957,,,1682601631
newOrder,18189,0,16986,1682601663
newOrder,19066,1,16986,1682601663
newOrder,11604,0,34137,1682601663
newOrder,24957,1,34137,1682601663
cancel,11604,,,1682602231
cancel,18189,,,1682602231
cancel,19066,,,1682602231
cancel,24957,,,1682602231
newOrder,18189,0,16996,1682602262
newOrder,19066,1,16996,1682602262
newOrder,10914,0,48187,1682602262
newOrder,24999,1,48187,1682602262
cancel,10914,,,1682602831
cancel,18189,,,1682602831
cancel,19066,,,1682602831
cancel,24999,,,1682602831
newOrder,18172,0,17034,1682602861
newOrder,19066,1,17034,1682602861
newOrder,10903,0,57051,1682602861
newOrder,24999,1,57051,1682602861
cancel,10903,,,1682603431
cancel,18172,,,1682603431
cancel,19066,,,1682603431
cancel,24999,,,1682603431
newOrder,18189,0,17017,1682603462
newOrder,19066,1,17017,1682603462
newOrder,10914,0,67275,1682603462
newOrder,24999,1,67275,1682603462
cancel,10914,,,1682604032
cancel,18189,,,1682604032
cancel,19066,,,1682604032
cancel,24999,,,1682604032
newOrder,18189,0,17027,1682604064
newOrder,19066,1,17027,1682604064
newOrder,12001,0,18817,1682604064
newOrder,24957,1,18817,1682604064
cancel,12001,,,1682604630
cancel,18189,,,1682604630
cancel,19066,,,1682604630
cancel,24957,,,1682604630
newOrder,18189,0,17038,1682604660
newOrder,19066,1,17038,1682604660
newOrder,10914,0,86771,1682604660
newOrder,24999,1,86771,1682604660
cancel,10914,,,1682605231
cancel,18189,,,1682605231
cancel,19066,,,1682605231
cancel,24999,,,1682605231
newOrder,18189,0,17048,1682605263
newOrder,19066,1,17048,1682605263
newOrder,11286,0,40258,1682605263
newOrder,24957,1,40258,1682605263
cancel,11286,,,1682605831
cancel,18189,,,1682605831
cancel,19066,,,1682605831
cancel,24957,,,1682605831
newOrder,18189,0,17059,1682605863
newOrder,19066,1,17059,1682605863
newOrder,12001,0,19031,1682605863
newOrder,24957,1,19031,1682605863
cancel,12001,,,1682606431
cancel,18189,,,1682606431
cancel,19066,,,1682606431
cancel,24957,,,1682606431
newOrder,18189,0,17069,1682606462
newOrder,19066,1,17069,1682606462
newOrder,10914,0,58728,1682606462
newOrder,24999,1,58728,1682606462
cancel,10914,,,1682607031
cancel,18189,,,1682607031
cancel,19066,,,1682607031
cancel,24999,,,1682607031
newOrder,18191,0,17077,1682607065
newOrder,19066,1,17077,1682607065
newOrder,10915,0,52514,1682607065
newOrder,24999,1,52514,1682607065
cancel,10915,,,1682607632
cancel,18191,,,1682607632
cancel,19066,,,1682607632
cancel,24999,,,1682607632
newOrder,18191,0,17087,1682607664
newOrder,19066,1,17087,1682607664
newOrder,11286,0,40399,1682607664
newOrder,24957,1,40399,1682607664
cancel,11286,,,1682608232
cancel,18191,,,1682608232
cancel,19066,,,1682608232
cancel,24957,,,1682608232
newOrder,18191,0,17098,1682608262
newOrder,19066,1,17098,1682608262
newOrder,11604,0,32914,1682608262
newOrder,24957,1,32914,1682608262
cancel,11604,,,1682608832
cancel,18191,,,1682608832
cancel,19066,,,1682608832
cancel,24957,,,1682608832
newOrder,18176,0,17132,1682608862
newOrder,19066,1,17132,1682608862
newOrder,10906,0,74362,1682608862
newOrder,24999,1,74362,1682608862
cancel,10906,,,1682609431
cancel,18176,,,1682609431
cancel,19066,,,1682609431
cancel,24999,,,1682609431
newOrder,18179,0,17139,1682609463
newOrder,19066,1,17139,1682609463
newOrder,11604,0,25534,1682609463
newOrder,24957,1,25534,1682609463
cancel,11604,,,1682610030
cancel,18179,,,1682610030
cancel,19066,,,1682610030
cancel,24957,,,1682610030
newOrder,18178,0,17151,1682610060
newOrder,19066,1,17151,1682610060
newOrder,11604,0,33114,1682610060
newOrder,24957,1,33114,1682610060
cancel,11604,,,1682610632
cancel,18178,,,1682610632
cancel,19066,,,1682610632
cancel,24957,,,1682610632
newOrder,18178,0,17162,1682610660
newOrder,19066,1,17162,1682610660
newOrder,10907,0,67891,1682610660
newOrder,24999,1,67891,1682610660
cancel,10907,,,1682611231
cancel,18178,,,1682611231
cancel,19066,,,1682611231
cancel,24999,,,1682611231
newOrder,18176,0,17175,1682611267
newOrder,19066,1,17175,1682611267
newOrder,11286,0,42209,1682611267
newOrder,24957,1,42209,1682611267
cancel,11286,,,1682611830
cancel,18176,,,1682611830
cancel,19066,,,1682611830
cancel,24957,,,1682611830
newOrder,18165,0,17203,1682611860
newOrder,19066,1,17203,1682611860
newOrder,10899,0,65789,1682611860
newOrder,24999,1,65789,1682611860
cancel,10899,,,1682612430
cancel,18165,,,1682612430
cancel,19066,,,1682612430
cancel,24999,,,1682612430
newOrder,18165,0,17214,1682612460
newOrder,19066,1,17214,1682612460
newOrder,10899,0,63007,1682612460
newOrder,24999,1,63007,1682612460
cancel,10899,,,1682613030
cancel,18165,,,1682613030
cancel,19066,,,1682613030
cancel,24999,,,1682613030
newOrder,18162,0,17229,1682613061
newOrder,19066,1,17229,1682613061
newOrder,10897,0,49061,1682613061
newOrder,24999,1,49061,1682613061
cancel,10897,,,1682613631
cancel,18162,,,1682613631
cancel,19066,,,1682613631
cancel,24999,,,1682613631
newOrder,18162,0,17240,1682613662
newOrder,19066,1,17240,1682613662
newOrder,10897,0,76724,1682613662
newOrder,24999,1,76724,1682613662
cancel,10897,,,1682614233
cancel,18162,,,1682614233
cancel,19066,,,1682614233
cancel,24999,,,1682614233
newOrder,18161,0,17252,1682614261
newOrder,19066,1,17252,1682614261
newOrder,11604,0,27808,1682614261
newOrder,24957,1,27808,1682614261
cancel,11604,,,1682614831
cancel,18161,,,1682614831
cancel,19066,,,1682614831
cancel,24957,,,1682614831
newOrder,18161,0,17263,1682614859
newOrder,19066,1,17263,1682614859
newOrder,10897,0,93049,1682614859
newOrder,24999,1,93049,1682614859
cancel,10897,,,1682615431
cancel,18161,,,1682615431
cancel,19066,,,1682615431
cancel,24999,,,1682615431
newOrder,18161,0,17274,1682615460
newOrder,19066,1,17274,1682615460
newOrder,10897,0,78582,1682615460
newOrder,24999,1,78582,1682615460
cancel,10897,,,1682616030
cancel,18161,,,1682616030
cancel,19066,,,1682616030
cancel,24999,,,1682616030
newOrder,18161,0,17286,1682616060
newOrder,19066,1,17286,1682616060
newOrder,11604,0,23108,1682616060
newOrder,24957,1,23108,1682616060
cancel,11604,,,1682616631
cancel,18161,,,1682616631
cancel,19066,,,1682616631
cancel,24957,,,1682616631
newOrder,18160,0,17297,1682616660
newOrder,19066,1,17297,1682616660
newOrder,18001,0,15806,1682616660
newOrder,21887,1,15806,1682616660
cancel,18001,,,1682617231
cancel,18160,,,1682617231
cancel,19066,,,1682617231
cancel,21887,,,1682617231
newOrder,18161,0,17307,1682617262
newOrder,19066,1,17307,1682617262
newOrder,10897,0,56559,1682617262
newOrder,24999,1,56559,1682617262
cancel,10897,,,1682617831
cancel,18161,,,1682617831
cancel,19066,,,1682617831
cancel,24999,,,1682617831
newOrder,18164,0,17313,1682617860
newOrder,19066,1,17313,1682617860
newOrder,10899,0,54101,1682617860
newOrder,24999,1,54101,1682617860
cancel,10899,,,1682618431
cancel,18164,,,1682618431
cancel,19066,,,1682618431
cancel,24999,,,1682618431
newOrder,18163,0,17326,1682618461
newOrder,19066,1,17326,1682618461
newOrder,10898,0,53638,1682618461
newOrder,24999,1,53638,1682618461
cancel,10898,,,1682619031
cancel,18163,,,1682619031
cancel,19066,,,1682619031
cancel,24999,,,1682619031
newOrder,18163,0,17338,1682619059
newOrder,19066,1,17338,1682619059
newOrder,10898,0,72833,1682619059
newOrder,24999,1,72833,1682619059
cancel,10898,,,1682619632
cancel,18163,,,1682619632
cancel,19066,,,1682619632
cancel,24999,,,1682619632
newOrder,18164,0,17348,1682619663
newOrder,19066,1,17348,1682619663
newOrder,12001,0,18706,1682619663
newOrder,24957,1,18706,1682619663
cancel,12001,,,1682620230
cancel,18164,,,1682620230
cancel,19066,,,1682620230
cancel,24957,,,1682620230
newOrder,18163,0,17360,1682620261
newOrder,19066,1,17360,1682620261
newOrder,11604,0,27953,1682620261
newOrder,24957,1,27953,1682620261
cancel,11604,,,1682620830
cancel,18163,,,1682620830
cancel,19066,,,1682620830
cancel,24957,,,1682620830
newOrder,18162,0,17372,1682620859
newOrder,19066,1,17372,1682620859
newOrder,10897,0,49549,1682620859
newOrder,24999,1,49549,1682620859
cancel,10897,,,1682621431
cancel,18162,,,1682621431
cancel,19066,,,1682621431
cancel,24999,,,1682621431
newOrder,18164,0,17382,1682621460
newOrder,19066,1,17382,1682621460
newOrder,10898,0,87703,1682621460
newOrder,24999,1,87703,1682621460
cancel,10898,,,1682622031
cancel,18164,,,1682622031
cancel,19066,,,1682622031
cancel,24999,,,1682622031
newOrder,18162,0,17396,1682622059
newOrder,19066,1,17396,1682622059
newOrder,12001,0,19105,1682622059
newOrder,24957,1,19105,1682622059
cancel,12001,,,1682622631
cancel,18162,,,1682622631
cancel,19066,,,1682622631
cancel,24957,,,1682622631
newOrder,18191,0,17360,1682622664
newOrder,19066,1,17360,1682622664
newOrder,10914,0,61459,1682622664
newOrder,24999,1,61459,1682622664
cancel,10914,,,1682623231
cancel,18191,,,1682623231
cancel,19066,,,1682623231
cancel,24999,,,1682623231
newOrder,18163,0,17417,1682623260
newOrder,19066,1,17417,1682623260
newOrder,10898,0,91468,1682623260
newOrder,24999,1,91468,1682623260
cancel,10898,,,1682623830
cancel,18163,,,1682623830
cancel,19066,,,1682623830
cancel,24999,,,1682623830
newOrder,18163,0,17429,1682623859
newOrder,19066,1,17429,1682623859
newOrder,10898,0,83100,1682623859
newOrder,24999,1,83100,1682623859
cancel,10898,,,1682624431
cancel,18163,,,1682624431
cancel,19066,,,1682624431
cancel,24999,,,1682624431
newOrder,18163,0,17439,1682624461
newOrder,19066,1,17439,1682624461
newOrder,18001,0,14325,1682624461
newOrder,21887,1,14325,1682624461
cancel,18001,,,1682625031
cancel,18163,,,1682625031
cancel,19066,,,1682625031
cancel,21887,,,1682625031
newOrder,18160,0,17456,1682625061
newOrder,19066,1,17456,1682625061
newOrder,11604,0,36048,1682625061
newOrder,24957,1,36048,1682625061
cancel,11604,,,1682625631
cancel,18160,,,1682625631
cancel,19066,,,1682625631
cancel,24957,,,1682625631
newOrder,18160,0,17467,1682625661
newOrder,19066,1,17467,1682625661
newOrder,10896,0,90401,1682625661
newOrder,24999,1,90401,1682625661
cancel,10896,,,1682626231
cancel,18160,,,1682626231
cancel,19066,,,1682626231
cancel,24999,,,1682626231
newOrder,18159,0,17480,1682626264
newOrder,19066,1,17480,1682626264
newOrder,10895,0,70878,1682626264
newOrder,24999,1,70878,1682626264
cancel,10895,,,1682626831
cancel,18159,,,1682626831
cancel,19066,,,1682626831
cancel,24999,,,1682626831
newOrder,18159,0,17492,1682626862
newOrder,19066,1,17492,1682626862
newOrder,10895,0,46412,1682626862
newOrder,24999,1,46412,1682626862
cancel,10895,,,1682627431
cancel,18159,,,1682627431
cancel,19066,,,1682627431
cancel,24999,,,1682627431
newOrder,18161,0,17500,1682627460
newOrder,19066,1,17500,1682627460
newOrder,18001,0,12305,1682627460
newOrder,21887,1,12305,1682627460
cancel,18001,,,1682628032
cancel,18161,,,1682628032
cancel,19066,,,1682628032
cancel,21887,,,1682628032
newOrder,18161,0,17512,1682628067
newOrder,19066,1,17512,1682628067
newOrder,10897,0,59139,1682628067
newOrder,24999,1,59139,1682628067
cancel,10897,,,1682628631
cancel,18161,,,1682628631
cancel,19066,,,1682628631
cancel,24999,,,1682628631
newOrder,18161,0,17524,1682628659
newOrder,19066,1,17524,1682628659
newOrder,11604,0,32118,1682628659
newOrder,24957,1,32118,1682628659
cancel,11604,,,1682629231
cancel,18161,,,1682629231
cancel,19066,,,1682629231
cancel,24957,,,1682629231
newOrder,18160,0,17537,1682629260
newOrder,19066,1,17537,1682629260
newOrder,11286,0,43885,1682629260
newOrder,24999,1,43885,1682629260
cancel,11286,,,1682629831
cancel,18160,,,1682629831
cancel,19066,,,1682629831
cancel,24999,,,1682629831
newOrder,18160,0,17548,1682629860
newOrder,19066,1,17548,1682629860
newOrder,18001,0,11826,1682629860
newOrder,21887,1,11826,1682629860
cancel,18001,,,1682630430
cancel,18160,,,1682630430
cancel,19066,,,1682630430
cancel,21887,,,1682630430
newOrder,18161,0,17560,1682630459
newOrder,19066,1,17560,1682630459
newOrder,10896,0,78834,1682630459
newOrder,24999,1,78834,1682630459
cancel,10896,,,1682631031
cancel,18161,,,1682631031
cancel,19066,,,1682631031
cancel,24999,,,1682631031
newOrder,18160,0,17572,1682631060
newOrder,19066,1,17572,1682631060
newOrder,11604,0,29842,1682631060
newOrder,24957,1,29842,1682631060
cancel,11604,,,1682631631
cancel,18160,,,1682631631
cancel,19066,,,1682631631
cancel,24957,,,1682631631
newOrder,18142,0,17612,1682631659
newOrder,19066,1,17612,1682631659
newOrder,11604,0,20127,1682631659
newOrder,24957,1,20127,1682631659
cancel,11604,,,1682632231
cancel,18142,,,1682632231
cancel,19066,,,1682632231
cancel,24957,,,1682632231
newOrder,18141,0,17625,1682632262
newOrder,19066,1,17625,1682632262
newOrder,10885,0,47247,1682632262
newOrder,24999,1,47247,1682632262
cancel,10885,,,1682632831
cancel,18141,,,1682632831
cancel,19066,,,1682632831
cancel,24999,,,1682632831
newOrder,18143,0,17634,1682632860
newOrder,19066,1,17634,1682632860
newOrder,10886,0,83615,1682632860
newOrder,24999,1,83615,1682632860
cancel,10886,,,1682633431
cancel,18143,,,1682633431
cancel,19066,,,1682633431
cancel,24999,,,1682633431
newOrder,18143,0,17646,1682633460
newOrder,19066,1,17646,1682633460
newOrder,18001,0,15383,1682633460
newOrder,21887,1,15383,1682633460
cancel,18001,,,1682634031
cancel,18143,,,1682634031
cancel,19066,,,1682634031
cancel,21887,,,1682634031
newOrder,18142,0,17659,1682634062
newOrder,19066,1,17659,1682634062
newOrder,10885,0,91933,1682634062
newOrder,24999,1,91933,1682634062
cancel,10885,,,1682634631
cancel,18142,,,1682634631
cancel,19066,,,1682634631
cancel,24999,,,1682634631
newOrder,18143,0,17670,1682634661
newOrder,19066,1,17670,1682634661
newOrder,10886,0,65511,1682634661
newOrder,24999,1,65511,1682634661
cancel,10886,,,1682635231
cancel,18143,,,1682635231
cancel,19066,,,1682635231
cancel,24999,,,1682635231
newOrder,18160,0,17656,1682635259
newOrder,19066,1,17656,1682635259
newOrder,11604,0,28809,1682635259
newOrder,24957,1,28809,1682635259
cancel,11604,,,1682635831
cancel,18160,,,1682635831
cancel,19066,,,1682635831
cancel,24957,,,1682635831
newOrder,18162,0,17664,1682635860
newOrder,19066,1,17664,1682635860
newOrder,10897,0,80784,1682635860
newOrder,24999,1,80784,1682635860
cancel,10897,,,1682636431
cancel,18162,,,1682636431
cancel,19066,,,1682636431
cancel,24999,,,1682636431
newOrder,18162,0,17676,1682636460
newOrder,19066,1,17676,1682636460
newOrder,11604,0,28738,1682636460
newOrder,24957,1,28738,1682636460
cancel,11604,,,1682637032
cancel,18162,,,1682637032
cancel,19066,,,1682637032
cancel,24957,,,1682637032
newOrder,18163,0,17687,1682637065
newOrder,19066,1,17687,1682637065
newOrder,10898,0,75113,1682637065
newOrder,24999,1,75113,1682637065
cancel,10898,,,1682637631
cancel,18163,,,1682637631
cancel,19066,,,1682637631
cancel,24999,,,1682637631
newOrder,18162,0,17701,1682637660
newOrder,19066,1,17701,1682637660
newOrder,10897,0,78496,1682637660
newOrder,24999,1,78496,1682637660
cancel,10897,,,1682638231
cancel,18162,,,1682638231
cancel,19066,,,1682638231
cancel,24999,,,1682638231
newOrder,18162,0,17713,1682638260
newOrder,19066,1,17713,1682638260
newOrder,10897,0,45647,1682638260
newOrder,24999,1,45647,1682638260
cancel,10897,,,1682638832
cancel,18162,,,1682638832
cancel,19066,,,1682638832
cancel,24999,,,1682638832
newOrder,18162,0,17725,1682638860
newOrder,19066,1,17725,1682638860
newOrder,11604,0,23554,1682638860
newOrder,24957,1,23554,1682638860
cancel,11604,,,1682639431
cancel,18162,,,1682639431
cancel,19066,,,1682639431
cancel,24957,,,1682639431
newOrder,18170,0,17723,1682639460
newOrder,19066,1,17723,1682639460
newOrder,10902,0,70055,1682639460
newOrder,24999,1,70055,1682639460
cancel,10902,,,1682640031
cancel,18170,,,1682640031
cancel,19066,,,1682640031
cancel,24999,,,1682640031
newOrder,18170,0,17735,1682640062
newOrder,19066,1,17735,1682640062
newOrder,11604,0,23382,1682640062
newOrder,24957,1,23382,1682640062
cancel,11604,,,1682640631
cancel,18170,,,1682640631
cancel,19066,,,1682640631
cancel,24957,,,1682640631
newOrder,18169,0,17750,1682640660
newOrder,19066,1,17750,1682640660
newOrder,11604,0,29341,1682640660
newOrder,24957,1,29341,1682640660
cancel,11604,,,1682641231
cancel,18169,,,1682641231
cancel,19066,,,1682641231
cancel,24957,,,1682641231
newOrder,18171,0,17758,1682641260
newOrder,19066,1,17758,1682641260
newOrder,10903,0,51845,1682641260
newOrder,24999,1,51845,1682641260
cancel,10903,,,1682641831
cancel,18171,,,1682641831
cancel,19066,,,1682641831
cancel,24999,,,1682641831
newOrder,18170,0,17772,1682641861
newOrder,19066,1,17772,1682641861
newOrder,11286,0,43839,1682641861
newOrder,24999,1,43839,1682641861
cancel,11286,,,1682642431
cancel,18170,,,1682642431
cancel,19066,,,1682642431
cancel,24999,,,1682642431
newOrder,18169,0,17786,1682642461
newOrder,19066,1,17786,1682642461
newOrder,11604,0,38470,1682642461
newOrder,24957,1,38470,1682642461
cancel,11604,,,1682643031
cancel,18169,,,1682643031
cancel,19066,,,1682643031
cancel,24957,,,1682643031
newOrder,18170,0,17797,1682643059
newOrder,19066,1,17797,1682643059
newOrder,12001,0,19507,1682643059
newOrder,24957,1,19507,1682643059
cancel,12001,,,1682643631
cancel,18170,,,1682643631
cancel,19066,,,1682643631
cancel,24957,,,1682643631
newOrder,18171,0,17808,1682643660
newOrder,19066,1,17808,1682643660
newOrder,11604,0,21832,1682643660
newOrder,24957,1,21832,1682643660
cancel,11604,,,1682644231
cancel,18171,,,1682644231
cancel,19066,,,1682644231
cancel,24957,,,1682644231
newOrder,18175,0,17813,1682644260
newOrder,19066,1,17813,1682644260
newOrder,11604,0,36414,1682644260
newOrder,24957,1,36414,1682644260
cancel,11604,,,1682644832
cancel,18175,,,1682644832
cancel,19066,,,1682644832
cancel,24957,,,1682644832
newOrder,18175,0,17826,1682644861
newOrder,19066,1,17826,1682644861
newOrder,10905,0,60759,1682644861
newOrder,24999,1,60759,1682644861
cancel,10905,,,1682645432
cancel,18175,,,1682645432
cancel,19066,,,1682645432
cancel,24999,,,1682645432
newOrder,18175,0,17838,1682645459
newOrder,19066,1,17838,1682645459
newOrder,10905,0,74740,1682645459
newOrder,24999,1,74740,1682645459
cancel,10905,,,1682646031
cancel,18175,,,1682646031
cancel,19066,,,1682646031
cancel,24999,,,1682646031
newOrder,18173,0,17854,1682646059
newOrder,19066,1,17854,1682646059
newOrder,10904,0,77852,1682646059
newOrder,24999,1,77852,1682646059
cancel,10904,,,1682646631
cancel,18173,,,1682646631
cancel,19066,,,1682646631
cancel,24999,,,1682646631
newOrder,18174,0,17865,1682646660
newOrder,19066,1,17865,1682646660
newOrder,10905,0,78221,1682646660
newOrder,24999,1,78221,1682646660
cancel,10905,,,1682647231
cancel,18174,,,1682647231
cancel,19066,,,1682647231
cancel,24999,,,1682647231
newOrder,18174,0,17878,1682647260
newOrder,19066,1,17878,1682647260
newOrder,10905,0,62252,1682647260
newOrder,24999,1,62252,1682647260
cancel,10905,,,1682647831
cancel,18174,,,1682647831
cancel,19066,,,1682647831
cancel,24999,,,1682647831
newOrder,18174,0,17891,1682647860
newOrder,19066,1,17891,1682647860
newOrder,10904,0,74250,1682647860
newOrder,24999,1,74250,1682647860
cancel,10904,,,1682648431
cancel,18174,,,1682648431
cancel,19066,,,1682648431
cancel,24999,,,1682648431
newOrder,18173,0,17905,1682648460
newOrder,19066,1,17905,1682648460
newOrder,18001,0,11611,1682648460
newOrder,21887,1,11611,1682648460
cancel,18001,,,1682649031
cancel,18173,,,1682649031
cancel,19066,,,1682649031
cancel,21887,,,1682649031
newOrder,18174,0,17917,1682649060
newOrder,19066,1,17917,1682649060
newOrder,10904,0,69002,1682649060
newOrder,24999,1,69002,1682649060
cancel,10904,,,1682649631
cancel,18174,,,1682649631
cancel,19066,,,1682649631
cancel,24999,,,1682649631
newOrder,18174,0,17928,1682649661
newOrder,19066,1,17928,1682649661
newOrder,10905,0,65851,1682649661
newOrder,24999,1,65851,1682649661
cancel,10905,,,1682650230
cancel,18174,,,1682650230
cancel,19066,,,1682650230
cancel,24999,,,1682650230
newOrder,18173,0,17943,1682650260
newOrder,19066,1,17943,1682650260
newOrder,18001,0,14202,1682650260
newOrder,21887,1,14202,1682650260
cancel,18001,,,1682650830
cancel,18173,,,1682650830
cancel,19066,,,1682650830
cancel,21887,,,1682650830
newOrder,18185,0,17934,1682650861
newOrder,19066,1,17934,1682650861
newOrder,10911,0,73595,1682650861
newOrder,24999,1,73595,1682650861
cancel,10911,,,1682651430
cancel,18185,,,1682651430
cancel,19066,,,1682651430
cancel,24999,,,1682651430
newOrder,18185,0,17948,1682651459
newOrder,19066,1,17948,1682651459
newOrder,10911,0,87124,1682651459
newOrder,24999,1,87124,1682651459
cancel,10911,,,1682652031
cancel,18185,,,1682652031
cancel,19066,,,1682652031
cancel,24999,,,1682652031
newOrder,18159,0,18007,1682652060
newOrder,19066,1,18007,1682652060
newOrder,10895,0,76949,1682652060
newOrder,24999,1,76949,1682652060
cancel,10895,,,1682652631
cancel,18159,,,1682652631
cancel,19066,,,1682652631
cancel,24999,,,1682652631
newOrder,18159,0,18020,1682652659
newOrder,19066,1,18020,1682652659
newOrder,10895,0,81458,1682652659
newOrder,24999,1,81458,1682652659
cancel,10895,,,1682653231
cancel,18159,,,1682653231
cancel,19066,,,1682653231
cancel,24999,,,1682653231
newOrder,18159,0,18033,1682653261
newOrder,19066,1,18033,1682653261
newOrder,10895,0,66060,1682653261
newOrder,24999,1,66060,1682653261
cancel,10895,,,1682653831
cancel,18159,,,1682653831
cancel,19066,,,1682653831
cancel,24999,,,1682653831
newOrder,18159,0,18047,1682653859
newOrder,19066,1,18047,1682653859
newOrder,10895,0,86039,1682653859
newOrder,24999,1,86039,1682653859
cancel,10895,,,1682654430
cancel,18159,,,1682654430
cancel,19066,,,1682654430
cancel,24999,,,1682654430
newOrder,18159,0,18060,1682654459
newOrder,19066,1,18060,1682654459
newOrder,18001,0,11750,1682654459
newOrder,21887,1,11750,1682654459
cancel,18001,,,1682655032
cancel,18159,,,1682655032
cancel,19066,,,1682655032
cancel,21887,,,1682655032
newOrder,18159,0,18073,1682655060
newOrder,19066,1,18073,1682655060
newOrder,10895,0,56380,1682655060
newOrder,24999,1,56380,1682655060
cancel,10895,,,1682655631
cancel,18159,,,1682655631
cancel,19066,,,1682655631
cancel,24999,,,1682655631
newOrder,18159,0,18086,1682655661
newOrder,19066,1,18086,1682655661
newOrder,11604,0,32135,1682655661
newOrder,24957,1,32135,1682655661
cancel,11604,,,1682656231
cancel,18159,,,1682656231
cancel,19066,,,1682656231
cancel,24957,,,1682656231
newOrder,18159,0,18099,1682656259
newOrder,19066,1,18099,1682656259
newOrder,10895,0,75911,1682656259
newOrder,24999,1,75911,1682656259
cancel,10895,,,1682656831
cancel,18159,,,1682656831
cancel,19066,,,1682656831
cancel,24999,,,1682656831
newOrder,18159,0,18113,1682656860
newOrder,19066,1,18113,1682656860
newOrder,10895,0,60032,1682656860
newOrder,24999,1,60032,1682656860
cancel,10895,,,1682657431
cancel,18159,,,1682657431
cancel,19066,,,1682657431
cancel,24999,,,1682657431
newOrder,18159,0,18126,1682657459
newOrder,19066,1,18126,1682657459
newOrder,11604,0,36807,1682657459
newOrder,24957,1,36807,1682657459
cancel,11604,,,1682658031
cancel,18159,,,1682658031
cancel,19066,,,1682658031
cancel,24957,,,1682658031
newOrder,18159,0,18139,1682658059
newOrder,19066,1,18139,1682658059
newOrder,11286,0,41291,1682658059
newOrder,24957,1,41291,1682658059
cancel,11286,,,1682658631
cancel,18159,,,1682658631
cancel,19066,,,1682658631
cancel,24957,,,1682658631
newOrder,18159,0,18153,1682658660
newOrder,19066,1,18153,1682658660
newOrder,11604,0,37456,1682658660
newOrder,24957,1,37456,1682658660
cancel,11604,,,1682659231
cancel,18159,,,1682659231
cancel,19066,,,1682659231
cancel,24957,,,1682659231
newOrder,18159,0,18166,1682659260
newOrder,19066,1,18166,1682659260
newOrder,12001,0,18297,1682659260
newOrder,21899,1,18297,1682659260
cancel,12001,,,1682659830
cancel,18159,,,1682659830
cancel,19066,,,1682659830
cancel,21899,,,1682659830
newOrder,18159,0,18180,1682659862
newOrder,19066,1,18180,1682659862
newOrder,18001,0,14311,1682659862
newOrder,21887,1,14311,1682659862
cancel,18001,,,1682660430
cancel,18159,,,1682660430
cancel,19066,,,1682660430
cancel,21887,,,1682660430
newOrder,18159,0,18193,1682660460
newOrder,19066,1,18193,1682660460
newOrder,10895,0,93357,1682660460
newOrder,24999,1,93357,1682660460
cancel,10895,,,1682661031
cancel,18159,,,1682661031
cancel,19066,,,1682661031
cancel,24999,,,1682661031
newOrder,18159,0,18207,1682661060
newOrder,19066,1,18207,1682661060
newOrder,18001,0,11430,1682661060
newOrder,21887,1,11430,1682661060
cancel,18001,,,1682661631
cancel,18159,,,1682661631
cancel,19066,,,1682661631
cancel,21887,,,1682661631
newOrder,18159,0,18221,1682661660
newOrder,19066,1,18221,1682661660
newOrder,11286,0,44984,1682661660
newOrder,24999,1,44984,1682661660
cancel,11286,,,1682662231
cancel,18159,,,1682662231
cancel,19066,,,1682662231
cancel,24999,,,1682662231
newOrder,18159,0,18234,1682662260
newOrder,19066,1,18234,1682662260
newOrder,10895,0,58782,1682662260
newOrder,24999,1,58782,1682662260
cancel,10895,,,1682662831
cancel,18159,,,1682662831
cancel,19066,,,1682662831
cancel,24999,,,1682662831
newOrder,18159,0,18248,1682662858
newOrder,19066,1,18248,1682662858
newOrder,10895,0,79716,1682662858
newOrder,24999,1,79716,1682662858
cancel,10895,,,1682663430
cancel,18159,,,1682663430
cancel,19066,,,1682663430
cancel,24999,,,1682663430
newOrder,18159,0,18262,1682663461
newOrder,19066,1,18262,1682663461
newOrder,10895,0,82576,1682663461
newOrder,24999,1,82576,1682663461
cancel,10895,,,1682664031
cancel,18159,,,1682664031
cancel,19066,,,1682664031
cancel,24999,,,1682664031
newOrder,18159,0,18276,1682664065
newOrder,19066,1,18276,1682664065
newOrder,10895,0,62888,1682664065
newOrder,24999,1,62888,1682664065
cancel,10895,,,1682664631
cancel,18159,,,1682664631
cancel,19066,,,1682664631
cancel,24999,,,1682664631
newOrder,18159,0,18289,1682664659
newOrder,19066,1,18289,1682664659
newOrder,10895,0,53244,1682664659
newOrder,24999,1,53244,1682664659
cancel,10895,,,1682665231
cancel,18159,,,1682665231
cancel,19066,,,1682665231
cancel,24999,,,1682665231
newOrder,18159,0,18303,1682665260
newOrder,19066,1,18303,1682665260
newOrder,11286,0,45637,1682665260
newOrder,24999,1,45637,1682665260
cancel,11286,,,1682665831
cancel,18159,,,1682665831
cancel,19066,,,1682665831
cancel,24999,,,1682665831
newOrder,18159,0,18317,1682665861
newOrder,19066,1,18317,1682665861
newOrder,10895,0,86290,1682665861
newOrder,24999,1,86290,1682665861
cancel,10895,,,1682666431
cancel,18159,,,1682666431
cancel,19066,,,1682666431
cancel,24999,,,1682666431
newOrder,18159,0,18331,1682666460
newOrder,19066,1,18331,1682666460
newOrder,11604,0,22494,1682666460
newOrder,24957,1,22494,1682666460
cancel,11604,,,1682667031
cancel,18159,,,1682667031
cancel,19066,,,1682667031
cancel,24957,,,1682667031
newOrder,18159,0,18345,1682667060
newOrder,19066,1,18345,1682667060
newOrder,10895,0,68510,1682667060
newOrder,24999,1,68510,1682667060
cancel,10895,,,1682667631
cancel,18159,,,1682667631
cancel,19066,,,1682667631
cancel,24999,,,1682667631
newOrder,18159,0,18359,1682667661
newOrder,19066,1,18359,1682667661
newOrder,10895,0,75744,1682667661
newOrder,24999,1,75744,1682667661
cancel,10895,,,1682668231
cancel,18159,,,1682668231
cancel,19066,,,1682668231
cancel,24999,,,1682668231
newOrder,18159,0,18373,1682668260
newOrder,19066,1,18373,1682668260
newOrder,11286,0,41682,1682668260
newOrder,24957,1,41682,1682668260
cancel,11286,,,1682668830
cancel,18159,,,1682668830
cancel,19066,,,1682668830
cancel,24957,,,1682668830
newOrder,18159,0,18387,1682668861
newOrder,19066,1,18387,1682668861
newOrder,10895,0,52476,1682668861
newOrder,24999,1,52476,1682668861
cancel,10895,,,1682669431
cancel,18159,,,1682669431
cancel,19066,,,1682669431
cancel,24999,,,1682669431
newOrder,18159,0,18401,1682669460
newOrder,19066,1,18401,1682669460
newOrder,10895,0,47063,1682669460
newOrder,24999,1,47063,1682669460
cancel,10895,,,1682670031
cancel,18159,,,1682670031
cancel,19066,,,1682670031
cancel,24999,,,1682670031
newOrder,18159,0,18416,1682670060
newOrder,19066,1,18416,1682670060
newOrder,18001,0,17440,1682670060
newOrder,21887,1,17440,1682670060
cancel,18001,,,1682670631
cancel,18159,,,1682670631
cancel,19066,,,1682670631
cancel,21887,,,1682670631
newOrder,18159,0,18430,1682670660
newOrder,19066,1,18430,1682670660
newOrder,10895,0,57900,1682670660
newOrder,24999,1,57900,1682670660
cancel,10895,,,1682671230
cancel,18159,,,1682671230
cancel,19066,,,1682671230
cancel,24999,,,1682671230
newOrder,18094,0,18554,1682671261
newOrder,19066,1,18554,1682671261
newOrder,10856,0,93896,1682671261
newOrder,24999,1,93896,1682671261
cancel,10856,,,1682671831
cancel,18094,,,1682671831
cancel,19066,,,1682671831
cancel,24999,,,1682671831
newOrder,18094,0,18568,1682671859
newOrder,19066,1,18568,1682671859
newOrder,12001,0,20989,1682671859
newOrder,24957,1,20989,1682671859
cancel,12001,,,1682672431
cancel,18094,,,1682672431
cancel,19066,,,1682672431
cancel,24957,,,1682672431
newOrder,18093,0,18584,1682672464
newOrder,19066,1,18584,1682672464
newOrder,11604,0,29549,1682672464
newOrder,24957,1,29549,1682672464
cancel,11604,,,1682673031
cancel,18093,,,1682673031
cancel,19066,,,1682673031
cancel,24957,,,1682673031
newOrder,18093,0,18599,1682673060
newOrder,19066,1,18599,1682673060
newOrder,12001,0,20556,1682673060
newOrder,24957,1,20556,1682673060
cancel,12001,,,1682673631
cancel,18093,,,1682673631
cancel,19066,,,1682673631
cancel,24957,,,1682673631
newOrder,18094,0,18612,1682673659
newOrder,19066,1,18612,1682673659
newOrder,10856,0,83869,1682673659
newOrder,24999,1,83869,1682673659
cancel,10856,,,1682674230
cancel,18094,,,1682674230
cancel,19066,,,1682674230
cancel,24999,,,1682674230
newOrder,18093,0,18628,1682674259
newOrder,19066,1,18628,1682674259
newOrder,11286,0,44779,1682674259
newOrder,24999,1,44779,1682674259
cancel,11286,,,1682674831
cancel,18093,,,1682674831
cancel,19066,,,1682674831
cancel,24999,,,1682674831
newOrder,18094,0,18642,1682674860
newOrder,19066,1,18642,1682674860
newOrder,10856,0,65876,1682674860
newOrder,24999,1,65876,1682674860
cancel,10856,,,1682675431
cancel,18094,,,1682675431
cancel,19066,,,1682675431
cancel,24999,,,1682675431
newOrder,18095,0,18656,1682675460
newOrder,19066,1,18656,1682675460
newOrder,10857,0,47485,1682675460
newOrder,24999,1,47485,1682675460
cancel,10857,,,1682676031
cancel,18095,,,1682676031
cancel,19066,,,1682676031
cancel,24999,,,1682676031
newOrder,18093,0,18674,1682676061
newOrder,19066,1,18674,1682676061
newOrder,10856,0,86306,1682676061
newOrder,24999,1,86306,1682676061
cancel,10856,,,1682676631
cancel,18093,,,1682676631
cancel,19066,,,1682676631
cancel,24999,,,1682676631
newOrder,18094,0,18687,1682676659
newOrder,19066,1,18687,1682676659
newOrder,18001,0,16943,1682676659
newOrder,21887,1,16943,1682676659
cancel,18001,,,1682677231
cancel,18094,,,1682677231
cancel,19066,,,1682677231
cancel,21887,,,1682677231
newOrder,18094,0,18703,1682677260
newOrder,19066,1,18703,1682677260
newOrder,10856,0,97574,1682677260
newOrder,24999,1,97574,1682677260
cancel,10856,,,1682677831
cancel,18094,,,1682677831
cancel,19066,,,1682677831
cancel,24999,,,1682677831
newOrder,18168,0,18587,1682677861
newOrder,19066,1,18587,1682677861
newOrder,11604,0,38436,1682677861
newOrder,24957,1,38436,1682677861
cancel,11604,,,1682678431
cancel,18168,,,1682678431
cancel,19066,,,1682678431
cancel,24957,,,1682678431
newOrder,18168,0,18602,1682678460
newOrder,19066,1,18602,1682678460
newOrder,11604,0,34048,1682678460
newOrder,24957,1,34048,1682678460
cancel,11604,,,1682679031
cancel,18168,,,1682679031
cancel,19066,,,1682679031
cancel,24957,,,1682679031
newOrder,18168,0,18617,1682679062
newOrder,19066,1,18617,1682679062
newOrder,10901,0,53912,1682679062
newOrder,24999,1,53912,1682679062
cancel,10901,,,1682679631
cancel,18168,,,1682679631
cancel,19066,,,1682679631
cancel,24999,,,1682679631
newOrder,18168,0,18631,1682679660
newOrder,19066,1,18631,1682679660
newOrder,12001,0,20787,1682679660
newOrder,24957,1,20787,1682679660
cancel,12001,,,1682680230
cancel,18168,,,1682680230
cancel,19066,,,1682680230
cancel,24957,,,1682680230
newOrder,18168,0,18646,1682680259
newOrder,19066,1,18646,1682680259
newOrder,10901,0,90972,1682680259
newOrder,24999,1,90972,1682680259
cancel,10901,,,1682680831
cancel,18168,,,1682680831
cancel,19066,,,1682680831
cancel,24999,,,1682680831
newOrder,18169,0,18660,1682680860
newOrder,19066,1,18660,1682680860
newOrder,11604,0,25415,1682680860
newOrder,24957,1,25415,1682680860
cancel,11604,,,1682681432
cancel,18169,,,1682681432
cancel,19066,,,1682681432
cancel,24957,,,1682681432
newOrder,18169,0,18675,1682681462
newOrder,19066,1,18675,1682681462
newOrder,10901,0,87329,1682681462
newOrder,24999,1,87329,1682681462
cancel,10901,,,1682682031
cancel,18169,,,1682682031
cancel,19066,,,1682682031
cancel,24999,,,1682682031
newOrder,18169,0,18690,1682682060
newOrder,19066,1,18690,1682682060
newOrder,18001,0,17971,1682682060
newOrder,21887,1,17971,1682682060
cancel,18001,,,1682682631
cancel,18169,,,1682682631
cancel,19066,,,1682682631
cancel,21887,,,1682682631
newOrder,18169,0,18705,1682682660
newOrder,19066,1,18705,1682682660
newOrder,11604,0,33288,1682682660
newOrder,24957,1,33288,1682682660
cancel,11604,,,1682683230
cancel,18169,,,1682683230
cancel,19066,,,1682683230
cancel,24957,,,1682683230
newOrder,18210,0,18628,1682683260
newOrder,19066,1,18628,1682683260
newOrder,10926,0,51562,1682683260
newOrder,24999,1,51562,1682683260