instruction,price,side,qty,time
cancel,11892,,,1676722234
cancel,19820,,,1676722234
cancel,20590,,,1676722234
cancel,24999,,,1676722234
newOrder,19820,0,27278,1676722241
newOrder,20586,1,27278,1676722241
newOrder,11892,0,109112,1676722241
newOrder,24999,1,109112,1676722241
cancel,11892,,,1676722836
cancel,19820,,,1676722836
cancel,20586,,,1676722836
cancel,24999,,,1676722836
newOrder,19820,0,27278,1676722843
newOrder,20586,1,27278,1676722843
newOrder,11892,0,109114,1676722843
newOrder,24999,1,109114,1676722843
cancel,11892,,,1676723434
cancel,19820,,,1676723434
cancel,20586,,,1676723434
cancel,24999,,,1676723434
newOrder,19820,0,27280,1676723443
newOrder,20586,1,27280,1676723443
newOrder,11892,0,109121,1676723443
newOrder,24999,1,109121,1676723443
cancel,11892,,,1676724036
cancel,19820,,,1676724036
cancel,20586,,,1676724036
cancel,24999,,,1676724036
newOrder,19820,0,27285,1676724041
newOrder,20586,1,27285,1676724041
newOrder,11892,0,109138,1676724041
newOrder,24999,1,109138,1676724041
cancel,11892,,,1676724634
cancel,19820,,,1676724634
cancel,20586,,,1676724634
cancel,24999,,,1676724634
newOrder,19820,0,27209,1676724645
newOrder,20603,1,27209,1676724645
newOrder,11892,0,108835,1676724645
newOrder,24999,1,108835,1676724645
cancel,11892,,,1676725234
cancel,19820,,,1676725234
cancel,20603,,,1676725234
cancel,24999,,,1676725234
newOrder,19820,0,27286,1676725241
newOrder,20586,1,27286,1676725241
newOrder,11892,0,109145,1676725241
newOrder,24999,1,109145,1676725241
cancel,11892,,,1676725833
cancel,19820,,,1676725833
cancel,20586,,,1676725833
cancel,24999,,,1676725833
newOrder,19820,0,27287,1676725842
newOrder,20586,1,27287,1676725842
newOrder,11892,0,109147,1676725842
newOrder,24999,1,109147,1676725842
cancel,11892,,,1676726434
cancel,19820,,,1676726434
cancel,20586,,,1676726434
cancel,24999,,,1676726434
newOrder,19820,0,27292,1676726441
newOrder,20586,1,27292,1676726441
newOrder,11892,0,109166,1676726441
newOrder,24999,1,109166,1676726441
cancel,11892,,,1676727034
cancel,19820,,,1676727034
cancel,20586,,,1676727034
cancel,24999,,,1676727034
newOrder,19820,0,27297,1676727041
newOrder,20585,1,27297,1676727041
newOrder,11892,0,109190,1676727041
newOrder,24999,1,109190,1676727041
cancel,11892,,,1676727635
cancel,19820,,,1676727635
cancel,20585,,,1676727635
cancel,24999,,,1676727635
newOrder,19820,0,27219,1676727643
newOrder,20603,1,27219,1676727643
newOrder,11892,0,108875,1676727643
newOrder,24999,1,108875,1676727643
cancel,11892,,,1676728234
cancel,19820,,,1676728234
cancel,20603,,,1676728234
cancel,24999,,,1676728234
newOrder,19820,0,27299,1676728242
newOrder,20586,1,27299,1676728242
newOrder,11892,0,109195,1676728242
newOrder,24999,1,109195,1676728242
cancel,11892,,,1676728836
cancel,19820,,,1676728836
cancel,20586,,,1676728836
cancel,24999,,,1676728836
newOrder,19820,0,27297,1676728844
newOrder,20586,1,27297,1676728844
newOrder,11892,0,109187,1676728844
newOrder,24999,1,109187,1676728844
cancel,11892,,,1676729435
cancel,19820,,,1676729435
cancel,20586,,,1676729435
cancel,24999,,,1676729435
newOrder,19820,0,27301,1676729442
newOrder,20586,1,27301,1676729442
newOrder,11892,0,109203,1676729442
newOrder,24999,1,109203,1676729442
cancel,11892,,,1676730034
cancel,19820,,,1676730034
cancel,20586,,,1676730034
cancel,24999,,,1676730034
newOrder,19820,0,27303,1676730040
newOrder,20586,1,27303,1676730040
newOrder,11892,0,109211,1676730040
newOrder,24999,1,109211,1676730040
cancel,11892,,,1676730635
cancel,19820,,,1676730635
cancel,20586,,,1676730635
cancel,24999,,,1676730635
newOrder,19820,0,27307,1676730645
newOrder,20585,1,27307,1676730645
newOrder,11892,0,109229,1676730645
newOrder,24999,1,109229,1676730645
cancel,11892,,,1676731234
cancel,19820,,,1676731234
cancel,20585,,,1676731234
cancel,24999,,,1676731234
newOrder,19820,0,27308,1676731241
newOrder,20586,1,27308,1676731241
newOrder,11892,0,109231,1676731241
newOrder,24999,1,109231,1676731241
cancel,11892,,,1676731836
cancel,19820,,,1676731836
cancel,20586,,,1676731836
cancel,24999,,,1676731836
newOrder,19820,0,27312,1676731842
newOrder,20585,1,27312,1676731842
newOrder,11892,0,109248,1676731842
newOrder,24999,1,109248,1676731842
cancel,11892,,,1676732435
cancel,19820,,,1676732435
cancel,20585,,,1676732435
cancel,24999,,,1676732435
newOrder,19820,0,27311,1676732442
newOrder,20586,1,27311,1676732442
newOrder,11892,0,109243,1676732442
newOrder,24999,1,109243,1676732442
cancel,11892,,,1676733034
cancel,19820,,,1676733034
cancel,20586,,,1676733034
cancel,24999,,,1676733034
newOrder,19820,0,27313,1676733042
newOrder,20586,1,27313,1676733042
newOrder,11892,0,109250,1676733042
newOrder,24999,1,109250,1676733042
cancel,11892,,,1676733636
cancel,19820,,,1676733636
cancel,20586,,,1676733636
cancel,24999,,,1676733636
newOrder,19820,0,27315,1676733643
newOrder,20586,1,27315,1676733643
newOrder,11892,0,109259,1676733643
newOrder,24999,1,109259,1676733643
cancel,11892,,,1676734234
cancel,19820,,,1676734234
cancel,20586,,,1676734234
cancel,24999,,,1676734234
newOrder,19820,0,27319,1676734242
newOrder,20585,1,27319,1676734242
newOrder,11892,0,109278,1676734242
newOrder,24999,1,109278,1676734242
cancel,11892,,,1676734834
cancel,19820,,,1676734834
cancel,20585,,,1676734834
cancel,24999,,,1676734834
newOrder,19820,0,27319,1676734843
newOrder,20586,1,27319,1676734843
newOrder,11892,0,109274,1676734843
newOrder,24999,1,109274,1676734843
cancel,11892,,,1676735437
cancel,19820,,,1676735437
cancel,20586,,,1676735437
cancel,24999,,,1676735437
newOrder,19820,0,27324,1676735444
newOrder,20585,1,27324,1676735444
newOrder,11892,0,109296,1676735444
newOrder,24999,1,109296,1676735444
cancel,11892,,,1676736034
cancel,19820,,,1676736034
cancel,20585,,,1676736034
cancel,24999,,,1676736034
newOrder,19820,0,27323,1676736043
newOrder,20586,1,27323,1676736043
newOrder,11892,0,109291,1676736043
newOrder,24999,1,109291,1676736043
cancel,11892,,,1676736634
cancel,19820,,,1676736634
cancel,20586,,,1676736634
cancel,24999,,,1676736634
newOrder,19820,0,27325,1676736643
newOrder,20586,1,27325,1676736643
newOrder,11892,0,109299,1676736643
newOrder,24999,1,109299,1676736643
cancel,11892,,,1676737234
cancel,19820,,,1676737234
cancel,20586,,,1676737234
cancel,24999,,,1676737234
newOrder,19820,0,27250,1676737242
newOrder,20603,1,27250,1676737242
newOrder,11892,0,109001,1676737242
newOrder,24999,1,109001,1676737242
cancel,11892,,,1676737834
cancel,19820,,,1676737834
cancel,20603,,,1676737834
cancel,24999,,,1676737834
newOrder,19820,0,27329,1676737842
newOrder,20586,1,27329,1676737842
newOrder,11892,0,109316,1676737842
newOrder,24999,1,109316,1676737842
cancel,11892,,,1676738434
cancel,19820,,,1676738434
cancel,20586,,,1676738434
cancel,24999,,,1676738434
newOrder,19820,0,27331,1676738440
newOrder,20586,1,27331,1676738440
newOrder,11892,0,109323,1676738440
newOrder,24999,1,109323,1676738440
cancel,11892,,,1676739034
cancel,19820,,,1676739034
cancel,20586,,,1676739034
cancel,24999,,,1676739034
newOrder,19820,0,27333,1676739039
newOrder,20586,1,27333,1676739039
newOrder,11892,0,109331,1676739039
newOrder,24999,1,109331,1676739039
cancel,11892,,,1676739634
cancel,19820,,,1676739634
cancel,20586,,,1676739634
cancel,24999,,,1676739634
newOrder,19820,0,27335,1676739642
newOrder,20586,1,27335,1676739642
newOrder,11892,0,109340,1676739642
newOrder,24999,1,109340,1676739642
cancel,11892,,,1676740234
cancel,19820,,,1676740234
cancel,20586,,,1676740234
cancel,24999,,,1676740234
newOrder,19820,0,27337,1676740240
newOrder,20586,1,27337,1676740240
newOrder,11892,0,109347,1676740240
newOrder,24999,1,109347,1676740240
cancel,11892,,,1676740835
cancel,19820,,,1676740835
cancel,20586,,,1676740835
cancel,24999,,,1676740835
newOrder,19820,0,27341,1676740841
newOrder,20586,1,27341,1676740841
newOrder,11892,0,109364,1676740841
newOrder,24999,1,109364,1676740841
cancel,11892,,,1676741435
cancel,19820,,,1676741435
cancel,20586,,,1676741435
cancel,24999,,,1676741435
newOrder,19820,0,27341,1676741443
newOrder,20586,1,27341,1676741443
newOrder,11892,0,109363,1676741443
newOrder,24999,1,109363,1676741443
cancel,11892,,,1676742034
cancel,19820,,,1676742034
cancel,20586,,,1676742034
cancel,24999,,,1676742034
newOrder,19820,0,27346,1676742040
newOrder,20585,1,27346,1676742040
newOrder,11892,0,109384,1676742040
newOrder,24999,1,109384,1676742040
cancel,11892,,,1676742636
cancel,19820,,,1676742636
cancel,20585,,,1676742636
cancel,24999,,,1676742636
newOrder,19820,0,27343,1676742652
newOrder,20586,1,27343,1676742652
newOrder,11892,0,109372,1676742652
newOrder,24999,1,109372,1676742652
cancel,11892,,,1676743235
cancel,19820,,,1676743235
cancel,20586,,,1676743235
cancel,24999,,,1676743235
newOrder,19820,0,27347,1676743242
newOrder,20586,1,27347,1676743242
newOrder,11892,0,109386,1676743242
newOrder,24999,1,109386,1676743242
cancel,11892,,,1676743837
cancel,19820,,,1676743837
cancel,20586,,,1676743837
cancel,24999,,,1676743837
newOrder,19820,0,27352,1676743847
newOrder,20585,1,27352,1676743847
newOrder,11892,0,109409,1676743847
newOrder,24999,1,109409,1676743847
cancel,11892,,,1676744436
cancel,19820,,,1676744436
cancel,20585,,,1676744436
cancel,24999,,,1676744436
newOrder,19820,0,27351,1676744446
newOrder,20586,1,27351,1676744446
newOrder,11892,0,109402,1676744446
newOrder,24999,1,109402,1676744446
cancel,11892,,,1676745035
cancel,19820,,,1676745035
cancel,20586,,,1676745035
cancel,24999,,,1676745035
newOrder,19820,0,26982,1676745045
newOrder,20667,1,26982,1676745045
newOrder,11892,0,107929,1676745045
newOrder,24999,1,107929,1676745045
cancel,11892,,,1676745635
cancel,19820,,,1676745635
cancel,20667,,,1676745635
cancel,24999,,,1676745635
newOrder,19820,0,26984,1676745642
newOrder,20667,1,26984,1676745642
newOrder,11892,0,107936,1676745642
newOrder,24999,1,107936,1676745642
cancel,11892,,,1676746236
cancel,19820,,,1676746236
cancel,20667,,,1676746236
cancel,24999,,,1676746236
newOrder,19820,0,26986,1676746244
newOrder,20667,1,26986,1676746244
newOrder,11892,0,107943,1676746244
newOrder,24999,1,107943,1676746244
cancel,11892,,,1676746837
cancel,19820,,,1676746837
cancel,20667,,,1676746837
cancel,24999,,,1676746837
newOrder,19820,0,26988,1676746843
newOrder,20667,1,26988,1676746843
newOrder,11892,0,107950,1676746843
newOrder,24999,1,107950,1676746843
cancel,11892,,,1676747435
cancel,19820,,,1676747435
cancel,20667,,,1676747435
cancel,24999,,,1676747435
newOrder,19820,0,26989,1676747443
newOrder,20667,1,26989,1676747443
newOrder,11892,0,107957,1676747443
newOrder,24999,1,107957,1676747443
cancel,11892,,,1676748034
cancel,19820,,,1676748034
cancel,20667,,,1676748034
cancel,24999,,,1676748034
newOrder,19820,0,26991,1676748043
newOrder,20667,1,26991,1676748043
newOrder,11892,0,107965,1676748043
newOrder,24999,1,107965,1676748043
cancel,11892,,,1676748635
cancel,19820,,,1676748635
cancel,20667,,,1676748635
cancel,24999,,,1676748635
newOrder,19820,0,26993,1676748642
newOrder,20667,1,26993,1676748642
newOrder,11892,0,107972,1676748642
newOrder,24999,1,107972,1676748642
cancel,11892,,,1676749235
cancel,19820,,,1676749235
cancel,20667,,,1676749235
cancel,24999,,,1676749235
newOrder,19820,0,26995,1676749242
newOrder,20667,1,26995,1676749242
newOrder,11892,0,107979,1676749242
newOrder,24999,1,107979,1676749242
cancel,11892,,,1676749836
cancel,19820,,,1676749836
cancel,20667,,,1676749836
cancel,24999,,,1676749836
newOrder,19820,0,26996,1676749845
newOrder,20667,1,26996,1676749845
newOrder,11892,0,107986,1676749845
newOrder,24999,1,107986,1676749845
cancel,11892,,,1676750435
cancel,19820,,,1676750435
cancel,20667,,,1676750435
cancel,24999,,,1676750435
newOrder,19820,0,26998,1676750442
newOrder,20667,1,26998,1676750442
newOrder,11892,0,107993,1676750442
newOrder,24999,1,107993,1676750442
cancel,11892,,,1676751034
cancel,19820,,,1676751034
cancel,20667,,,1676751034
cancel,24999,,,1676751034
newOrder,19820,0,27000,1676751041
newOrder,20667,1,27000,1676751041
newOrder,11892,0,108000,1676751041
newOrder,24999,1,108000,1676751041
cancel,11892,,,1676751634
cancel,19820,,,1676751634
cancel,20667,,,1676751634
cancel,24999,,,1676751634
newOrder,19820,0,27002,1676751640
newOrder,20667,1,27002,1676751640
newOrder,11892,0,108007,1676751640
newOrder,24999,1,108007,1676751640
cancel,11892,,,1676752235
cancel,19820,,,1676752235
cancel,20667,,,1676752235
cancel,24999,,,1676752235
newOrder,19820,0,27003,1676752241
newOrder,20667,1,27003,1676752241
newOrder,11892,0,108014,1676752241
newOrder,24999,1,108014,1676752241
cancel,11892,,,1676752835
cancel,19820,,,1676752835
cancel,20667,,,1676752835
cancel,24999,,,1676752835
newOrder,19820,0,27005,1676752844
newOrder,20667,1,27005,1676752844
newOrder,11892,0,108021,1676752844
newOrder,24999,1,108021,1676752844
cancel,11892,,,1676753435
cancel,19820,,,1676753435
cancel,20667,,,1676753435
cancel,24999,,,1676753435
newOrder,19820,0,27007,1676753444
newOrder,20667,1,27007,1676753444
newOrder,11892,0,108028,1676753444
newOrder,24999,1,108028,1676753444
cancel,11892,,,1676754037
cancel,19820,,,1676754037
cancel,20667,,,1676754037
cancel,24999,,,1676754037
newOrder,19820,0,27009,1676754044
newOrder,20667,1,27009,1676754044
newOrder,11892,0,108035,1676754044
newOrder,24999,1,108035,1676754044
cancel,11892,,,1676754639
cancel,19820,,,1676754639
cancel,20667,,,1676754639
cancel,24999,,,1676754639
newOrder,19820,0,27011,1676754647
newOrder,20667,1,27011,1676754647
newOrder,11892,0,108042,1676754647
newOrder,24999,1,108042,1676754647
cancel,11892,,,1676755235
cancel,19820,,,1676755235
cancel,20667,,,1676755235
cancel,24999,,,1676755235
newOrder,19820,0,27012,1676755246
newOrder,20667,1,27012,1676755246
newOrder,11892,0,108049,1676755246
newOrder,24999,1,108049,1676755246
cancel,11892,,,1676755834
cancel,19820,,,1676755834
cancel,20667,,,1676755834
cancel,24999,,,1676755834
newOrder,19820,0,27014,1676755843
newOrder,20667,1,27014,1676755843
newOrder,11892,0,108056,1676755843
newOrder,24999,1,108056,1676755843
cancel,11892,,,1676756439
cancel,19820,,,1676756439
cancel,20667,,,1676756439
cancel,24999,,,1676756439
newOrder,19820,0,26997,1676756447
newOrder,20671,1,26997,1676756447
newOrder,11892,0,107988,1676756447
newOrder,24999,1,107988,1676756447
cancel,11892,,,1676757035
cancel,19820,,,1676757035
cancel,20671,,,1676757035
cancel,24999,,,1676757035
newOrder,19820,0,26999,1676757042
newOrder,20671,1,26999,1676757042
newOrder,11892,0,107995,1676757042
newOrder,24999,1,107995,1676757042
cancel,11892,,,1676757633
cancel,19820,,,1676757633
cancel,20671,,,1676757633
cancel,24999,,,1676757633
newOrder,19820,0,27000,1676757641
newOrder,20671,1,27000,1676757641
newOrder,11892,0,108002,1676757641
newOrder,24999,1,108002,1676757641
cancel,11892,,,1676758235
cancel,19820,,,1676758235
cancel,20671,,,1676758235
cancel,24999,,,1676758235
newOrder,19820,0,27002,1676758242
newOrder,20671,1,27002,1676758242
newOrder,11892,0,108009,1676758242
newOrder,24999,1,108009,1676758242
cancel,11892,,,1676758835
cancel,19820,,,1676758835
cancel,20671,,,1676758835
cancel,24999,,,1676758835
newOrder,19820,0,26653,1676758843
newOrder,20747,1,26653,1676758843
newOrder,11892,0,106612,1676758843
newOrder,24999,1,106612,1676758843
cancel,11892,,,1676759439
cancel,19820,,,1676759439
cancel,20747,,,1676759439
cancel,24999,,,1676759439
newOrder,19820,0,26655,1676759451
newOrder,20747,1,26655,1676759451
newOrder,11892,0,106618,1676759451
cancel,11892,,,1676760033
cancel,19820,,,1676760033
cancel,20747,,,1676760033
newOrder,19820,0,26656,1676760043
newOrder,20747,1,26656,1676760043
newOrder,11892,0,106624,1676760043
newOrder,24999,1,106624,1676760043
cancel,11892,,,1676760634
cancel,19820,,,1676760634
cancel,20747,,,1676760634
cancel,24999,,,1676760634
newOrder,19820,0,26658,1676760641
newOrder,20747,1,26658,1676760641
newOrder,11892,0,106630,1676760641
newOrder,24999,1,106630,1676760641
cancel,11892,,,1676761234
cancel,19820,,,1676761234
cancel,20747,,,1676761234
cancel,24999,,,1676761234
newOrder,19820,0,26795,1676761242
newOrder,20718,1,26795,1676761242
newOrder,11892,0,107180,1676761242
newOrder,24999,1,107180,1676761242
cancel,11892,,,1676761834
cancel,19820,,,1676761834
cancel,20718,,,1676761834
cancel,24999,,,1676761834
newOrder,19820,0,26704,1676761842
newOrder,20738,1,26704,1676761842
newOrder,11892,0,106816,1676761842
newOrder,24999,1,106816,1676761842
cancel,11892,,,1676762437
cancel,19820,,,1676762437
cancel,20738,,,1676762437
cancel,24999,,,1676762437
newOrder,19820,0,26706,1676762446
newOrder,20738,1,26706,1676762446
newOrder,11892,0,106823,1676762446
newOrder,24999,1,106823,1676762446
cancel,11892,,,1676763034
cancel,19820,,,1676763034
cancel,20738,,,1676763034
cancel,24999,,,1676763034
newOrder,19820,0,26707,1676763042
newOrder,20738,1,26707,1676763042
newOrder,11892,0,106829,1676763042
newOrder,24999,1,106829,1676763042
cancel,11892,,,1676763635
cancel,19820,,,1676763635
cancel,20738,,,1676763635
cancel,24999,,,1676763635
newOrder,19820,0,26709,1676763643
newOrder,20738,1,26709,1676763643
newOrder,11892,0,106834,1676763643
newOrder,24999,1,106834,1676763643
cancel,11892,,,1676764235
cancel,19820,,,1676764235
cancel,20738,,,1676764235
cancel,24999,,,1676764235
newOrder,19820,0,26708,1676764245
newOrder,20738,1,26708,1676764245
newOrder,11892,0,106834,1676764245
newOrder,24999,1,106834,1676764245
cancel,11892,,,1676764836
cancel,19820,,,1676764836
cancel,20738,,,1676764836
cancel,24999,,,1676764836
newOrder,19820,0,26716,1676764845
newOrder,20737,1,26716,1676764845
newOrder,11892,0,106862,1676764845
newOrder,24999,1,106862,1676764845
cancel,11892,,,1676765435
cancel,19820,,,1676765435
cancel,20737,,,1676765435
cancel,24999,,,1676765435
newOrder,19820,0,26717,1676765441
newOrder,20737,1,26717,1676765441
newOrder,11892,0,106867,1676765441
newOrder,24999,1,106867,1676765441
cancel,11892,,,1676766035
cancel,19820,,,1676766035
cancel,20737,,,1676766035
cancel,24999,,,1676766035
newOrder,19820,0,26719,1676766041
newOrder,20737,1,26719,1676766041
newOrder,11892,0,106875,1676766041
newOrder,24999,1,106875,1676766041
cancel,11892,,,1676766636
cancel,19820,,,1676766636
cancel,20737,,,1676766636
cancel,24999,,,1676766636
newOrder,19820,0,26719,1676766643
newOrder,20737,1,26719,1676766643
newOrder,11892,0,106875,1676766643
newOrder,24999,1,106875,1676766643
cancel,11892,,,1676767236
cancel,19820,,,1676767236
cancel,20737,,,1676767236
cancel,24999,,,1676767236
newOrder,19820,0,26722,1676767242
newOrder,20737,1,26722,1676767242
newOrder,11892,0,106887,1676767242
newOrder,24999,1,106887,1676767242
cancel,11892,,,1676767836
cancel,19820,,,1676767836
cancel,20737,,,1676767836
cancel,24999,,,1676767836
newOrder,19820,0,26720,1676767843
newOrder,20738,1,26720,1676767843
newOrder,11892,0,106878,1676767843
newOrder,24999,1,106878,1676767843
cancel,11892,,,1676768435
cancel,19820,,,1676768435
cancel,20738,,,1676768435
cancel,24999,,,1676768435
newOrder,19820,0,26759,1676768443
newOrder,20730,1,26759,1676768443
newOrder,11892,0,107035,1676768443
newOrder,24999,1,107035,1676768443
cancel,11892,,,1676769035
cancel,19820,,,1676769035
cancel,20730,,,1676769035
cancel,24999,,,1676769035
newOrder,19820,0,26622,1676769042
newOrder,20759,1,26622,1676769042
newOrder,11892,0,106490,1676769042
newOrder,24999,1,106490,1676769042
cancel,11892,,,1676769636
cancel,19820,,,1676769636
cancel,20759,,,1676769636
cancel,24999,,,1676769636
newOrder,19820,0,26765,1676769642
newOrder,20729,1,26765,1676769642
newOrder,11892,0,107062,1676769642
newOrder,24999,1,107062,1676769642
cancel,11892,,,1676770235
cancel,19820,,,1676770235
cancel,20729,,,1676770235
cancel,24999,,,1676770235
newOrder,19820,0,26767,1676770242
newOrder,20729,1,26767,1676770242
newOrder,11892,0,107068,1676770242
newOrder,24999,1,107068,1676770242
cancel,11892,,,1676770835
cancel,19820,,,1676770835
cancel,20729,,,1676770835
cancel,24999,,,1676770835
newOrder,19820,0,26765,1676770842
newOrder,20730,1,26765,1676770842
newOrder,11892,0,107060,1676770842
newOrder,24999,1,107060,1676770842
cancel,11892,,,1676771435
cancel,19820,,,1676771435
cancel,20730,,,1676771435
cancel,24999,,,1676771435
newOrder,19820,0,26770,1676771444
newOrder,20729,1,26770,1676771444
newOrder,11892,0,107080,1676771444
newOrder,24999,1,107080,1676771444
cancel,11892,,,1676772036
cancel,19820,,,1676772036
cancel,20729,,,1676772036
cancel,24999,,,1676772036
newOrder,19820,0,26770,1676772044
newOrder,20729,1,26770,1676772044
newOrder,11892,0,107082,1676772044
newOrder,24999,1,107082,1676772044
cancel,11892,,,1676772635
cancel,19820,,,1676772635
cancel,20729,,,1676772635
cancel,24999,,,1676772635
newOrder,19820,0,26770,1676772642
newOrder,20730,1,26770,1676772642
newOrder,11892,0,107078,1676772642
newOrder,24999,1,107078,1676772642
cancel,11892,,,1676773235
cancel,19820,,,1676773235
cancel,20730,,,1676773235
cancel,24999,,,1676773235
newOrder,19820,0,26543,1676773241
newOrder,20778,1,26543,1676773241
newOrder,11892,0,106173,1676773241
newOrder,24999,1,106173,1676773241
cancel,11892,,,1676773836
cancel,19820,,,1676773836
cancel,20778,,,1676773836
cancel,24999,,,1676773836
newOrder,19820,0,26545,1676773843
newOrder,20778,1,26545,1676773843
newOrder,11892,0,106178,1676773843
newOrder,24999,1,106178,1676773843
cancel,11892,,,1676774372
cancel,19820,,,1676774372
cancel,20778,,,1676774372
cancel,24999,,,1676774372
newOrder,12244,0,106183,1676774378
newOrder,24999,1,106183,1676774378