instruction,price,side,qty,time
cancel,10686,,,1690632843
cancel,17810,,,1690632843
cancel,18075,,,1690632843
cancel,24999,,,1690632843
newOrder,17801,0,33435,1690632856
newOrder,18075,1,33435,1690632856
newOrder,15751,0,26626,1690632856
newOrder,19999,1,26626,1690632856
cancel,15751,,,1690633443
cancel,17801,,,1690633443
cancel,18075,,,1690633443
cancel,19999,,,1690633443
newOrder,17797,0,33465,1690633456
newOrder,18075,1,33465,1690633456
newOrder,10741,0,89156,1690633456
newOrder,24999,1,89156,1690633456
cancel,10741,,,1690634043
cancel,17797,,,1690634043
cancel,18075,,,1690634043
cancel,24999,,,1690634043
newOrder,17855,0,33518,1690634057
newOrder,18075,1,33518,1690634057
newOrder,10741,0,101493,1690634057
newOrder,24999,1,101493,1690634057
cancel,10741,,,1690634642
cancel,17855,,,1690634642
cancel,18075,,,1690634642
cancel,24999,,,1690634642
newOrder,17823,0,33550,1690634659
newOrder,18075,1,33550,1690634659
newOrder,10694,0,142365,1690634659
newOrder,24999,1,142365,1690634659
cancel,10694,,,1690635243
cancel,17823,,,1690635243
cancel,18075,,,1690635243
cancel,24999,,,1690635243
newOrder,17807,0,33576,1690635256
newOrder,18075,1,33576,1690635256
newOrder,10684,0,120995,1690635256
newOrder,24999,1,120995,1690635256
cancel,10684,,,1690635843
cancel,17807,,,1690635843
cancel,18075,,,1690635843
cancel,24999,,,1690635843
newOrder,17824,0,33619,1690635856
newOrder,18075,1,33619,1690635856
newOrder,10741,0,85570,1690635856
newOrder,24999,1,85570,1690635856
cancel,10741,,,1690636444
cancel,17824,,,1690636444
cancel,18075,,,1690636444
cancel,24999,,,1690636444
newOrder,17808,0,33645,1690636456
newOrder,18075,1,33645,1690636456
newOrder,12306,0,57813,1690636456
newOrder,24999,1,57813,1690636456
cancel,12306,,,1690637043
cancel,17808,,,1690637043
cancel,18075,,,1690637043
cancel,24999,,,1690637043
newOrder,17800,0,33673,1690637056
newOrder,18075,1,33673,1690637056
newOrder,15751,0,24625,1690637056
newOrder,19999,1,24625,1690637056
cancel,15751,,,1690637644
cancel,17800,,,1690637644
cancel,18075,,,1690637644
cancel,19999,,,1690637644
newOrder,17796,0,33705,1690637658
newOrder,18075,1,33705,1690637658
newOrder,15751,0,20937,1690637658
newOrder,19999,1,20937,1690637658
cancel,15751,,,1690638243
cancel,17796,,,1690638243
cancel,18075,,,1690638243
cancel,19999,,,1690638243
newOrder,17794,0,33738,1690638257
newOrder,18075,1,33738,1690638257
newOrder,10741,0,107738,1690638257
newOrder,24999,1,107738,1690638257
cancel,10741,,,1690638843
cancel,17794,,,1690638843
cancel,18075,,,1690638843
cancel,24999,,,1690638843
newOrder,17830,0,33795,1690638856
newOrder,18075,1,33795,1690638856
newOrder,15751,0,23298,1690638856
newOrder,19999,1,23298,1690638856
cancel,15751,,,1690639443
cancel,17830,,,1690639443
cancel,18075,,,1690639443
cancel,19999,,,1690639443
newOrder,17812,0,33822,1690639456
newOrder,18075,1,33822,1690639456
newOrder,10687,0,135216,1690639456
newOrder,24999,1,135216,1690639456
cancel,10687,,,1690640043
cancel,17812,,,1690640043
cancel,18075,,,1690640043
cancel,24999,,,1690640043
newOrder,17803,0,33850,1690640057
newOrder,18075,1,33850,1690640057
newOrder,10682,0,179324,1690640057
newOrder,24999,1,179324,1690640057
cancel,10682,,,1690640643
cancel,17803,,,1690640643
cancel,18075,,,1690640643
cancel,24999,,,1690640643
newOrder,17799,0,33882,1690640657
newOrder,18075,1,33882,1690640657
newOrder,12307,0,48823,1690640657
newOrder,24999,1,48823,1690640657
cancel,12307,,,1690641243
cancel,17799,,,1690641243
cancel,18075,,,1690641243
cancel,24999,,,1690641243
newOrder,17820,0,33932,1690641258
newOrder,18075,1,33932,1690641258
newOrder,10692,0,130643,1690641258
newOrder,24999,1,130643,1690641258
cancel,10692,,,1690641843
cancel,17820,,,1690641843
cancel,18075,,,1690641843
cancel,24999,,,1690641843
newOrder,17807,0,33960,1690641856
newOrder,18075,1,33960,1690641856
newOrder,10684,0,121570,1690641856
newOrder,24999,1,121570,1690641856
cancel,10684,,,1690642443
cancel,17807,,,1690642443
cancel,18075,,,1690642443
cancel,24999,,,1690642443
newOrder,17801,0,33990,1690642457
newOrder,18075,1,33990,1690642457
newOrder,10741,0,83893,1690642457
newOrder,24999,1,83893,1690642457
cancel,10741,,,1690643043
cancel,17801,,,1690643043
cancel,18075,,,1690643043
cancel,24999,,,1690643043
newOrder,17798,0,34023,1690643058
newOrder,18075,1,34023,1690643058
newOrder,10741,0,106835,1690643058
newOrder,24999,1,106835,1690643058
cancel,10741,,,1690643643
cancel,17798,,,1690643643
cancel,18075,,,1690643643
cancel,24999,,,1690643643
newOrder,17796,0,34058,1690643656
newOrder,18075,1,34058,1690643656
newOrder,10678,0,119700,1690643656
newOrder,24999,1,119700,1690643656
cancel,10678,,,1690644243
cancel,17796,,,1690644243
cancel,18075,,,1690644243
cancel,24999,,,1690644243
newOrder,17795,0,34093,1690644256
newOrder,18075,1,34093,1690644256
newOrder,15742,0,43347,1690644256
newOrder,24999,1,43347,1690644256
cancel,15742,,,1690644844
cancel,17795,,,1690644844
cancel,18075,,,1690644844
cancel,24999,,,1690644844
newOrder,17806,0,34138,1690644860
newOrder,18075,1,34138,1690644860
newOrder,10683,0,116685,1690644860
newOrder,24999,1,116685,1690644860
cancel,10683,,,1690645441
cancel,17806,,,1690645441
cancel,18075,,,1690645441
cancel,24999,,,1690645441
newOrder,17800,0,34170,1690645457
newOrder,18075,1,34170,1690645457
newOrder,10680,0,172155,1690645457
newOrder,24999,1,172155,1690645457
cancel,10680,,,1690646044
cancel,17800,,,1690646044
cancel,18075,,,1690646044
cancel,24999,,,1690646044
newOrder,17806,0,34211,1690646057
newOrder,18075,1,34211,1690646057
newOrder,10741,0,98762,1690646057
newOrder,24999,1,98762,1690646057
cancel,10741,,,1690646643
cancel,17806,,,1690646643
cancel,18075,,,1690646643
cancel,24999,,,1690646643
newOrder,17800,0,34243,1690646656
newOrder,18075,1,34243,1690646656
newOrder,15751,0,29846,1690646656
newOrder,19999,1,29846,1690646656
cancel,15751,,,1690647242
cancel,17800,,,1690647242
cancel,18075,,,1690647242
cancel,19999,,,1690647242
newOrder,17692,0,34067,1690647256
newOrder,18075,1,34067,1690647256
newOrder,10741,0,98265,1690647256
newOrder,24999,1,98265,1690647256
cancel,10741,,,1690647843
cancel,17692,,,1690647843
cancel,18075,,,1690647843
cancel,24999,,,1690647843
newOrder,17593,0,33714,1690647856
newOrder,18075,1,33714,1690647856
newOrder,10741,0,85202,1690647856
newOrder,24999,1,85202,1690647856
cancel,10741,,,1690648444
cancel,17593,,,1690648444
cancel,18075,,,1690648444
cancel,24999,,,1690648444
newOrder,17586,0,33711,1690648459
newOrder,18075,1,33711,1690648459
newOrder,10741,0,78895,1690648459
newOrder,24999,1,78895,1690648459
cancel,10741,,,1690649043
cancel,17586,,,1690649043
cancel,18075,,,1690649043
cancel,24999,,,1690649043
newOrder,17656,0,34052,1690649056
newOrder,18075,1,34052,1690649056
newOrder,10593,0,139106,1690649056
newOrder,24999,1,139106,1690649056
cancel,10593,,,1690649643
cancel,17656,,,1690649643
cancel,18075,,,1690649643
cancel,24999,,,1690649643
newOrder,17756,0,34366,1690649657
newOrder,18075,1,34366,1690649657
newOrder,10653,0,163290,1690649657
newOrder,24999,1,163290,1690649657
cancel,10653,,,1690650245
cancel,17756,,,1690650245
cancel,18075,,,1690650245
cancel,24999,,,1690650245
newOrder,17775,0,34435,1690650261
newOrder,18075,1,34435,1690650261
newOrder,10665,0,159807,1690650261
newOrder,24999,1,159807,1690650261
cancel,10665,,,1690650843
cancel,17775,,,1690650843
cancel,18075,,,1690650843
cancel,24999,,,1690650843
newOrder,17785,0,34485,1690650857
newOrder,18075,1,34485,1690650857
newOrder,10671,0,185699,1690650857
newOrder,24999,1,185699,1690650857
cancel,10671,,,1690651443
cancel,17785,,,1690651443
cancel,18075,,,1690651443
cancel,24999,,,1690651443
newOrder,17790,0,34529,1690651457
newOrder,18075,1,34529,1690651457
newOrder,10674,0,132942,1690651457
newOrder,24999,1,132942,1690651457
cancel,10674,,,1690652043
cancel,17790,,,1690652043
cancel,18075,,,1690652043
cancel,24999,,,1690652043
newOrder,17792,0,34569,1690652057
newOrder,18075,1,34569,1690652057
newOrder,12307,0,54857,1690652057
newOrder,24999,1,54857,1690652057
cancel,12307,,,1690652643
cancel,17792,,,1690652643
cancel,18075,,,1690652643
cancel,24999,,,1690652643
newOrder,17793,0,34608,1690652657
newOrder,18075,1,34608,1690652657
newOrder,10741,0,74813,1690652657
newOrder,24999,1,74813,1690652657
cancel,10741,,,1690653243
cancel,17793,,,1690653243
cancel,18075,,,1690653243
cancel,24999,,,1690653243
newOrder,17794,0,34647,1690653258
newOrder,18075,1,34647,1690653258
newOrder,15742,0,36733,1690653258
newOrder,24999,1,36733,1690653258
cancel,15742,,,1690653843
cancel,17794,,,1690653843
cancel,18075,,,1690653843
cancel,24999,,,1690653843
newOrder,17794,0,34685,1690653856
newOrder,18075,1,34685,1690653856
newOrder,10676,0,114480,1690653856
newOrder,24999,1,114480,1690653856
cancel,10676,,,1690654443
cancel,17794,,,1690654443
cancel,18075,,,1690654443
cancel,24999,,,1690654443
newOrder,17794,0,34724,1690654456
newOrder,18075,1,34724,1690654456
newOrder,10676,0,183108,1690654456
newOrder,24999,1,183108,1690654456
cancel,10676,,,1690655043
cancel,17794,,,1690655043
cancel,18075,,,1690655043
cancel,24999,,,1690655043
newOrder,17794,0,34762,1690655056
newOrder,18075,1,34762,1690655056
newOrder,10676,0,129253,1690655056
newOrder,24999,1,129253,1690655056
cancel,10676,,,1690655643
cancel,17794,,,1690655643
cancel,18075,,,1690655643
cancel,24999,,,1690655643
newOrder,17647,0,34412,1690655659
newOrder,18075,1,34412,1690655659
newOrder,15751,0,21835,1690655659
newOrder,19999,1,21835,1690655659
cancel,15751,,,1690656243
cancel,17647,,,1690656243
cancel,18075,,,1690656243
cancel,19999,,,1690656243
newOrder,17657,0,34492,1690656260
newOrder,18075,1,34492,1690656260
newOrder,10594,0,133409,1690656260
newOrder,24999,1,133409,1690656260
cancel,10594,,,1690656843
cancel,17657,,,1690656843
cancel,18075,,,1690656843
cancel,24999,,,1690656843
newOrder,17653,0,34513,1690656859
newOrder,18075,1,34513,1690656859
newOrder,10592,0,137512,1690656859
newOrder,24999,1,137512,1690656859
cancel,10592,,,1690657443
cancel,17653,,,1690657443
cancel,18075,,,1690657443
cancel,24999,,,1690657443
newOrder,17641,0,34499,1690657459
newOrder,18075,1,34499,1690657459
newOrder,10585,0,154099,1690657459
newOrder,24999,1,154099,1690657459
cancel,10585,,,1690658043
cancel,17641,,,1690658043
cancel,18075,,,1690658043
cancel,24999,,,1690658043
newOrder,17679,0,34686,1690658059
newOrder,18075,1,34686,1690658059
newOrder,10741,0,90200,1690658059
newOrder,24999,1,90200,1690658059
cancel,10741,,,1690658643
cancel,17679,,,1690658643
cancel,18075,,,1690658643
cancel,24999,,,1690658643
newOrder,17656,0,34637,1690658659
newOrder,18075,1,34637,1690658659
newOrder,15742,0,37048,1690658659
newOrder,24999,1,37048,1690658659
cancel,15742,,,1690659243
cancel,17656,,,1690659243
cancel,18075,,,1690659243
cancel,24999,,,1690659243
newOrder,17679,0,34762,1690659259
newOrder,18075,1,34762,1690659259
newOrder,10608,0,165035,1690659259
newOrder,24999,1,165035,1690659259
cancel,10608,,,1690659843
cancel,17679,,,1690659843
cancel,18075,,,1690659843
cancel,24999,,,1690659843
newOrder,17658,0,34719,1690659859
newOrder,18075,1,34719,1690659859
newOrder,12307,0,54401,1690659859
newOrder,24999,1,54401,1690659859
cancel,12307,,,1690660443
cancel,17658,,,1690660443
cancel,18075,,,1690660443
cancel,24999,,,1690660443
newOrder,17653,0,34737,1690660459
newOrder,18075,1,34737,1690660459
newOrder,15751,0,33731,1690660459
newOrder,19999,1,33731,1690660459
cancel,15751,,,1690661043
cancel,17653,,,1690661043
cancel,18075,,,1690661043
cancel,19999,,,1690661043
newOrder,17648,0,34753,1690661059
newOrder,18075,1,34753,1690661059
newOrder,10741,0,64267,1690661059
newOrder,24999,1,64267,1690661059
cancel,10741,,,1690661643
cancel,17648,,,1690661643
cancel,18075,,,1690661643
cancel,24999,,,1690661643
newOrder,17679,0,34915,1690661659
newOrder,18075,1,34915,1690661659
newOrder,10608,0,157425,1690661659
newOrder,24999,1,157425,1690661659
cancel,10608,,,1690662243
cancel,17679,,,1690662243
cancel,18075,,,1690662243
cancel,24999,,,1690662243
newOrder,17679,0,34953,1690662260
newOrder,18075,1,34953,1690662260
newOrder,15742,0,47563,1690662260
newOrder,24999,1,47563,1690662260
cancel,15742,,,1690662843
cancel,17679,,,1690662843
cancel,18075,,,1690662843
cancel,24999,,,1690662843
newOrder,17668,0,34950,1690662860
newOrder,18075,1,34950,1690662860
newOrder,10601,0,147034,1690662860
newOrder,24999,1,147034,1690662860
cancel,10601,,,1690663443
cancel,17668,,,1690663443
cancel,18075,,,1690663443
cancel,24999,,,1690663443
newOrder,17663,0,34969,1690663460
newOrder,18075,1,34969,1690663460
newOrder,10598,0,169430,1690663460
newOrder,24999,1,169430,1690663460
cancel,10598,,,1690664044
cancel,17663,,,1690664044
cancel,18075,,,1690664044
cancel,24999,,,1690664044
newOrder,17679,0,35070,1690664058
newOrder,18075,1,35070,1690664058
newOrder,10741,0,82460,1690664058
newOrder,24999,1,82460,1690664058
cancel,10741,,,1690664643
cancel,17679,,,1690664643
cancel,18075,,,1690664643
cancel,24999,,,1690664643
newOrder,17679,0,35109,1690664659
newOrder,18075,1,35109,1690664659
newOrder,15751,0,22113,1690664659
newOrder,19999,1,22113,1690664659
cancel,15751,,,1690665244
cancel,17679,,,1690665244
cancel,18075,,,1690665244
cancel,19999,,,1690665244
newOrder,17679,0,35149,1690665259
newOrder,18075,1,35149,1690665259
newOrder,10608,0,177107,1690665259
newOrder,24999,1,177107,1690665259
cancel,10608,,,1690665844
cancel,17679,,,1690665844
cancel,18075,,,1690665844
cancel,24999,,,1690665844
newOrder,17643,0,35039,1690665860
newOrder,18075,1,35039,1690665860
newOrder,10586,0,115774,1690665860
newOrder,24999,1,115774,1690665860
cancel,10586,,,1690666443
cancel,17643,,,1690666443
cancel,18075,,,1690666443
cancel,24999,,,1690666443
newOrder,17679,0,35228,1690666458
newOrder,18075,1,35228,1690666458
newOrder,15742,0,41451,1690666458
newOrder,24999,1,41451,1690666458
cancel,15742,,,1690667043
cancel,17679,,,1690667043
cancel,18075,,,1690667043
cancel,24999,,,1690667043
newOrder,17653,0,35162,1690667059
newOrder,18075,1,35162,1690667059
newOrder,10592,0,165470,1690667059
newOrder,24999,1,165470,1690667059
cancel,10592,,,1690667643
cancel,17653,,,1690667643
cancel,18075,,,1690667643
cancel,24999,,,1690667643
newOrder,17676,0,35294,1690667659
newOrder,18075,1,35294,1690667659
newOrder,10605,0,154567,1690667659
newOrder,24999,1,154567,1690667659
cancel,10605,,,1690668243
cancel,17676,,,1690668243
cancel,18075,,,1690668243
cancel,24999,,,1690668243
newOrder,17668,0,35304,1690668260
newOrder,18075,1,35304,1690668260
newOrder,10601,0,132795,1690668260
newOrder,24999,1,132795,1690668260
cancel,10601,,,1690668843
cancel,17668,,,1690668843
cancel,18075,,,1690668843
cancel,24999,,,1690668843
newOrder,17679,0,35388,1690668859
newOrder,18075,1,35388,1690668859
newOrder,10608,0,136245,1690668859
newOrder,24999,1,136245,1690668859
cancel,10608,,,1690669443
cancel,17679,,,1690669443
cancel,18075,,,1690669443
cancel,24999,,,1690669443
newOrder,17649,0,35298,1690669460
newOrder,18075,1,35298,1690669460
newOrder,12162,0,60601,1690669460
newOrder,24999,1,60601,1690669460
cancel,12162,,,1690670043
cancel,17649,,,1690670043
cancel,18075,,,1690670043
cancel,24999,,,1690670043
newOrder,17679,0,35469,1690670060
newOrder,18075,1,35469,1690670060
newOrder,15751,0,34540,1690670060
newOrder,19999,1,34540,1690670060
cancel,15751,,,1690670643
cancel,17679,,,1690670643
cancel,18075,,,1690670643
cancel,19999,,,1690670643
newOrder,17679,0,35510,1690670659
newOrder,18075,1,35510,1690670659
newOrder,10608,0,159293,1690670659
newOrder,24999,1,159293,1690670659
cancel,10608,,,1690671243
cancel,17679,,,1690671243
cancel,18075,,,1690671243
cancel,24999,,,1690671243
newOrder,17663,0,35485,1690671258
newOrder,18075,1,35485,1690671258
newOrder,10741,0,106984,1690671258
newOrder,24999,1,106984,1690671258
cancel,10741,,,1690671843
cancel,17663,,,1690671843
cancel,18075,,,1690671843
cancel,24999,,,1690671843
newOrder,17679,0,35592,1690671859
newOrder,18075,1,35592,1690671859
newOrder,10608,0,121431,1690671859
newOrder,24999,1,121431,1690671859
cancel,10608,,,1690672443
cancel,17679,,,1690672443
cancel,18075,,,1690672443
cancel,24999,,,1690672443
newOrder,17673,0,35609,1690672459
newOrder,18075,1,35609,1690672459
newOrder,10604,0,135852,1690672459
newOrder,24999,1,135852,1690672459
cancel,10604,,,1690673043
cancel,17673,,,1690673043
cancel,18075,,,1690673043
cancel,24999,,,1690673043
newOrder,17679,0,35674,1690673060
newOrder,18075,1,35674,1690673060
newOrder,10608,0,162276,1690673060
newOrder,24999,1,162276,1690673060
cancel,10608,,,1690673643
cancel,17679,,,1690673643
cancel,18075,,,1690673643
cancel,24999,,,1690673643
newOrder,17679,0,35716,1690673659
newOrder,18075,1,35716,1690673659
newOrder,10741,0,83386,1690673659
newOrder,24999,1,83386,1690673659
cancel,10741,,,1690674243
cancel,17679,,,1690674243
cancel,18075,,,1690674243
cancel,24999,,,1690674243
newOrder,17671,0,35725,1690674259
newOrder,18075,1,35725,1690674259
newOrder,12307,0,59412,1690674259
newOrder,24999,1,59412,1690674259
cancel,12307,,,1690674843
cancel,17671,,,1690674843
cancel,18075,,,1690674843
cancel,24999,,,1690674843
newOrder,17681,0,35807,1690674858
newOrder,18075,1,35807,1690674858
newOrder,10609,0,192417,1690674858
newOrder,24999,1,192417,1690674858
cancel,10609,,,1690675444
cancel,17681,,,1690675444
cancel,18075,,,1690675444
cancel,24999,,,1690675444
newOrder,17708,0,35947,1690675460
newOrder,18075,1,35947,1690675460
newOrder,15742,0,46665,1690675460
newOrder,24999,1,46665,1690675460
cancel,15742,,,1690676043
cancel,17708,,,1690676043
cancel,18075,,,1690676043
cancel,24999,,,1690676043
newOrder,17690,0,35926,1690676059
newOrder,18075,1,35926,1690676059
newOrder,15742,0,41754,1690676059
newOrder,24999,1,41754,1690676059
cancel,15742,,,1690676642
cancel,17690,,,1690676642
cancel,18075,,,1690676642
cancel,24999,,,1690676642
newOrder,17670,0,35888,1690676660
newOrder,18075,1,35888,1690676660
newOrder,12305,0,60554,1690676660
newOrder,24999,1,60554,1690676660
cancel,12305,,,1690677243
cancel,17670,,,1690677243
cancel,18075,,,1690677243
cancel,24999,,,1690677243
newOrder,17690,0,36011,1690677259
newOrder,18075,1,36011,1690677259
newOrder,10741,0,90579,1690677259
newOrder,24999,1,90579,1690677259
cancel,10741,,,1690677843
cancel,17690,,,1690677843
cancel,18075,,,1690677843
cancel,24999,,,1690677843
newOrder,17690,0,36054,1690677859
newOrder,18075,1,36054,1690677859
newOrder,10614,0,149058,1690677859
newOrder,24999,1,149058,1690677859
cancel,10614,,,1690678442
cancel,17690,,,1690678442
cancel,18075,,,1690678442
cancel,24999,,,1690678442
newOrder,17689,0,36095,1690678460
newOrder,18075,1,36095,1690678460
newOrder,10741,0,113796,1690678460
newOrder,24999,1,113796,1690678460
cancel,10741,,,1690679043
cancel,17689,,,1690679043
cancel,18075,,,1690679043
cancel,24999,,,1690679043
newOrder,17650,0,35963,1690679060
newOrder,18075,1,35963,1690679060
newOrder,15751,0,35466,1690679060
newOrder,19999,1,35466,1690679060
cancel,15751,,,1690679644
cancel,17650,,,1690679644
cancel,18075,,,1690679644
cancel,19999,,,1690679644
newOrder,17689,0,36182,1690679658
newOrder,18075,1,36182,1690679658
newOrder,10614,0,156821,1690679658
newOrder,24999,1,156821,1690679658
cancel,10614,,,1690680243
cancel,17689,,,1690680243
cancel,18075,,,1690680243
cancel,24999,,,1690680243
newOrder,17680,0,36186,1690680260
newOrder,18075,1,36186,1690680260
newOrder,10608,0,164300,1690680260
newOrder,24999,1,164300,1690680260
cancel,10608,,,1690680843
cancel,17680,,,1690680843
cancel,18075,,,1690680843
cancel,24999,,,1690680843
newOrder,17655,0,36116,1690680860
newOrder,18075,1,36116,1690680860
newOrder,10593,0,161790,1690680860
newOrder,24999,1,161790,1690680860
cancel,10593,,,1690681443
cancel,17655,,,1690681443
cancel,18075,,,1690681443
cancel,24999,,,1690681443
newOrder,17689,0,36313,1690681459
newOrder,18075,1,36313,1690681459
newOrder,10614,0,185441,1690681459
newOrder,24999,1,185441,1690681459
cancel,10614,,,1690682043
cancel,17689,,,1690682043
cancel,18075,,,1690682043
cancel,24999,,,1690682043
newOrder,17692,0,36366,1690682059
newOrder,18075,1,36366,1690682059
newOrder,10741,0,95312,1690682059
newOrder,24999,1,95312,1690682059
cancel,10741,,,1690682642
cancel,17692,,,1690682642
cancel,18075,,,1690682642
cancel,24999,,,1690682642
newOrder,17670,0,36317,1690682660
newOrder,18075,1,36317,1690682660
newOrder,10741,0,93482,1690682660
newOrder,24999,1,93482,1690682660
cancel,10741,,,1690683243
cancel,17670,,,1690683243
cancel,18075,,,1690683243
cancel,24999,,,1690683243
newOrder,17672,0,36372,1690683260
newOrder,18075,1,36372,1690683260
newOrder,10741,0,96124,1690683260
newOrder,24999,1,96124,1690683260
cancel,10741,,,1690683843
cancel,17672,,,1690683843
cancel,18075,,,1690683843
cancel,24999,,,1690683843
newOrder,17645,0,36283,1690683861
newOrder,18075,1,36283,1690683861
newOrder,10741,0,103625,1690683861
newOrder,24999,1,103625,1690683861
cancel,10741,,,1690684443
cancel,17645,,,1690684443
cancel,18075,,,1690684443
cancel,24999,,,1690684443
newOrder,17667,0,36437,1690684459
newOrder,18075,1,36437,1690684459
newOrder,15742,0,45080,1690684459
newOrder,24999,1,45080,1690684459
cancel,15742,,,1690685043
cancel,17667,,,1690685043
cancel,18075,,,1690685043
cancel,24999,,,1690685043
newOrder,17672,0,36506,1690685059
newOrder,18075,1,36506,1690685059
newOrder,10741,0,91334,1690685059
newOrder,24999,1,91334,1690685059
cancel,10741,,,1690685643
cancel,17672,,,1690685643
cancel,18075,,,1690685643
cancel,24999,,,1690685643
newOrder,17647,0,36425,1690685660
newOrder,18075,1,36425,1690685660
newOrder,15742,0,39385,1690685660
newOrder,24999,1,39385,1690685660
cancel,15742,,,1690686243
cancel,17647,,,1690686243
cancel,18075,,,1690686243
cancel,24999,,,1690686243
newOrder,17672,0,36596,1690686263
newOrder,18075,1,36596,1690686263
newOrder,10603,0,191076,1690686263
newOrder,24999,1,191076,1690686263
cancel,10603,,,1690686843
cancel,17672,,,1690686843
cancel,18075,,,1690686843
cancel,24999,,,1690686843
newOrder,17672,0,36641,1690686859
newOrder,18075,1,36641,1690686859
newOrder,10603,0,192534,1690686859
newOrder,24999,1,192534,1690686859
cancel,10603,,,1690687443
cancel,17672,,,1690687443
cancel,18075,,,1690687443
cancel,24999,,,1690687443
newOrder,17672,0,36686,1690687461
newOrder,18075,1,36686,1690687461
newOrder,10603,0,125034,1690687461
newOrder,24999,1,125034,1690687461
cancel,10603,,,1690688043
cancel,17672,,,1690688043
cancel,18075,,,1690688043
cancel,24999,,,1690688043
newOrder,17632,0,36522,1690688060
newOrder,18075,1,36522,1690688060
newOrder,10579,0,181377,1690688060
newOrder,24999,1,181377,1690688060
cancel,10579,,,1690688643
cancel,17632,,,1690688643
cancel,18075,,,1690688643
cancel,24999,,,1690688643
newOrder,17696,0,36881,1690688659
newOrder,18075,1,36881,1690688659
newOrder,10741,0,93476,1690688659
newOrder,24999,1,93476,1690688659
cancel,10741,,,1690689243
cancel,17696,,,1690689243
cancel,18075,,,1690689243
cancel,24999,,,1690689243
newOrder,17647,0,36696,1690689258
newOrder,18075,1,36696,1690689258
newOrder,10741,0,102989,1690689258
newOrder,24999,1,102989,1690689258
cancel,10741,,,1690689843
cancel,17647,,,1690689843
cancel,18075,,,1690689843
cancel,24999,,,1690689843
newOrder,17635,0,36673,1690689859
newOrder,18075,1,36673,1690689859
newOrder,10581,0,172776,1690689859
newOrder,24999,1,172776,1690689859
cancel,10581,,,1690690443
cancel,17635,,,1690690443
cancel,18075,,,1690690443
cancel,24999,,,1690690443
newOrder,17660,0,36854,1690690460
newOrder,18075,1,36854,1690690460
newOrder,15742,0,38517,1690690460
newOrder,24999,1,38517,1690690460
cancel,15742,,,1690691043
cancel,17660,,,1690691043
cancel,18075,,,1690691043
cancel,24999,,,1690691043
newOrder,17652,0,36860,1690691059
newOrder,18075,1,36860,1690691059
newOrder,10741,0,74873,1690691059
newOrder,24999,1,74873,1690691059
cancel,10741,,,1690691643
cancel,17652,,,1690691643
cancel,18075,,,1690691643
cancel,24999,,,1690691643
newOrder,17648,0,36883,1690691659
newOrder,18075,1,36883,1690691659
newOrder,10589,0,133820,1690691659
newOrder,24999,1,133820,1690691659
cancel,10589,,,1690692244
cancel,17648,,,1690692244
cancel,18075,,,1690692244
cancel,24999,,,1690692244
newOrder,17658,0,36982,1690692261
newOrder,18075,1,36982,1690692261
newOrder,10595,0,152408,1690692261
newOrder,24999,1,152408,1690692261
cancel,10595,,,1690692843
cancel,17658,,,1690692843
cancel,18075,,,1690692843
cancel,24999,,,1690692843
newOrder,17704,0,37245,1690692859
newOrder,18075,1,37245,1690692859
newOrder,15742,0,48565,1690692859
newOrder,24999,1,48565,1690692859
cancel,15742,,,1690693443
cancel,17704,,,1690693443
cancel,18075,,,1690693443
cancel,24999,,,1690693443
newOrder,17698,0,37267,1690693459
newOrder,18075,1,37267,1690693459
newOrder,10619,0,176025,1690693459
newOrder,24999,1,176025,1690693459
cancel,10619,,,1690694042
cancel,17698,,,1690694042
cancel,18075,,,1690694042
cancel,24999,,,1690694042
newOrder,17704,0,37341,1690694060
newOrder,18075,1,37341,1690694060
newOrder,10622,0,181993,1690694060
newOrder,24999,1,181993,1690694060
cancel,10622,,,1690694643
cancel,17704,,,1690694643
cancel,18075,,,1690694643
cancel,24999,,,1690694643
newOrder,17704,0,37390,1690694658
newOrder,18075,1,37390,1690694658
newOrder,10741,0,96760,1690694658
newOrder,24999,1,96760,1690694658
cancel,10741,,,1690695243
cancel,17704,,,1690695243
cancel,18075,,,1690695243
cancel,24999,,,1690695243
newOrder,17683,0,37344,1690695259
newOrder,18075,1,37344,1690695259
newOrder,10610,0,133194,1690695259
newOrder,24999,1,133194,1690695259
cancel,10610,,,1690695843
cancel,17683,,,1690695843
cancel,18075,,,1690695843
cancel,24999,,,1690695843
newOrder,17704,0,37488,1690695859
newOrder,18075,1,37488,1690695859
newOrder,10622,0,173030,1690695859
newOrder,24999,1,173030,1690695859
cancel,10622,,,1690696443
cancel,17704,,,1690696443
cancel,18075,,,1690696443
cancel,24999,,,1690696443
newOrder,17704,0,37537,1690696459
newOrder,18075,1,37537,1690696459
newOrder,10622,0,126050,1690696459
newOrder,24999,1,126050,1690696459
cancel,10622,,,1690697044
cancel,17704,,,1690697044
cancel,18075,,,1690697044
cancel,24999,,,1690697044
newOrder,17660,0,37374,1690697060
newOrder,18075,1,37374,1690697060
newOrder,10741,0,86437,1690697060
newOrder,24999,1,86437,1690697060
cancel,10741,,,1690697643
cancel,17660,,,1690697643
cancel,18075,,,1690697643
cancel,24999,,,1690697643
newOrder,17704,0,37636,1690697666
newOrder,18075,1,37636,1690697666
newOrder,12307,0,58739,1690697666
newOrder,24999,1,58739,1690697666
cancel,12307,,,1690698243
cancel,17704,,,1690698243
cancel,18075,,,1690698243
cancel,24999,,,1690698243
newOrder,17704,0,37686,1690698259
newOrder,18075,1,37686,1690698259
newOrder,10741,0,100817,1690698259
newOrder,24999,1,100817,1690698259
cancel,10741,,,1690698843
cancel,17704,,,1690698843
cancel,18075,,,1690698843
cancel,24999,,,1690698843
newOrder,17704,0,37736,1690698859
newOrder,18075,1,37736,1690698859
newOrder,10622,0,149440,1690698859
newOrder,24999,1,149440,1690698859
cancel,10622,,,1690699443
cancel,17704,,,1690699443
cancel,18075,,,1690699443
cancel,24999,,,1690699443
newOrder,17704,0,37786,1690699459
newOrder,18075,1,37786,1690699459
newOrder,10741,0,106626,1690699459
newOrder,24999,1,106626,1690699459
cancel,10741,,,1690700043
cancel,17704,,,1690700043
cancel,18075,,,1690700043
cancel,24999,,,1690700043
newOrder,17704,0,37836,1690700059
newOrder,18075,1,37836,1690700059
newOrder,10741,0,72687,1690700059
newOrder,24999,1,72687,1690700059
cancel,10741,,,1690700643
cancel,17704,,,1690700643
cancel,18075,,,1690700643
cancel,24999,,,1690700643
newOrder,17704,0,37887,1690700659
newOrder,18075,1,37887,1690700659
newOrder,10622,0,117965,1690700659
newOrder,24999,1,117965,1690700659
cancel,10622,,,1690701243
cancel,17704,,,1690701243
cancel,18075,,,1690701243
cancel,24999,,,1690701243
newOrder,17704,0,37938,1690701259
newOrder,18075,1,37938,1690701259
newOrder,10741,0,72849,1690701259
newOrder,24999,1,72849,1690701259
cancel,10741,,,1690701844
cancel,17704,,,1690701844
cancel,18075,,,1690701844
cancel,24999,,,1690701844
newOrder,17714,0,38035,1690701859
newOrder,18075,1,38035,1690701859
newOrder,10741,0,107198,1690701859
newOrder,24999,1,107198,1690701859
cancel,10741,,,1690702443
cancel,17714,,,1690702443
cancel,18075,,,1690702443
cancel,24999,,,1690702443
newOrder,17704,0,38041,1690702460
newOrder,18075,1,38041,1690702460
newOrder,15751,0,28522,1690702460
newOrder,19999,1,28522,1690702460
cancel,15751,,,1690703044
cancel,17704,,,1690703044
cancel,18075,,,1690703044
cancel,19999,,,1690703044
newOrder,17717,0,38149,1690703061
newOrder,18075,1,38149,1690703061
newOrder,10630,0,150780,1690703061
newOrder,24999,1,150780,1690703061
cancel,10630,,,1690703643
cancel,17717,,,1690703643
cancel,18075,,,1690703643
cancel,24999,,,1690703643
newOrder,17717,0,38202,1690703660
newOrder,18075,1,38202,1690703660
newOrder,10741,0,108666,1690703660
newOrder,24999,1,108666,1690703660
cancel,10741,,,1690704243
cancel,17717,,,1690704243
cancel,18075,,,1690704243
cancel,24999,,,1690704243
newOrder,17717,0,38254,1690704260
newOrder,18075,1,38254,1690704260
newOrder,10741,0,91498,1690704260
newOrder,24999,1,91498,1690704260
cancel,10741,,,1690704843
cancel,17717,,,1690704843
cancel,18075,,,1690704843
cancel,24999,,,1690704843
newOrder,17704,0,38249,1690704859
newOrder,18075,1,38249,1690704859
newOrder,10741,0,85463,1690704859
newOrder,24999,1,85463,1690704859
cancel,10741,,,1690705444
cancel,17704,,,1690705444
cancel,18075,,,1690705444
cancel,24999,,,1690705444
newOrder,17704,0,38301,1690705461
newOrder,18075,1,38301,1690705461
newOrder,15742,0,39730,1690705461
newOrder,24041,1,39730,1690705461
cancel,15742,,,1690706043
cancel,17704,,,1690706043
cancel,18075,,,1690706043
cancel,24041,,,1690706043
newOrder,17683,0,38249,1690706060
newOrder,18075,1,38249,1690706060
newOrder,10741,0,112260,1690706060
newOrder,24999,1,112260,1690706060
cancel,10741,,,1690706643
cancel,17683,,,1690706643
cancel,18075,,,1690706643
cancel,24999,,,1690706643
newOrder,17683,0,38302,1690706659
newOrder,18075,1,38302,1690706659
newOrder,10741,0,89128,1690706659
newOrder,24999,1,89128,1690706659
cancel,10741,,,1690707243
cancel,17683,,,1690707243
cancel,18075,,,1690707243
cancel,24999,,,1690707243
newOrder,17579,0,37650,1690707260
newOrder,18075,1,37650,1690707260
newOrder,10548,0,144954,1690707260
newOrder,24999,1,144954,1690707260
cancel,10548,,,1690707843
cancel,17579,,,1690707843
cancel,18075,,,1690707843
cancel,24999,,,1690707843
newOrder,17579,0,37699,1690707859
newOrder,18075,1,37699,1690707859
newOrder,12307,0,57795,1690707859
newOrder,24999,1,57795,1690707859
cancel,12307,,,1690708443
cancel,17579,,,1690708443
cancel,18075,,,1690708443
cancel,24999,,,1690708443
newOrder,17565,0,37631,1690708458
newOrder,18075,1,37631,1690708458
newOrder,10741,0,69607,1690708458
newOrder,24999,1,69607,1690708458
cancel,10741,,,1690709043
cancel,17565,,,1690709043
cancel,18075,,,1690709043
cancel,24999,,,1690709043
newOrder,17579,0,37798,1690709058
newOrder,18075,1,37798,1690709058
newOrder,10548,0,190754,1690709058
newOrder,24999,1,190754,1690709058
cancel,10548,,,1690709643
cancel,17579,,,1690709643
cancel,18075,,,1690709643
cancel,24999,,,1690709643
newOrder,17579,0,37848,1690709658
newOrder,18075,1,37848,1690709658
newOrder,10548,0,163417,1690709658
newOrder,24999,1,163417,1690709658
cancel,10548,,,1690710243
cancel,17579,,,1690710243
cancel,18075,,,1690710243
cancel,24999,,,1690710243
newOrder,17579,0,37898,1690710260
newOrder,18075,1,37898,1690710260
newOrder,10548,0,118893,1690710260
newOrder,24999,1,118893,1690710260
cancel,10548,,,1690710842
cancel,17579,,,1690710842
cancel,18075,,,1690710842
cancel,24999,,,1690710842
newOrder,17582,0,37975,1690710861
newOrder,18075,1,37975,1690710861
newOrder,12307,0,54264,1690710861
newOrder,24999,1,54264,1690710861
cancel,12307,,,1690711443
cancel,17582,,,1690711443
cancel,18075,,,1690711443
cancel,24999,,,1690711443
newOrder,17579,0,37998,1690711458
newOrder,18075,1,37998,1690711458
newOrder,10548,0,164723,1690711458
newOrder,24999,1,164723,1690711458
cancel,10548,,,1690712044
cancel,17579,,,1690712044
cancel,18075,,,1690712044
cancel,24999,,,1690712044
newOrder,17573,0,37997,1690712059
newOrder,18075,1,37997,1690712059
newOrder,10544,0,192435,1690712059
newOrder,24999,1,192435,1690712059
cancel,10544,,,1690712643
cancel,17573,,,1690712643
cancel,18075,,,1690712643
cancel,24999,,,1690712643
newOrder,17573,0,38047,1690712659
newOrder,18075,1,38047,1690712659
newOrder,10544,0,199975,1690712659
newOrder,24999,1,199975,1690712659
cancel,10544,,,1690713242
cancel,17573,,,1690713242
cancel,18075,,,1690713242
cancel,24999,,,1690713242
newOrder,17595,0,38286,1690713258
newOrder,18075,1,38286,1690713258
newOrder,10557,0,201946,1690713258
newOrder,24999,1,201946,1690713258
cancel,10557,,,1690713843
cancel,17595,,,1690713843
cancel,18075,,,1690713843
cancel,24999,,,1690713843
newOrder,17595,0,38338,1690713859
newOrder,18075,1,38338,1690713859
newOrder,10557,0,154228,1690713859
newOrder,24999,1,154228,1690713859
cancel,10557,,,1690714443
cancel,17595,,,1690714443
cancel,18075,,,1690714443
cancel,24999,,,1690714443
newOrder,17595,0,38390,1690714459
newOrder,18075,1,38390,1690714459
newOrder,10557,0,155055,1690714459
newOrder,24999,1,155055,1690714459
cancel,10557,,,1690715042
cancel,17595,,,1690715042
cancel,18075,,,1690715042
cancel,24999,,,1690715042
newOrder,17627,0,38691,1690715059
newOrder,18075,1,38691,1690715059
newOrder,12307,0,59206,1690715059
newOrder,24999,1,59206,1690715059
cancel,12307,,,1690715643
cancel,17627,,,1690715643
cancel,18075,,,1690715643
cancel,24999,,,1690715643
newOrder,17595,0,38495,1690715659
newOrder,18075,1,38495,1690715659
newOrder,10557,0,125522,1690715659
newOrder,24999,1,125522,1690715659
cancel,10557,,,1690716243
cancel,17595,,,1690716243
cancel,18075,,,1690716243
cancel,24999,,,1690716243
newOrder,17642,0,38912,1690716259
newOrder,18075,1,38912,1690716259
newOrder,10585,0,192982,1690716259
newOrder,24999,1,192982,1690716259
cancel,10585,,,1690716842
cancel,17642,,,1690716842
cancel,18075,,,1690716842
cancel,24999,,,1690716842
newOrder,17624,0,38838,1690716859
newOrder,18075,1,38838,1690716859
newOrder,10575,0,203633,1690716859
newOrder,24999,1,203633,1690716859
cancel,10575,,,1690717443
cancel,17624,,,1690717443
cancel,18075,,,1690717443
cancel,24999,,,1690717443
newOrder,17641,0,39015,1690717458
newOrder,18075,1,39015,1690717458
newOrder,10585,0,182720,1690717458
newOrder,24999,1,182720,1690717458
cancel,10585,,,1690718043
cancel,17641,,,1690718043
cancel,18075,,,1690718043
cancel,24999,,,1690718043
newOrder,17629,0,38983,1690718059
newOrder,18075,1,38983,1690718059
newOrder,10741,0,111275,1690718059
newOrder,24999,1,111275,1690718059
cancel,10741,,,1690718643
cancel,17629,,,1690718643
cancel,18075,,,1690718643
cancel,24999,,,1690718643
newOrder,17633,0,39065,1690718660
newOrder,18075,1,39065,1690718660
newOrder,10741,0,90582,1690718660
newOrder,24999,1,90582,1690718660