instruction,price,side,qty,time
cancel,9700,,,1686312867
cancel,16167,,,1686312867
cancel,18075,,,1686312867
cancel,24776,,,1686312867
newOrder,16167,0,9542,1686312893
newOrder,18075,1,9542,1686312893
newOrder,9700,0,32821,1686312893
newOrder,24776,1,32821,1686312893
cancel,9700,,,1686313467
cancel,16167,,,1686313467
cancel,18075,,,1686313467
cancel,24776,,,1686313467
newOrder,16167,0,9543,1686313495
newOrder,18075,1,9543,1686313495
newOrder,9700,0,33428,1686313495
newOrder,24776,1,33428,1686313495
cancel,9700,,,1686314067
cancel,16167,,,1686314067
cancel,18075,,,1686314067
cancel,24776,,,1686314067
newOrder,16172,0,9546,1686314093
newOrder,18075,1,9546,1686314093
newOrder,12162,0,16870,1686314093
newOrder,24776,1,16870,1686314093
cancel,12162,,,1686314667
cancel,16172,,,1686314667
cancel,18075,,,1686314667
cancel,24776,,,1686314667
newOrder,16172,0,9547,1686314695
newOrder,18075,1,9547,1686314695
newOrder,15501,0,5971,1686314695
cancel,15501,,,1686315267
cancel,16172,,,1686315267
cancel,18075,,,1686315267
newOrder,16173,0,9548,1686315295
newOrder,18075,1,9548,1686315295
newOrder,9910,0,27304,1686315295
newOrder,24776,1,27304,1686315295
cancel,9910,,,1686315868
cancel,16173,,,1686315868
cancel,18075,,,1686315868
cancel,24776,,,1686315868
newOrder,16172,0,9548,1686315896
newOrder,18075,1,9548,1686315896
newOrder,9703,0,49256,1686315896
newOrder,24999,1,49256,1686315896
cancel,9703,,,1686316468
cancel,16172,,,1686316468
cancel,18075,,,1686316468
cancel,24999,,,1686316468
newOrder,16173,0,9550,1686316495
newOrder,18075,1,9550,1686316495
newOrder,9704,0,36290,1686316495
newOrder,24999,1,36290,1686316495
cancel,9704,,,1686317068
cancel,16173,,,1686317068
cancel,18075,,,1686317068
cancel,24999,,,1686317068
newOrder,16171,0,9550,1686317096
newOrder,18075,1,9550,1686317096
newOrder,9703,0,49404,1686317096
newOrder,24999,1,49404,1686317096
cancel,9703,,,1686317668
cancel,16171,,,1686317668
cancel,18075,,,1686317668
cancel,24999,,,1686317668
newOrder,16173,0,9551,1686317694
newOrder,18075,1,9551,1686317694
newOrder,9704,0,39370,1686317694
newOrder,24999,1,39370,1686317694
cancel,9704,,,1686318268
cancel,16173,,,1686318268
cancel,18075,,,1686318268
cancel,24999,,,1686318268
newOrder,16167,0,9549,1686318294
newOrder,18075,1,9549,1686318294
newOrder,9910,0,22222,1686318294
newOrder,24776,1,22222,1686318294
cancel,9910,,,1686318866
cancel,16167,,,1686318866
cancel,18075,,,1686318866
cancel,24776,,,1686318866
newOrder,16166,0,9549,1686318896
newOrder,18075,1,9549,1686318896
newOrder,9700,0,28711,1686318896
newOrder,24776,1,28711,1686318896
cancel,9700,,,1686319467
cancel,16166,,,1686319467
cancel,18075,,,1686319467
cancel,24776,,,1686319467
newOrder,16166,0,9550,1686319495
newOrder,18075,1,9550,1686319495
newOrder,15501,0,7836,1686319495
cancel,15501,,,1686320067
cancel,16166,,,1686320067
cancel,18075,,,1686320067
newOrder,16165,0,9551,1686320094
newOrder,18075,1,9551,1686320094
newOrder,9699,0,48165,1686320094
newOrder,24999,1,48165,1686320094
cancel,9699,,,1686320667
cancel,16165,,,1686320667
cancel,18075,,,1686320667
cancel,24999,,,1686320667
newOrder,16165,0,9551,1686320697
newOrder,18075,1,9551,1686320697
newOrder,9699,0,38279,1686320697
newOrder,24999,1,38279,1686320697
cancel,9699,,,1686321268
cancel,16165,,,1686321268
cancel,18075,,,1686321268
cancel,24999,,,1686321268
newOrder,16165,0,9552,1686321295
newOrder,18075,1,9552,1686321295
newOrder,9699,0,29153,1686321295
newOrder,24776,1,29153,1686321295
cancel,9699,,,1686321867
cancel,16165,,,1686321867
cancel,18075,,,1686321867
cancel,24776,,,1686321867
newOrder,16164,0,9552,1686321895
newOrder,18075,1,9552,1686321895
newOrder,9699,0,34324,1686321895
newOrder,24776,1,34324,1686321895
cancel,9699,,,1686322468
cancel,16164,,,1686322468
cancel,18075,,,1686322468
cancel,24776,,,1686322468
newOrder,16164,0,9553,1686322495
newOrder,18075,1,9553,1686322495
newOrder,9699,0,44977,1686322495
newOrder,24999,1,44977,1686322495
cancel,9699,,,1686323067
cancel,16164,,,1686323067
cancel,18075,,,1686323067
cancel,24999,,,1686323067
newOrder,16165,0,9554,1686323095
newOrder,18075,1,9554,1686323095
newOrder,12162,0,15615,1686323095
newOrder,24776,1,15615,1686323095
cancel,12162,,,1686323668
cancel,16165,,,1686323668
cancel,18075,,,1686323668
cancel,24776,,,1686323668
newOrder,16165,0,9555,1686323694
newOrder,18075,1,9555,1686323694
newOrder,12164,0,11712,1686323694
newOrder,24776,1,11712,1686323694
cancel,12164,,,1686324267
cancel,16165,,,1686324267
cancel,18075,,,1686324267
cancel,24776,,,1686324267
newOrder,16164,0,9555,1686324297
newOrder,18075,1,9555,1686324297
newOrder,9698,0,29772,1686324297
newOrder,24776,1,29772,1686324297
cancel,9698,,,1686324867
cancel,16164,,,1686324867
cancel,18075,,,1686324867
cancel,24776,,,1686324867
newOrder,16165,0,9557,1686324895
newOrder,18075,1,9557,1686324895
newOrder,9699,0,42521,1686324895
newOrder,24999,1,42521,1686324895
cancel,9699,,,1686325467
cancel,16165,,,1686325467
cancel,18075,,,1686325467
cancel,24999,,,1686325467
newOrder,16157,0,9554,1686325494
newOrder,18075,1,9554,1686325494
newOrder,9694,0,34907,1686325494
newOrder,24776,1,34907,1686325494
cancel,9694,,,1686326068
cancel,16157,,,1686326068
cancel,18075,,,1686326068
cancel,24776,,,1686326068
newOrder,16140,0,9545,1686326095
newOrder,18075,1,9545,1686326095
newOrder,9910,0,26976,1686326095
newOrder,24776,1,26976,1686326095
cancel,9910,,,1686326667
cancel,16140,,,1686326667
cancel,18075,,,1686326667
cancel,24776,,,1686326667
newOrder,16133,0,9543,1686326694
newOrder,18075,1,9543,1686326694
newOrder,9910,0,21680,1686326694
newOrder,24776,1,21680,1686326694
cancel,9910,,,1686327267
cancel,16133,,,1686327267
cancel,18075,,,1686327267
cancel,24776,,,1686327267
newOrder,16135,0,9545,1686327295
newOrder,18075,1,9545,1686327295
newOrder,9681,0,50445,1686327295
newOrder,24999,1,50445,1686327295
cancel,9681,,,1686327867
cancel,16135,,,1686327867
cancel,18075,,,1686327867
cancel,24999,,,1686327867
newOrder,16136,0,9546,1686327895
newOrder,18075,1,9546,1686327895
newOrder,12162,0,16087,1686327895
newOrder,24776,1,16087,1686327895
cancel,12162,,,1686328467
cancel,16136,,,1686328467
cancel,18075,,,1686328467
cancel,24776,,,1686328467
newOrder,16133,0,9545,1686328495
newOrder,18075,1,9545,1686328495
newOrder,12162,0,16468,1686328495
newOrder,24776,1,16468,1686328495
cancel,12162,,,1686329068
cancel,16133,,,1686329068
cancel,18075,,,1686329068
cancel,24776,,,1686329068
newOrder,16134,0,9547,1686329096
newOrder,18075,1,9547,1686329096
newOrder,12002,0,18528,1686329096
newOrder,24776,1,18528,1686329096
cancel,12002,,,1686329667
cancel,16134,,,1686329667
cancel,18075,,,1686329667
cancel,24776,,,1686329667
newOrder,16132,0,9546,1686329694
newOrder,18075,1,9546,1686329694
newOrder,9679,0,50149,1686329694
newOrder,24999,1,50149,1686329694
cancel,9679,,,1686330270
cancel,16132,,,1686330270
cancel,18075,,,1686330270
cancel,24999,,,1686330270
newOrder,16121,0,9541,1686330298
newOrder,18075,1,9541,1686330298
newOrder,12162,0,15699,1686330298
newOrder,24776,1,15699,1686330298
cancel,12162,,,1686330868
cancel,16121,,,1686330868
cancel,18075,,,1686330868
cancel,24776,,,1686330868
newOrder,16135,0,9549,1686330895
newOrder,18075,1,9549,1686330895
newOrder,9681,0,46977,1686330895
newOrder,24999,1,46977,1686330895
cancel,9681,,,1686331467
cancel,16135,,,1686331467
cancel,18075,,,1686331467
cancel,24999,,,1686331467
newOrder,16114,0,9539,1686331493
newOrder,18075,1,9539,1686331493
newOrder,15501,0,8238,1686331493
cancel,15501,,,1686332069
cancel,16114,,,1686332069
cancel,18075,,,1686332069
newOrder,16111,0,9538,1686332097
newOrder,18075,1,9538,1686332097
newOrder,9666,0,49625,1686332097
newOrder,24999,1,49625,1686332097
cancel,9666,,,1686332667
cancel,16111,,,1686332667
cancel,18075,,,1686332667
cancel,24999,,,1686332667
newOrder,16135,0,9551,1686332695
newOrder,18075,1,9551,1686332695
newOrder,9681,0,48072,1686332695
newOrder,24999,1,48072,1686332695
cancel,9681,,,1686333267
cancel,16135,,,1686333267
cancel,18075,,,1686333267
cancel,24999,,,1686333267
newOrder,16130,0,9550,1686333295
newOrder,18075,1,9550,1686333295
newOrder,9678,0,34232,1686333295
newOrder,24776,1,34232,1686333295
cancel,9678,,,1686333868
cancel,16130,,,1686333868
cancel,18075,,,1686333868
cancel,24776,,,1686333868
newOrder,16100,0,9535,1686333895
newOrder,18075,1,9535,1686333895
newOrder,9660,0,29888,1686333895
newOrder,24776,1,29888,1686333895
cancel,9660,,,1686334468
cancel,16100,,,1686334468
cancel,18075,,,1686334468
cancel,24776,,,1686334468
newOrder,16099,0,9535,1686334499
newOrder,18075,1,9535,1686334499
newOrder,9910,0,22099,1686334499
newOrder,24776,1,22099,1686334499
cancel,9910,,,1686335067
cancel,16099,,,1686335067
cancel,18075,,,1686335067
cancel,24776,,,1686335067
newOrder,16116,0,9545,1686335094
newOrder,18075,1,9545,1686335094
newOrder,12164,0,13883,1686335094
newOrder,24776,1,13883,1686335094
cancel,12164,,,1686335667
cancel,16116,,,1686335667
cancel,18075,,,1686335667
cancel,24776,,,1686335667
newOrder,16116,0,9545,1686335695
newOrder,18075,1,9545,1686335695
newOrder,9910,0,26532,1686335695
newOrder,24776,1,26532,1686335695
cancel,9910,,,1686336267
cancel,16116,,,1686336267
cancel,18075,,,1686336267
cancel,24776,,,1686336267
newOrder,16116,0,9546,1686336298
newOrder,18075,1,9546,1686336298
newOrder,9910,0,26056,1686336298
newOrder,24776,1,26056,1686336298
cancel,9910,,,1686336868
cancel,16116,,,1686336868
cancel,18075,,,1686336868
cancel,24776,,,1686336868
newOrder,16136,0,9557,1686336901
newOrder,18075,1,9557,1686336901
newOrder,12162,0,15742,1686336901
newOrder,24776,1,15742,1686336901
cancel,12162,,,1686337467
cancel,16136,,,1686337467
cancel,18075,,,1686337467
cancel,24776,,,1686337467
newOrder,16136,0,9558,1686337498
newOrder,18075,1,9558,1686337498
newOrder,12002,0,18355,1686337498
newOrder,24776,1,18355,1686337498
cancel,12002,,,1686338067
cancel,16136,,,1686338067
cancel,18075,,,1686338067
cancel,24776,,,1686338067
newOrder,16134,0,9558,1686338099
newOrder,18075,1,9558,1686338099
newOrder,9910,0,28271,1686338099
newOrder,24776,1,28271,1686338099
cancel,9910,,,1686338666
cancel,16134,,,1686338666
cancel,18075,,,1686338666
cancel,24776,,,1686338666
newOrder,16134,0,9559,1686338696
newOrder,18075,1,9559,1686338696
newOrder,9681,0,35357,1686338696
newOrder,24999,1,35357,1686338696
cancel,9681,,,1686339267
cancel,16134,,,1686339267
cancel,18075,,,1686339267
cancel,24999,,,1686339267
newOrder,16134,0,9559,1686339295
newOrder,18075,1,9559,1686339295
newOrder,9681,0,31889,1686339295
newOrder,24776,1,31889,1686339295
cancel,9681,,,1686339868
cancel,16134,,,1686339868
cancel,18075,,,1686339868
cancel,24776,,,1686339868
newOrder,16134,0,9560,1686339896
newOrder,18075,1,9560,1686339896
newOrder,12164,0,12643,1686339896
newOrder,24776,1,12643,1686339896
cancel,12164,,,1686340467
cancel,16134,,,1686340467
cancel,18075,,,1686340467
cancel,24776,,,1686340467
newOrder,16134,0,9561,1686340496
newOrder,18075,1,9561,1686340496
newOrder,9680,0,45835,1686340496
newOrder,24999,1,45835,1686340496
cancel,9680,,,1686341070
cancel,16134,,,1686341070
cancel,18075,,,1686341070
cancel,24999,,,1686341070
newOrder,16134,0,9562,1686341097
newOrder,18075,1,9562,1686341097
newOrder,15501,0,6806,1686341097
cancel,15501,,,1686341668
cancel,16134,,,1686341668
cancel,18075,,,1686341668
newOrder,16134,0,9562,1686341695
newOrder,18075,1,9562,1686341695
newOrder,12162,0,16774,1686341695
newOrder,24776,1,16774,1686341695
cancel,12162,,,1686342268
cancel,16134,,,1686342268
cancel,18075,,,1686342268
cancel,24776,,,1686342268
newOrder,16134,0,9563,1686342295
newOrder,18075,1,9563,1686342295
newOrder,9680,0,28979,1686342295
newOrder,24776,1,28979,1686342295
cancel,9680,,,1686342867
cancel,16134,,,1686342867
cancel,18075,,,1686342867
cancel,24776,,,1686342867
newOrder,16134,0,9564,1686342895
newOrder,18075,1,9564,1686342895
newOrder,9680,0,46770,1686342895
newOrder,24999,1,46770,1686342895
cancel,9680,,,1686343467
cancel,16134,,,1686343467
cancel,18075,,,1686343467
cancel,24999,,,1686343467
newOrder,16134,0,9565,1686343494
newOrder,18075,1,9565,1686343494
newOrder,9680,0,38789,1686343494
newOrder,24999,1,38789,1686343494
cancel,9680,,,1686344069
cancel,16134,,,1686344069
cancel,18075,,,1686344069
cancel,24999,,,1686344069
newOrder,16134,0,9565,1686344097
newOrder,18075,1,9565,1686344097
newOrder,9680,0,44846,1686344097
newOrder,24999,1,44846,1686344097
cancel,9680,,,1686344668
cancel,16134,,,1686344668
cancel,18075,,,1686344668
cancel,24999,,,1686344668
newOrder,16134,0,9566,1686344698
newOrder,18075,1,9566,1686344698
newOrder,9910,0,28346,1686344698
newOrder,24776,1,28346,1686344698
cancel,9910,,,1686345267
cancel,16134,,,1686345267
cancel,18075,,,1686345267
cancel,24776,,,1686345267
newOrder,16134,0,9567,1686345294
newOrder,18075,1,9567,1686345294
newOrder,9910,0,22324,1686345294
newOrder,24776,1,22324,1686345294
cancel,9910,,,1686345868
cancel,16134,,,1686345868
cancel,18075,,,1686345868
cancel,24776,,,1686345868
newOrder,16134,0,9568,1686345894
newOrder,18075,1,9568,1686345894
newOrder,9910,0,26103,1686345894
newOrder,24776,1,26103,1686345894
cancel,9910,,,1686346467
cancel,16134,,,1686346467
cancel,18075,,,1686346467
cancel,24776,,,1686346467
newOrder,16134,0,9568,1686346497
newOrder,18075,1,9568,1686346497
newOrder,9680,0,34959,1686346497
newOrder,24776,1,34959,1686346497
cancel,9680,,,1686347068
cancel,16134,,,1686347068
cancel,18075,,,1686347068
cancel,24776,,,1686347068
newOrder,16134,0,9569,1686347094
newOrder,18075,1,9569,1686347094
newOrder,9910,0,25113,1686347094
newOrder,24776,1,25113,1686347094
cancel,9910,,,1686347667
cancel,16134,,,1686347667
cancel,18075,,,1686347667
cancel,24776,,,1686347667
newOrder,16134,0,9570,1686347694
newOrder,18075,1,9570,1686347694
newOrder,9680,0,41825,1686347694
newOrder,24999,1,41825,1686347694
cancel,9680,,,1686348267
cancel,16134,,,1686348267
cancel,18075,,,1686348267
cancel,24999,,,1686348267
newOrder,16135,0,9571,1686348295
newOrder,18075,1,9571,1686348295
newOrder,12162,0,15564,1686348295
newOrder,24776,1,15564,1686348295
cancel,12162,,,1686348867
cancel,16135,,,1686348867
cancel,18075,,,1686348867
cancel,24776,,,1686348867
newOrder,16135,0,9572,1686348895
newOrder,18075,1,9572,1686348895
newOrder,12002,0,18265,1686348895
newOrder,24776,1,18265,1686348895
cancel,12002,,,1686349467
cancel,16135,,,1686349467
cancel,18075,,,1686349467
cancel,24776,,,1686349467
newOrder,16135,0,9573,1686349495
newOrder,18075,1,9573,1686349495
newOrder,9681,0,49768,1686349495
newOrder,24999,1,49768,1686349495
cancel,9681,,,1686350067
cancel,16135,,,1686350067
cancel,18075,,,1686350067
cancel,24999,,,1686350067
newOrder,16135,0,9574,1686350093
newOrder,18075,1,9574,1686350093
newOrder,15501,0,7455,1686350093
cancel,15501,,,1686350667
cancel,16135,,,1686350667
cancel,18075,,,1686350667
newOrder,16135,0,9575,1686350696
newOrder,18075,1,9575,1686350696
newOrder,9681,0,32710,1686350696
newOrder,24776,1,32710,1686350696
cancel,9681,,,1686351268
cancel,16135,,,1686351268
cancel,18075,,,1686351268
cancel,24776,,,1686351268
newOrder,16135,0,9575,1686351295
newOrder,18075,1,9575,1686351295
newOrder,9681,0,38803,1686351295
newOrder,24999,1,38803,1686351295
cancel,9681,,,1686351868
cancel,16135,,,1686351868
cancel,18075,,,1686351868
cancel,24999,,,1686351868
newOrder,16135,0,9576,1686351896
newOrder,18075,1,9576,1686351896
newOrder,12164,0,11943,1686351896
newOrder,24776,1,11943,1686351896
cancel,12164,,,1686352469
cancel,16135,,,1686352469
cancel,18075,,,1686352469
cancel,24776,,,1686352469
newOrder,16135,0,9577,1686352497
newOrder,18075,1,9577,1686352497
newOrder,15501,0,6995,1686352497
cancel,15501,,,1686353067
cancel,16135,,,1686353067
cancel,18075,,,1686353067
newOrder,16135,0,9577,1686353094
newOrder,18075,1,9577,1686353094
newOrder,9681,0,32355,1686353094
newOrder,24776,1,32355,1686353094
cancel,9681,,,1686353668
cancel,16135,,,1686353668
cancel,18075,,,1686353668
cancel,24776,,,1686353668
newOrder,16134,0,9578,1686353697
newOrder,18075,1,9578,1686353697
newOrder,9681,0,51540,1686353697
newOrder,24999,1,51540,1686353697
cancel,9681,,,1686354268
cancel,16134,,,1686354268
cancel,18075,,,1686354268
cancel,24999,,,1686354268
newOrder,16134,0,9579,1686354294
newOrder,18075,1,9579,1686354294
newOrder,9681,0,49872,1686354294
newOrder,24999,1,49872,1686354294
cancel,9681,,,1686354869
cancel,16134,,,1686354869
cancel,18075,,,1686354869
cancel,24999,,,1686354869
newOrder,16134,0,9580,1686354895
newOrder,18075,1,9580,1686354895
newOrder,15501,0,5877,1686354895
cancel,15501,,,1686355469
cancel,16134,,,1686355469
cancel,18075,,,1686355469
newOrder,16134,0,9580,1686355499
newOrder,18075,1,9580,1686355499
newOrder,9681,0,29856,1686355499
newOrder,24776,1,29856,1686355499
cancel,9681,,,1686356068
cancel,16134,,,1686356068
cancel,18075,,,1686356068
cancel,24776,,,1686356068
newOrder,16134,0,9581,1686356097
newOrder,18075,1,9581,1686356097
newOrder,12162,0,15772,1686356097
newOrder,24776,1,15772,1686356097
cancel,12162,,,1686356669
cancel,16134,,,1686356669
cancel,18075,,,1686356669
cancel,24776,,,1686356669
newOrder,16134,0,9582,1686356697
newOrder,18075,1,9582,1686356697
newOrder,9681,0,48309,1686356697
newOrder,24999,1,48309,1686356697
cancel,9681,,,1686357267
cancel,16134,,,1686357267
cancel,18075,,,1686357267
cancel,24999,,,1686357267
newOrder,16134,0,9583,1686357293
newOrder,18075,1,9583,1686357293
newOrder,9681,0,36447,1686357293
newOrder,24999,1,36447,1686357293
cancel,9681,,,1686357868
cancel,16134,,,1686357868
cancel,18075,,,1686357868
cancel,24999,,,1686357868
newOrder,16134,0,9583,1686357895
newOrder,18075,1,9583,1686357895
newOrder,15501,0,9353,1686357895
cancel,15501,,,1686358469
cancel,16134,,,1686358469
cancel,18075,,,1686358469
newOrder,16134,0,9584,1686358497
newOrder,18075,1,9584,1686358497
newOrder,9681,0,38303,1686358497
newOrder,24999,1,38303,1686358497
cancel,9681,,,1686359069
cancel,16134,,,1686359069
cancel,18075,,,1686359069
cancel,24999,,,1686359069
newOrder,16134,0,9585,1686359096
newOrder,18075,1,9585,1686359096
newOrder,9910,0,28188,1686359096
newOrder,24776,1,28188,1686359096
cancel,9910,,,1686359668
cancel,16134,,,1686359668
cancel,18075,,,1686359668
cancel,24776,,,1686359668
newOrder,16134,0,9586,1686359695
newOrder,18075,1,9586,1686359695
newOrder,9681,0,29399,1686359695
newOrder,24776,1,29399,1686359695
cancel,9681,,,1686360268
cancel,16134,,,1686360268
cancel,18075,,,1686360268
cancel,24776,,,1686360268
newOrder,16134,0,9586,1686360296
newOrder,18075,1,9586,1686360296
newOrder,9681,0,34969,1686360296
newOrder,24776,1,34969,1686360296
cancel,9681,,,1686360868
cancel,16134,,,1686360868
cancel,18075,,,1686360868
cancel,24776,,,1686360868
newOrder,16134,0,9587,1686360894
newOrder,18075,1,9587,1686360894
newOrder,15501,0,7072,1686360894
cancel,15501,,,1686361468
cancel,16134,,,1686361468
cancel,18075,,,1686361468
newOrder,16134,0,9588,1686361497
newOrder,18075,1,9588,1686361497
newOrder,9910,0,27169,1686361497
newOrder,24776,1,27169,1686361497
cancel,9910,,,1686362068
cancel,16134,,,1686362068
cancel,18075,,,1686362068
cancel,24776,,,1686362068
newOrder,16134,0,9589,1686362097
newOrder,18075,1,9589,1686362097
newOrder,9681,0,29517,1686362097
newOrder,24776,1,29517,1686362097
cancel,9681,,,1686362667
cancel,16134,,,1686362667
cancel,18075,,,1686362667
cancel,24776,,,1686362667
newOrder,16134,0,9590,1686362697
newOrder,18075,1,9590,1686362697
newOrder,9681,0,31210,1686362697
newOrder,24776,1,31210,1686362697
cancel,9681,,,1686363267
cancel,16134,,,1686363267
cancel,18075,,,1686363267
cancel,24776,,,1686363267
newOrder,16134,0,9590,1686363296
newOrder,18075,1,9590,1686363296
newOrder,9681,0,43141,1686363296
newOrder,24999,1,43141,1686363296
cancel,9681,,,1686363866
cancel,16134,,,1686363866
cancel,18075,,,1686363866
cancel,24999,,,1686363866
newOrder,16134,0,9591,1686363896
newOrder,18075,1,9591,1686363896
newOrder,9681,0,47319,1686363896
newOrder,24999,1,47319,1686363896
cancel,9681,,,1686364468
cancel,16134,,,1686364468
cancel,18075,,,1686364468
cancel,24999,,,1686364468
newOrder,16134,0,9592,1686364495
newOrder,18075,1,9592,1686364495
newOrder,9910,0,22596,1686364495
newOrder,24776,1,22596,1686364495
cancel,9910,,,1686365067
cancel,16134,,,1686365067
cancel,18075,,,1686365067
cancel,24776,,,1686365067
newOrder,16134,0,9593,1686365095
newOrder,18075,1,9593,1686365095
newOrder,9681,0,47488,1686365095
newOrder,24999,1,47488,1686365095
cancel,9681,,,1686365669
cancel,16134,,,1686365669
cancel,18075,,,1686365669
cancel,24999,,,1686365669
newOrder,16134,0,9593,1686365697
newOrder,18075,1,9593,1686365697
newOrder,9681,0,46901,1686365697
newOrder,24999,1,46901,1686365697
cancel,9681,,,1686366268
cancel,16134,,,1686366268
cancel,18075,,,1686366268
cancel,24999,,,1686366268
newOrder,16134,0,9594,1686366295
newOrder,18075,1,9594,1686366295
newOrder,9910,0,28249,1686366295
newOrder,24776,1,28249,1686366295
cancel,9910,,,1686366867
cancel,16134,,,1686366867
cancel,18075,,,1686366867
cancel,24776,,,1686366867
newOrder,16134,0,9595,1686366894
newOrder,18075,1,9595,1686366894
newOrder,9681,0,44541,1686366894
newOrder,24999,1,44541,1686366894
cancel,9681,,,1686367467
cancel,16134,,,1686367467
cancel,18075,,,1686367467
cancel,24999,,,1686367467
newOrder,16134,0,9596,1686367494
newOrder,18075,1,9596,1686367494
newOrder,15501,0,6555,1686367494
cancel,15501,,,1686368067
cancel,16134,,,1686368067
cancel,18075,,,1686368067
newOrder,16134,0,9596,1686368094
newOrder,18075,1,9596,1686368094
newOrder,9681,0,35298,1686368094
newOrder,24999,1,35298,1686368094
cancel,9681,,,1686368666
cancel,16134,,,1686368666
cancel,18075,,,1686368666
cancel,24999,,,1686368666
newOrder,16134,0,9597,1686368711
newOrder,18075,1,9597,1686368711
newOrder,9681,0,49497,1686368711
newOrder,24999,1,49497,1686368711
cancel,9681,,,1686369268
cancel,16134,,,1686369268
cancel,18075,,,1686369268
cancel,24999,,,1686369268
newOrder,16134,0,9598,1686369294
newOrder,18075,1,9598,1686369294
newOrder,9681,0,18917,1686369294
newOrder,24776,1,18917,1686369294
cancel,9681,,,1686369868
cancel,16134,,,1686369868
cancel,18075,,,1686369868
cancel,24776,,,1686369868
newOrder,16134,0,9599,1686369895
newOrder,18075,1,9599,1686369895
newOrder,9681,0,41739,1686369895
newOrder,24999,1,41739,1686369895
cancel,9681,,,1686370468
cancel,16134,,,1686370468
cancel,18075,,,1686370468
cancel,24999,,,1686370468
newOrder,16134,0,9600,1686370496
newOrder,18075,1,9600,1686370496
newOrder,12164,0,10685,1686370496
newOrder,24776,1,10685,1686370496
cancel,12164,,,1686371068
cancel,16134,,,1686371068
cancel,18075,,,1686371068
cancel,24776,,,1686371068
newOrder,16012,0,9531,1686371096
newOrder,18075,1,9531,1686371096
newOrder,9607,0,21204,1686371096
newOrder,24776,1,21204,1686371096
cancel,9607,,,1686371668
cancel,16012,,,1686371668
cancel,18075,,,1686371668
cancel,24776,,,1686371668
newOrder,16008,0,9530,1686371698
newOrder,18075,1,9530,1686371698
newOrder,9605,0,46461,1686371698
newOrder,24999,1,46461,1686371698
cancel,9605,,,1686372269
cancel,16008,,,1686372269
cancel,18075,,,1686372269
cancel,24999,,,1686372269
newOrder,16008,0,9530,1686372293
newOrder,18075,1,9530,1686372293
newOrder,9605,0,43833,1686372293
newOrder,24999,1,43833,1686372293
cancel,9605,,,1686372868
cancel,16008,,,1686372868
cancel,18075,,,1686372868
cancel,24999,,,1686372868
newOrder,16008,0,9531,1686372892
newOrder,18075,1,9531,1686372892
newOrder,15501,0,8613,1686372892
cancel,15501,,,1686373468
cancel,16008,,,1686373468
cancel,18075,,,1686373468
newOrder,16008,0,9532,1686373496
newOrder,18075,1,9532,1686373496
newOrder,9605,0,21275,1686373496
newOrder,24776,1,21275,1686373496
cancel,9605,,,1686374068
cancel,16008,,,1686374068
cancel,18075,,,1686374068
cancel,24776,,,1686374068
newOrder,16008,0,9533,1686374093
newOrder,18075,1,9533,1686374093
newOrder,9605,0,49630,1686374093
newOrder,24999,1,49630,1686374093
cancel,9605,,,1686374668
cancel,16008,,,1686374668
cancel,18075,,,1686374668
cancel,24999,,,1686374668
newOrder,16008,0,9533,1686374693
newOrder,18075,1,9533,1686374693
newOrder,9605,0,45422,1686374693
newOrder,24999,1,45422,1686374693
cancel,9605,,,1686375271
cancel,16008,,,1686375271
cancel,18075,,,1686375271
cancel,24999,,,1686375271
newOrder,16008,0,9534,1686375301
newOrder,18075,1,9534,1686375301
newOrder,9605,0,20893,1686375301
newOrder,24776,1,20893,1686375301
cancel,9605,,,1686375869
cancel,16008,,,1686375869
cancel,18075,,,1686375869
cancel,24776,,,1686375869
newOrder,16008,0,9535,1686375895
newOrder,18075,1,9535,1686375895
newOrder,9605,0,44996,1686375895
newOrder,24999,1,44996,1686375895
cancel,9605,,,1686376469
cancel,16008,,,1686376469
cancel,18075,,,1686376469
cancel,24999,,,1686376469
newOrder,15968,0,9510,1686376538
newOrder,18075,1,9510,1686376538
newOrder,9581,0,49881,1686376538
newOrder,24999,1,49881,1686376538
cancel,9581,,,1686377068
cancel,15968,,,1686377068
cancel,18075,,,1686377068
cancel,24999,,,1686377068
newOrder,15988,0,9524,1686377094
newOrder,18075,1,9524,1686377094
newOrder,9593,0,29102,1686377094
newOrder,24776,1,29102,1686377094
cancel,9593,,,1686377668
cancel,15988,,,1686377668
cancel,18075,,,1686377668
cancel,24776,,,1686377668
newOrder,15986,0,9523,1686377692
newOrder,18075,1,9523,1686377692
newOrder,15501,0,6829,1686377692
cancel,15501,,,1686378269
cancel,15986,,,1686378269
cancel,18075,,,1686378269
newOrder,15923,0,9484,1686378295
newOrder,18075,1,9484,1686378295
newOrder,9554,0,22920,1686378295
newOrder,24776,1,22920,1686378295
cancel,9554,,,1686378868
cancel,15923,,,1686378868
cancel,18075,,,1686378868
cancel,24776,,,1686378868
newOrder,15942,0,9497,1686378893
newOrder,18075,1,9497,1686378893
newOrder,9565,0,44093,1686378893
newOrder,24999,1,44093,1686378893
cancel,9565,,,1686379484
cancel,15942,,,1686379484
cancel,18075,,,1686379484
cancel,24999,,,1686379484
newOrder,15941,0,9497,1686379529
newOrder,18075,1,9497,1686379529
newOrder,9565,0,23969,1686379529
newOrder,24776,1,23969,1686379529
cancel,9565,,,1686380068
cancel,15941,,,1686380068
cancel,18075,,,1686380068
cancel,24776,,,1686380068
newOrder,15922,0,9485,1686380103
newOrder,18075,1,9485,1686380103
newOrder,12162,0,15212,1686380103
newOrder,24776,1,15212,1686380103
cancel,12162,,,1686380668
cancel,15922,,,1686380668
cancel,18075,,,1686380668
cancel,24776,,,1686380668
newOrder,15902,0,9473,1686380696
newOrder,18075,1,9473,1686380696
newOrder,9541,0,41391,1686380696
newOrder,24999,1,41391,1686380696
cancel,9541,,,1686381267
cancel,15902,,,1686381267
cancel,18075,,,1686381267
cancel,24999,,,1686381267
newOrder,15911,0,9480,1686381321
newOrder,18075,1,9480,1686381321
newOrder,12162,0,16263,1686381321
newOrder,24776,1,16263,1686381321
cancel,12162,,,1686381869
cancel,15911,,,1686381869
cancel,18075,,,1686381869
cancel,24776,,,1686381869
newOrder,15912,0,9481,1686381895
newOrder,18075,1,9481,1686381895
newOrder,12164,0,10377,1686381895
newOrder,24776,1,10377,1686381895
cancel,12164,,,1686382468
cancel,15912,,,1686382468
cancel,18075,,,1686382468
cancel,24776,,,1686382468
newOrder,15918,0,9486,1686382494
newOrder,18075,1,9486,1686382494
newOrder,12164,0,13187,1686382494
newOrder,24776,1,13187,1686382494
cancel,12164,,,1686383068
cancel,15918,,,1686383068
cancel,18075,,,1686383068
cancel,24776,,,1686383068
newOrder,15916,0,9485,1686383094
newOrder,18075,1,9485,1686383094
newOrder,9550,0,25919,1686383094
newOrder,24776,1,25919,1686383094
cancel,9550,,,1686383666
cancel,15916,,,1686383666
cancel,18075,,,1686383666
cancel,24776,,,1686383666
newOrder,15917,0,9487,1686383693
newOrder,18075,1,9487,1686383693
newOrder,9550,0,43495,1686383693
newOrder,24999,1,43495,1686383693
cancel,9550,,,1686384268
cancel,15917,,,1686384268
cancel,18075,,,1686384268
cancel,24999,,,1686384268
newOrder,15917,0,9487,1686384295
newOrder,18075,1,9487,1686384295
newOrder,9550,0,34716,1686384295
newOrder,24776,1,34716,1686384295
cancel,9550,,,1686384868
cancel,15917,,,1686384868
cancel,18075,,,1686384868
cancel,24776,,,1686384868
newOrder,15916,0,9487,1686384894
newOrder,18075,1,9487,1686384894
newOrder,9549,0,33098,1686384894
newOrder,24776,1,33098,1686384894
cancel,9549,,,1686385471
cancel,15916,,,1686385471
cancel,18075,,,1686385471
cancel,24776,,,1686385471
newOrder,15905,0,9481,1686385494
newOrder,18075,1,9481,1686385494
newOrder,12164,0,14433,1686385494
newOrder,24776,1,14433,1686385494
cancel,12164,,,1686386069
cancel,15905,,,1686386069
cancel,18075,,,1686386069
cancel,24776,,,1686386069
newOrder,15905,0,9481,1686386096
newOrder,18075,1,9481,1686386096
newOrder,12164,0,11417,1686386096
newOrder,24776,1,11417,1686386096
cancel,12164,,,1686386667
cancel,15905,,,1686386667
cancel,18075,,,1686386667
cancel,24776,,,1686386667
newOrder,15905,0,9482,1686386693
newOrder,18075,1,9482,1686386693
newOrder,9543,0,37340,1686386693
newOrder,24999,1,37340,1686386693
cancel,9543,,,1686387267
cancel,15905,,,1686387267
cancel,18075,,,1686387267
cancel,24999,,,1686387267
newOrder,15919,0,9492,1686387294
newOrder,18075,1,9492,1686387294
newOrder,9551,0,22031,1686387294
newOrder,24776,1,22031,1686387294
cancel,9551,,,1686387867
cancel,15919,,,1686387867
cancel,18075,,,1686387867
cancel,24776,,,1686387867
newOrder,15903,0,9482,1686387894
newOrder,18075,1,9482,1686387894
newOrder,9542,0,47754,1686387894
newOrder,24999,1,47754,1686387894
cancel,9542,,,1686388467
cancel,15903,,,1686388467
cancel,18075,,,1686388467
cancel,24999,,,1686388467
newOrder,15898,0,9480,1686388494
newOrder,18075,1,9480,1686388494
newOrder,9539,0,25536,1686388494
newOrder,24776,1,25536,1686388494
cancel,9539,,,1686389068
cancel,15898,,,1686389068
cancel,18075,,,1686389068
cancel,24776,,,1686389068
newOrder,15921,0,9496,1686389095
newOrder,18075,1,9496,1686389095
newOrder,9553,0,25240,1686389095
newOrder,24776,1,25240,1686389095
cancel,9553,,,1686389668
cancel,15921,,,1686389668
cancel,18075,,,1686389668
cancel,24776,,,1686389668
newOrder,15905,0,9486,1686389690
newOrder,18075,1,9486,1686389690
newOrder,15501,0,6318,1686389690
cancel,15501,,,1686390269
cancel,15905,,,1686390269
cancel,18075,,,1686390269
newOrder,15905,0,9486,1686390296
newOrder,18075,1,9486,1686390296
newOrder,9543,0,40805,1686390296
newOrder,24999,1,40805,1686390296
cancel,9543,,,1686390868
cancel,15905,,,1686390868
cancel,18075,,,1686390868
cancel,24999,,,1686390868
newOrder,15905,0,9487,1686390895
newOrder,18075,1,9487,1686390895
newOrder,9543,0,30021,1686390895
newOrder,24776,1,30021,1686390895
cancel,9543,,,1686391467
cancel,15905,,,1686391467
cancel,18075,,,1686391467
cancel,24776,,,1686391467
newOrder,15915,0,9494,1686391493
newOrder,18075,1,9494,1686391493
newOrder,15501,0,7263,1686391493
cancel,15501,,,1686392066
cancel,15915,,,1686392066
cancel,18075,,,1686392066
newOrder,15905,0,9488,1686392096
newOrder,18075,1,9488,1686392096
newOrder,9543,0,24083,1686392096
newOrder,24776,1,24083,1686392096
cancel,9543,,,1686392668
cancel,15905,,,1686392668
cancel,18075,,,1686392668
cancel,24776,,,1686392668
newOrder,15905,0,9489,1686392695
newOrder,18075,1,9489,1686392695
newOrder,9543,0,23124,1686392695
newOrder,24776,1,23124,1686392695
cancel,9543,,,1686393268
cancel,15905,,,1686393268
cancel,18075,,,1686393268
cancel,24776,,,1686393268
newOrder,15905,0,9490,1686393292
newOrder,18075,1,9490,1686393292
newOrder,15501,0,7211,1686393292
cancel,15501,,,1686393868
cancel,15905,,,1686393868
cancel,18075,,,1686393868
newOrder,15922,0,9502,1686393892
newOrder,18075,1,9502,1686393892
newOrder,9553,0,22653,1686393892
newOrder,24776,1,22653,1686393892
cancel,9553,,,1686394469
cancel,15922,,,1686394469
cancel,18075,,,1686394469
cancel,24776,,,1686394469
newOrder,15924,0,9504,1686394496
newOrder,18075,1,9504,1686394496
newOrder,9554,0,49165,1686394496
newOrder,24999,1,49165,1686394496
cancel,9554,,,1686395066
cancel,15924,,,1686395066
cancel,18075,,,1686395066
cancel,24999,,,1686395066
newOrder,15916,0,9499,1686395096
newOrder,18075,1,9499,1686395096
newOrder,12162,0,16758,1686395096
newOrder,24776,1,16758,1686395096
cancel,12162,,,1686395668
cancel,15916,,,1686395668
cancel,18075,,,1686395668
cancel,24776,,,1686395668
newOrder,15909,0,9496,1686395701
newOrder,18075,1,9496,1686395701
newOrder,9546,0,32647,1686395701
newOrder,24776,1,32647,1686395701
cancel,9546,,,1686396267
cancel,15909,,,1686396267
cancel,18075,,,1686396267
cancel,24776,,,1686396267
newOrder,15918,0,9502,1686396295
newOrder,18075,1,9502,1686396295
newOrder,9551,0,40354,1686396295
newOrder,24999,1,40354,1686396295
cancel,9551,,,1686396867
cancel,15918,,,1686396867
cancel,18075,,,1686396867
cancel,24999,,,1686396867
newOrder,15917,0,9502,1686396896
newOrder,18075,1,9502,1686396896
newOrder,9550,0,42573,1686396896
newOrder,24999,1,42573,1686396896
cancel,9550,,,1686397468
cancel,15917,,,1686397468
cancel,18075,,,1686397468
cancel,24999,,,1686397468
newOrder,15918,0,9503,1686397498
newOrder,18075,1,9503,1686397498
newOrder,9551,0,25992,1686397498
newOrder,24776,1,25992,1686397498
cancel,9551,,,1686398068
cancel,15918,,,1686398068
cancel,18075,,,1686398068
cancel,24776,,,1686398068
newOrder,15919,0,9505,1686398099
newOrder,18075,1,9505,1686398099
newOrder,9552,0,35988,1686398099
newOrder,24999,1,35988,1686398099
cancel,9552,,,1686398667
cancel,15919,,,1686398667
cancel,18075,,,1686398667
cancel,24999,,,1686398667
newOrder,15919,0,9506,1686398694
newOrder,18075,1,9506,1686398694
newOrder,12162,0,15290,1686398694
newOrder,24776,1,15290,1686398694