instruction,price,side,qty,time
cancel,11878,,,1676031192
cancel,19797,,,1676031192
cancel,20211,,,1676031192
cancel,24999,,,1676031192
newOrder,19797,0,26159,1676031199
newOrder,20211,1,26159,1676031199
newOrder,11878,0,104637,1676031199
newOrder,24999,1,104637,1676031199
cancel,11878,,,1676031792
cancel,19797,,,1676031792
cancel,20211,,,1676031792
cancel,24999,,,1676031792
newOrder,19797,0,26162,1676031798
newOrder,20211,1,26162,1676031798
newOrder,11878,0,104648,1676031798
newOrder,24999,1,104648,1676031798
cancel,11878,,,1676032393
cancel,19797,,,1676032393
cancel,20211,,,1676032393
cancel,24999,,,1676032393
newOrder,19797,0,26165,1676032400
newOrder,20211,1,26165,1676032400
newOrder,11878,0,104658,1676032400
newOrder,24999,1,104658,1676032400
cancel,11878,,,1676032992
cancel,19797,,,1676032992
cancel,20211,,,1676032992
cancel,24999,,,1676032992
newOrder,19797,0,26167,1676032999
newOrder,20211,1,26167,1676032999
newOrder,11878,0,104669,1676032999
newOrder,24999,1,104669,1676032999
cancel,11878,,,1676033592
cancel,19797,,,1676033592
cancel,20211,,,1676033592
cancel,24999,,,1676033592
newOrder,19797,0,26170,1676033598
newOrder,20211,1,26170,1676033598
newOrder,11878,0,104679,1676033598
newOrder,24999,1,104679,1676033598
cancel,11878,,,1676034191
cancel,19797,,,1676034191
cancel,20211,,,1676034191
cancel,24999,,,1676034191
newOrder,19797,0,26172,1676034202
newOrder,20211,1,26172,1676034202
newOrder,11878,0,104689,1676034202
newOrder,24999,1,104689,1676034202
cancel,11878,,,1676034792
cancel,19797,,,1676034792
cancel,20211,,,1676034792
cancel,24999,,,1676034792
newOrder,19797,0,26175,1676034800
newOrder,20211,1,26175,1676034800
newOrder,11878,0,104700,1676034800
newOrder,24999,1,104700,1676034800
cancel,11878,,,1676035393
cancel,19797,,,1676035393
cancel,20211,,,1676035393
cancel,24999,,,1676035393
newOrder,19797,0,26178,1676035399
newOrder,20211,1,26178,1676035399
newOrder,11878,0,104710,1676035399
newOrder,24999,1,104710,1676035399
cancel,11878,,,1676035992
cancel,19797,,,1676035992
cancel,20211,,,1676035992
cancel,24999,,,1676035992
newOrder,19797,0,26180,1676035998
newOrder,20211,1,26180,1676035998
newOrder,11878,0,104721,1676035998
newOrder,24999,1,104721,1676035998
cancel,11878,,,1676036592
cancel,19797,,,1676036592
cancel,20211,,,1676036592
cancel,24999,,,1676036592
newOrder,19797,0,26183,1676036600
newOrder,20211,1,26183,1676036600
newOrder,11878,0,104731,1676036600
newOrder,24999,1,104731,1676036600
cancel,11878,,,1676037192
cancel,19797,,,1676037192
cancel,20211,,,1676037192
cancel,24999,,,1676037192
newOrder,19735,0,26337,1676037199
newOrder,20203,1,26337,1676037199
newOrder,11841,0,105347,1676037199
newOrder,24999,1,105347,1676037199
cancel,11841,,,1676037793
cancel,19735,,,1676037793
cancel,20203,,,1676037793
cancel,24999,,,1676037793
newOrder,19653,0,26508,1676037800
newOrder,20203,1,26508,1676037800
newOrder,11792,0,106030,1676037800
newOrder,24999,1,106030,1676037800
cancel,11792,,,1676038393
cancel,19653,,,1676038393
cancel,20203,,,1676038393
cancel,24999,,,1676038393
newOrder,19650,0,26517,1676038400
newOrder,20203,1,26517,1676038400
newOrder,11790,0,106069,1676038400
newOrder,24999,1,106069,1676038400
cancel,11790,,,1676038994
cancel,19650,,,1676038994
cancel,20203,,,1676038994
cancel,24999,,,1676038994
newOrder,19651,0,26517,1676039003
newOrder,20203,1,26517,1676039003
newOrder,11791,0,106068,1676039003
newOrder,24999,1,106068,1676039003
cancel,11791,,,1676039593
cancel,19651,,,1676039593
cancel,20203,,,1676039593
cancel,24999,,,1676039593
newOrder,19651,0,26521,1676039600
newOrder,20203,1,26521,1676039600
newOrder,11791,0,106083,1676039600
newOrder,24999,1,106083,1676039600
cancel,11791,,,1676040191
cancel,19651,,,1676040191
cancel,20203,,,1676040191
cancel,24999,,,1676040191
newOrder,19652,0,26521,1676040200
newOrder,20203,1,26521,1676040200
newOrder,11791,0,106082,1676040200
newOrder,24999,1,106082,1676040200
cancel,11791,,,1676040791
cancel,19652,,,1676040791
cancel,20203,,,1676040791
cancel,24999,,,1676040791
newOrder,19652,0,26523,1676040799
newOrder,20203,1,26523,1676040799
newOrder,11791,0,106093,1676040799
newOrder,24999,1,106093,1676040799
cancel,11791,,,1676041395
cancel,19652,,,1676041395
cancel,20203,,,1676041395
cancel,24999,,,1676041395
newOrder,19664,0,26502,1676041407
newOrder,20203,1,26502,1676041407
newOrder,11799,0,106007,1676041407
newOrder,24999,1,106007,1676041407
cancel,11799,,,1676041992
cancel,19664,,,1676041992
cancel,20203,,,1676041992
cancel,24999,,,1676041992
newOrder,19651,0,26531,1676042000
newOrder,20203,1,26531,1676042000
newOrder,11791,0,106122,1676042000
newOrder,24999,1,106122,1676042000
cancel,11791,,,1676042592
cancel,19651,,,1676042592
cancel,20203,,,1676042592
cancel,24999,,,1676042592
newOrder,19652,0,26533,1676042600
newOrder,20203,1,26533,1676042600
newOrder,11791,0,106131,1676042600
newOrder,24999,1,106131,1676042600
cancel,11791,,,1676043193
cancel,19652,,,1676043193
cancel,20203,,,1676043193
cancel,24999,,,1676043193
newOrder,19652,0,26535,1676043200
newOrder,20203,1,26535,1676043200
newOrder,11791,0,106140,1676043200
newOrder,24999,1,106140,1676043200
cancel,11791,,,1676043792
cancel,19652,,,1676043792
cancel,20203,,,1676043792
cancel,24999,,,1676043792
newOrder,19652,0,26537,1676043799
newOrder,20203,1,26537,1676043799
newOrder,11791,0,106147,1676043799
newOrder,24999,1,106147,1676043799
cancel,11791,,,1676044392
cancel,19652,,,1676044392
cancel,20203,,,1676044392
cancel,24999,,,1676044392
newOrder,19652,0,26541,1676044400
newOrder,20203,1,26541,1676044400
newOrder,11791,0,106162,1676044400
newOrder,24999,1,106162,1676044400
cancel,11791,,,1676044994
cancel,19652,,,1676044994
cancel,20203,,,1676044994
cancel,24999,,,1676044994
newOrder,19652,0,26542,1676045003
newOrder,20203,1,26542,1676045003
newOrder,11791,0,106169,1676045003
newOrder,24999,1,106169,1676045003
cancel,11791,,,1676045593
cancel,19652,,,1676045593
cancel,20203,,,1676045593
cancel,24999,,,1676045593
newOrder,19652,0,26546,1676045600
newOrder,20203,1,26546,1676045600
newOrder,11791,0,106184,1676045600
newOrder,24999,1,106184,1676045600
cancel,11791,,,1676046192
cancel,19652,,,1676046192
cancel,20203,,,1676046192
cancel,24999,,,1676046192
newOrder,19652,0,26548,1676046199
newOrder,20203,1,26548,1676046199
newOrder,11791,0,106191,1676046199
newOrder,24999,1,106191,1676046199
cancel,11791,,,1676046792
cancel,19652,,,1676046792
cancel,20203,,,1676046792
cancel,24999,,,1676046792
newOrder,19652,0,26551,1676046799
newOrder,20203,1,26551,1676046799
newOrder,11791,0,106202,1676046799
newOrder,24999,1,106202,1676046799
cancel,11791,,,1676047392
cancel,19652,,,1676047392
cancel,20203,,,1676047392
cancel,24999,,,1676047392
newOrder,19652,0,26555,1676047399
newOrder,20203,1,26555,1676047399
newOrder,11791,0,106220,1676047399
newOrder,24999,1,106220,1676047399
cancel,11791,,,1676047992
cancel,19652,,,1676047992
cancel,20203,,,1676047992
cancel,24999,,,1676047992
newOrder,19652,0,26556,1676048000
newOrder,20203,1,26556,1676048000
newOrder,11791,0,106224,1676048000
newOrder,24999,1,106224,1676048000
cancel,11791,,,1676048594
cancel,19652,,,1676048594
cancel,20203,,,1676048594
cancel,24999,,,1676048594
newOrder,19651,0,26561,1676048603
newOrder,20203,1,26561,1676048603
newOrder,11791,0,106243,1676048603
newOrder,24999,1,106243,1676048603
cancel,11791,,,1676049192
cancel,19651,,,1676049192
cancel,20203,,,1676049192
cancel,24999,,,1676049192
newOrder,19652,0,26563,1676049200
newOrder,20203,1,26563,1676049200
newOrder,11791,0,106250,1676049200
newOrder,24999,1,106250,1676049200
cancel,11791,,,1676049793
cancel,19652,,,1676049793
cancel,20203,,,1676049793
cancel,24999,,,1676049793
newOrder,19652,0,26565,1676049802
newOrder,20203,1,26565,1676049802
newOrder,11791,0,106261,1676049802
newOrder,24999,1,106261,1676049802
cancel,11791,,,1676050399
cancel,19652,,,1676050399
cancel,20203,,,1676050399
cancel,24999,,,1676050399
newOrder,19666,0,26539,1676050412
newOrder,20203,1,26539,1676050412
newOrder,11799,0,106157,1676050412
newOrder,24999,1,106157,1676050412
cancel,11799,,,1676050992
cancel,19666,,,1676050992
cancel,20203,,,1676050992
cancel,24999,,,1676050992
newOrder,19651,0,26572,1676051001
newOrder,20203,1,26572,1676051001
newOrder,11791,0,106290,1676051001
newOrder,24999,1,106290,1676051001
cancel,11791,,,1676051592
cancel,19651,,,1676051592
cancel,20203,,,1676051592
cancel,24999,,,1676051592
newOrder,19651,0,26575,1676051601
newOrder,20203,1,26575,1676051601
newOrder,11791,0,106298,1676051601
newOrder,24999,1,106298,1676051601
cancel,11791,,,1676052196
cancel,19651,,,1676052196
cancel,20203,,,1676052196
cancel,24999,,,1676052196
newOrder,19666,0,26548,1676052206
newOrder,20203,1,26548,1676052206
newOrder,11799,0,106190,1676052206
newOrder,24999,1,106190,1676052206
cancel,11799,,,1676052793
cancel,19666,,,1676052793
cancel,20203,,,1676052793
cancel,24999,,,1676052793
newOrder,19666,0,26550,1676052809
newOrder,20203,1,26550,1676052809
newOrder,11799,0,106201,1676052809
newOrder,24999,1,106201,1676052809
cancel,11799,,,1676053393
cancel,19666,,,1676053393
cancel,20203,,,1676053393
cancel,24999,,,1676053393
newOrder,19666,0,26553,1676053414
newOrder,20203,1,26553,1676053414
newOrder,11799,0,106212,1676053414
newOrder,24999,1,106212,1676053414
cancel,11799,,,1676053995
cancel,19666,,,1676053995
cancel,20203,,,1676053995
cancel,24999,,,1676053995
newOrder,19666,0,26556,1676054005
newOrder,20203,1,26556,1676054005
newOrder,11799,0,106223,1676054005
newOrder,24999,1,106223,1676054005
cancel,11799,,,1676054593
cancel,19666,,,1676054593
cancel,20203,,,1676054593
cancel,24999,,,1676054593
newOrder,19651,0,26589,1676054600
newOrder,20203,1,26589,1676054600
newOrder,11791,0,106355,1676054600
newOrder,24999,1,106355,1676054600
cancel,11791,,,1676055193
cancel,19651,,,1676055193
cancel,20203,,,1676055193
cancel,24999,,,1676055193
newOrder,19652,0,26591,1676055201
newOrder,20203,1,26591,1676055201
newOrder,11791,0,106362,1676055201
newOrder,24999,1,106362,1676055201
cancel,11791,,,1676055793
cancel,19652,,,1676055793
cancel,20203,,,1676055793
cancel,24999,,,1676055793
newOrder,19686,0,26523,1676055800
newOrder,20203,1,26523,1676055800
newOrder,11811,0,106091,1676055800
newOrder,24999,1,106091,1676055800
cancel,11811,,,1676056393
cancel,19686,,,1676056393
cancel,20203,,,1676056393
cancel,24999,,,1676056393
newOrder,19686,0,26526,1676056401
newOrder,20203,1,26526,1676056401
newOrder,11811,0,106102,1676056401
newOrder,24999,1,106102,1676056401
cancel,11811,,,1676056994
cancel,19686,,,1676056994
cancel,20203,,,1676056994
cancel,24999,,,1676056994
newOrder,19686,0,26528,1676057001
newOrder,20203,1,26528,1676057001
newOrder,11811,0,106113,1676057001
newOrder,24999,1,106113,1676057001
cancel,11811,,,1676057593
cancel,19686,,,1676057593
cancel,20203,,,1676057593
cancel,24999,,,1676057593
newOrder,19700,0,26500,1676057601
newOrder,20203,1,26500,1676057601
newOrder,11820,0,106002,1676057601
newOrder,24999,1,106002,1676057601
cancel,11820,,,1676058193
cancel,19700,,,1676058193
cancel,20203,,,1676058193
cancel,24999,,,1676058193
newOrder,19700,0,26503,1676058200
newOrder,20203,1,26503,1676058200
newOrder,11820,0,106013,1676058200
newOrder,24999,1,106013,1676058200
cancel,11820,,,1676058796
cancel,19700,,,1676058796
cancel,20203,,,1676058796
cancel,24999,,,1676058796
newOrder,19700,0,26506,1676058804
newOrder,20203,1,26506,1676058804
newOrder,11820,0,106024,1676058804
newOrder,24999,1,106024,1676058804
cancel,11820,,,1676059393
cancel,19700,,,1676059393
cancel,20203,,,1676059393
cancel,24999,,,1676059393
newOrder,19700,0,26509,1676059400
newOrder,20203,1,26509,1676059400
newOrder,11820,0,106034,1676059400
newOrder,24999,1,106034,1676059400
cancel,11820,,,1676059993
cancel,19700,,,1676059993
cancel,20203,,,1676059993
cancel,24999,,,1676059993
newOrder,19700,0,26511,1676059999
newOrder,20203,1,26511,1676059999
newOrder,11820,0,106045,1676059999
newOrder,24999,1,106045,1676059999
cancel,11820,,,1676060592
cancel,19700,,,1676060592
cancel,20203,,,1676060592
cancel,24999,,,1676060592
newOrder,19700,0,26514,1676060602
newOrder,20203,1,26514,1676060602
newOrder,11820,0,106056,1676060602
newOrder,24999,1,106056,1676060602
cancel,11820,,,1676061192
cancel,19700,,,1676061192
cancel,20203,,,1676061192
cancel,24999,,,1676061192
newOrder,19700,0,26517,1676061201
newOrder,20203,1,26517,1676061201
newOrder,11820,0,106067,1676061201
newOrder,24999,1,106067,1676061201
cancel,11820,,,1676061793
cancel,19700,,,1676061793
cancel,20203,,,1676061793
cancel,24999,,,1676061793
newOrder,19700,0,26520,1676061802
newOrder,20203,1,26520,1676061802
newOrder,11820,0,106078,1676061802
newOrder,24999,1,106078,1676061802
cancel,11820,,,1676062392
cancel,19700,,,1676062392
cancel,20203,,,1676062392
cancel,24999,,,1676062392
newOrder,19700,0,26522,1676062399
newOrder,20203,1,26522,1676062399
newOrder,11820,0,106089,1676062399
newOrder,24999,1,106089,1676062399
cancel,11820,,,1676062992
cancel,19700,,,1676062992
cancel,20203,,,1676062992
cancel,24999,,,1676062992
newOrder,19700,0,26525,1676062998
newOrder,20203,1,26525,1676062998
newOrder,11820,0,106100,1676062998
newOrder,24999,1,106100,1676062998
cancel,11820,,,1676063593
cancel,19700,,,1676063593
cancel,20203,,,1676063593
cancel,24999,,,1676063593
newOrder,19700,0,26528,1676063603
newOrder,20203,1,26528,1676063603
newOrder,11820,0,106111,1676063603
newOrder,24999,1,106111,1676063603
cancel,11820,,,1676064193
cancel,19700,,,1676064193
cancel,20203,,,1676064193
cancel,24999,,,1676064193
newOrder,19700,0,26530,1676064200
newOrder,20203,1,26530,1676064200
newOrder,11820,0,106122,1676064200
newOrder,24999,1,106122,1676064200
cancel,11820,,,1676064794
cancel,19700,,,1676064794
cancel,20203,,,1676064794
cancel,24999,,,1676064794
newOrder,19700,0,26533,1676064800
newOrder,20203,1,26533,1676064800
newOrder,11820,0,106133,1676064800
newOrder,24999,1,106133,1676064800
cancel,11820,,,1676065392
cancel,19700,,,1676065392
cancel,20203,,,1676065392
cancel,24999,,,1676065392
newOrder,19700,0,26536,1676065403
newOrder,20203,1,26536,1676065403
newOrder,11820,0,106144,1676065403
newOrder,24999,1,106144,1676065403
cancel,11820,,,1676065992
cancel,19700,,,1676065992
cancel,20203,,,1676065992
cancel,24999,,,1676065992
newOrder,19700,0,26539,1676066000
newOrder,20203,1,26539,1676066000
newOrder,11820,0,106155,1676066000
newOrder,24999,1,106155,1676066000
cancel,11820,,,1676066593
cancel,19700,,,1676066593
cancel,20203,,,1676066593
cancel,24999,,,1676066593
newOrder,19700,0,26541,1676066599
newOrder,20203,1,26541,1676066599
newOrder,11820,0,106166,1676066599
newOrder,24999,1,106166,1676066599
cancel,11820,,,1676067192
cancel,19700,,,1676067192
cancel,20203,,,1676067192
cancel,24999,,,1676067192
newOrder,19700,0,26544,1676067200
newOrder,20203,1,26544,1676067200
newOrder,11820,0,106177,1676067200
newOrder,24999,1,106177,1676067200
cancel,11820,,,1676067794
cancel,19700,,,1676067794
cancel,20203,,,1676067794
cancel,24999,,,1676067794
newOrder,19700,0,26547,1676067803
newOrder,20203,1,26547,1676067803
newOrder,11820,0,106188,1676067803
newOrder,24999,1,106188,1676067803
cancel,11820,,,1676068393
cancel,19700,,,1676068393
cancel,20203,,,1676068393
cancel,24999,,,1676068393
newOrder,19700,0,26550,1676068402
newOrder,20203,1,26550,1676068402
newOrder,11820,0,106198,1676068402
newOrder,24999,1,106198,1676068402
cancel,11820,,,1676068995
cancel,19700,,,1676068995
cancel,20203,,,1676068995
cancel,24999,,,1676068995
newOrder,19671,0,26614,1676069007
newOrder,20203,1,26614,1676069007
newOrder,11802,0,106458,1676069007
newOrder,24999,1,106458,1676069007
cancel,11802,,,1676069593
cancel,19671,,,1676069593
cancel,20203,,,1676069593
cancel,24999,,,1676069593
newOrder,19671,0,26617,1676069600
newOrder,20203,1,26617,1676069600
newOrder,11802,0,106469,1676069600
newOrder,24999,1,106469,1676069600
cancel,11802,,,1676070194
cancel,19671,,,1676070194
cancel,20203,,,1676070194
cancel,24999,,,1676070194
newOrder,19671,0,26620,1676070200
newOrder,20203,1,26620,1676070200
newOrder,11802,0,106480,1676070200
newOrder,24999,1,106480,1676070200
cancel,11802,,,1676070792
cancel,19671,,,1676070792
cancel,20203,,,1676070792
cancel,24999,,,1676070792
newOrder,19671,0,26623,1676070800
newOrder,20203,1,26623,1676070800
newOrder,11802,0,106491,1676070800
newOrder,24999,1,106491,1676070800
cancel,11802,,,1676071393
cancel,19671,,,1676071393
cancel,20203,,,1676071393
cancel,24999,,,1676071393
newOrder,19671,0,26626,1676071401
newOrder,20203,1,26626,1676071401
newOrder,11802,0,106502,1676071401
newOrder,24999,1,106502,1676071401
cancel,11802,,,1676071993
cancel,19671,,,1676071993
cancel,20203,,,1676071993
cancel,24999,,,1676071993
newOrder,19671,0,26628,1676071999
newOrder,20203,1,26628,1676071999
newOrder,11802,0,106513,1676071999
newOrder,24999,1,106513,1676071999
cancel,11802,,,1676072594
cancel,19671,,,1676072594
cancel,20203,,,1676072594
cancel,24999,,,1676072594
newOrder,19671,0,26631,1676072600
newOrder,20203,1,26631,1676072600
newOrder,11802,0,106524,1676072600
newOrder,24999,1,106524,1676072600
cancel,11802,,,1676073193
cancel,19671,,,1676073193
cancel,20203,,,1676073193
cancel,24999,,,1676073193
newOrder,19671,0,26634,1676073200
newOrder,20203,1,26634,1676073200
newOrder,11802,0,106535,1676073200
newOrder,24999,1,106535,1676073200
cancel,11802,,,1676073793
cancel,19671,,,1676073793
cancel,20203,,,1676073793
cancel,24999,,,1676073793
newOrder,19671,0,26637,1676073806
newOrder,20203,1,26637,1676073806
newOrder,11802,0,106547,1676073806
newOrder,24999,1,106547,1676073806
cancel,11802,,,1676074394
cancel,19671,,,1676074394
cancel,20203,,,1676074394
cancel,24999,,,1676074394
newOrder,19671,0,26639,1676074400
newOrder,20203,1,26639,1676074400
newOrder,11802,0,106558,1676074400
newOrder,24999,1,106558,1676074400
cancel,11802,,,1676074993
cancel,19671,,,1676074993
cancel,20203,,,1676074993
cancel,24999,,,1676074993
newOrder,19671,0,26642,1676075001
newOrder,20203,1,26642,1676075001
newOrder,11802,0,106569,1676075001
newOrder,24999,1,106569,1676075001
cancel,11802,,,1676075593
cancel,19671,,,1676075593
cancel,20203,,,1676075593
cancel,24999,,,1676075593
newOrder,19671,0,26645,1676075601
newOrder,20203,1,26645,1676075601
newOrder,11802,0,106580,1676075601
newOrder,24999,1,106580,1676075601
cancel,11802,,,1676076195
cancel,19671,,,1676076195
cancel,20203,,,1676076195
cancel,24999,,,1676076195
newOrder,19671,0,26648,1676076205
newOrder,20203,1,26648,1676076205
newOrder,11802,0,106591,1676076205
newOrder,24999,1,106591,1676076205
cancel,11802,,,1676076793
cancel,19671,,,1676076793
cancel,20203,,,1676076793
cancel,24999,,,1676076793
newOrder,19671,0,26650,1676076803
newOrder,20203,1,26650,1676076803
newOrder,11802,0,106602,1676076803
newOrder,24999,1,106602,1676076803
cancel,11802,,,1676077391
cancel,19671,,,1676077391
cancel,20203,,,1676077391
cancel,24999,,,1676077391
newOrder,19671,0,26653,1676077399
newOrder,20203,1,26653,1676077399
newOrder,11802,0,106613,1676077399
newOrder,24999,1,106613,1676077399
cancel,11802,,,1676077991
cancel,19671,,,1676077991
cancel,20203,,,1676077991
cancel,24999,,,1676077991
newOrder,19671,0,26656,1676077999
newOrder,20203,1,26656,1676077999
newOrder,11802,0,106624,1676077999
newOrder,24999,1,106624,1676077999
cancel,11802,,,1676078593
cancel,19671,,,1676078593
cancel,20203,,,1676078593
cancel,24999,,,1676078593
newOrder,19671,0,26659,1676078600
newOrder,20203,1,26659,1676078600
newOrder,11802,0,106635,1676078600
newOrder,24999,1,106635,1676078600
cancel,11802,,,1676079194
cancel,19671,,,1676079194
cancel,20203,,,1676079194
cancel,24999,,,1676079194
newOrder,19671,0,26662,1676079201
newOrder,20203,1,26662,1676079201
newOrder,11802,0,106646,1676079201
newOrder,24999,1,106646,1676079201
cancel,11802,,,1676079792
cancel,19671,,,1676079792
cancel,20203,,,1676079792
cancel,24999,,,1676079792
newOrder,19671,0,26664,1676079800
newOrder,20203,1,26664,1676079800
newOrder,11802,0,106657,1676079800
newOrder,24999,1,106657,1676079800
cancel,11802,,,1676080394
cancel,19671,,,1676080394
cancel,20203,,,1676080394
cancel,24999,,,1676080394
newOrder,19671,0,26667,1676080402
newOrder,20203,1,26667,1676080402
newOrder,11802,0,106669,1676080402
newOrder,24999,1,106669,1676080402
cancel,11802,,,1676080994
cancel,19671,,,1676080994
cancel,20203,,,1676080994
cancel,24999,,,1676080994
newOrder,19671,0,26670,1676081000
newOrder,20203,1,26670,1676081000
newOrder,11802,0,106680,1676081000
newOrder,24999,1,106680,1676081000
cancel,11802,,,1676081593
cancel,19671,,,1676081593
cancel,20203,,,1676081593
cancel,24999,,,1676081593
newOrder,19671,0,26673,1676081601
newOrder,20203,1,26673,1676081601
newOrder,11802,0,106691,1676081601
newOrder,24999,1,106691,1676081601
cancel,11802,,,1676082193
cancel,19671,,,1676082193
cancel,20203,,,1676082193
cancel,24999,,,1676082193
newOrder,19671,0,26675,1676082202
newOrder,20203,1,26675,1676082202
newOrder,11802,0,106702,1676082202
newOrder,24999,1,106702,1676082202
cancel,11802,,,1676082792
cancel,19671,,,1676082792
cancel,20203,,,1676082792
cancel,24999,,,1676082792
newOrder,19671,0,26678,1676082799
newOrder,20203,1,26678,1676082799
newOrder,11802,0,106713,1676082799
newOrder,24999,1,106713,1676082799
cancel,11802,,,1676083393
cancel,19671,,,1676083393
cancel,20203,,,1676083393
cancel,24999,,,1676083393
newOrder,19671,0,26681,1676083401
newOrder,20203,1,26681,1676083401
newOrder,11802,0,106724,1676083401
newOrder,24999,1,106724,1676083401
cancel,11802,,,1676083993
cancel,19671,,,1676083993
cancel,20203,,,1676083993
cancel,24999,,,1676083993
newOrder,19671,0,26684,1676084001
newOrder,20203,1,26684,1676084001
newOrder,11802,0,106735,1676084001
newOrder,24999,1,106735,1676084001
cancel,11802,,,1676084593
cancel,19671,,,1676084593
cancel,20203,,,1676084593
cancel,24999,,,1676084593
newOrder,19671,0,26687,1676084599
newOrder,20203,1,26687,1676084599
newOrder,11802,0,106747,1676084599
newOrder,24999,1,106747,1676084599
cancel,11802,,,1676085193
cancel,19671,,,1676085193
cancel,20203,,,1676085193
cancel,24999,,,1676085193
newOrder,19671,0,26689,1676085202
newOrder,20203,1,26689,1676085202
newOrder,11802,0,106758,1676085202
newOrder,24999,1,106758,1676085202
cancel,11802,,,1676085793
cancel,19671,,,1676085793
cancel,20203,,,1676085793
cancel,24999,,,1676085793
newOrder,19671,0,26692,1676085798
newOrder,20203,1,26692,1676085798
newOrder,11802,0,106769,1676085798
newOrder,24999,1,106769,1676085798
cancel,11802,,,1676086392
cancel,19671,,,1676086392
cancel,20203,,,1676086392
cancel,24999,,,1676086392
newOrder,19671,0,26695,1676086400
newOrder,20203,1,26695,1676086400
newOrder,11802,0,106780,1676086400
newOrder,24999,1,106780,1676086400
cancel,11802,,,1676086993
cancel,19671,,,1676086993
cancel,20203,,,1676086993
cancel,24999,,,1676086993
newOrder,19671,0,26698,1676087000
newOrder,20203,1,26698,1676087000
newOrder,11802,0,106791,1676087000
newOrder,24999,1,106791,1676087000
cancel,11802,,,1676087593
cancel,19671,,,1676087593
cancel,20203,,,1676087593
cancel,24999,,,1676087593
newOrder,19671,0,26701,1676087599
newOrder,20203,1,26701,1676087599
newOrder,11802,0,106802,1676087599
newOrder,24999,1,106802,1676087599
cancel,11802,,,1676088195
cancel,19671,,,1676088195
cancel,20203,,,1676088195
cancel,24999,,,1676088195
newOrder,19671,0,26703,1676088202
newOrder,20203,1,26703,1676088202
newOrder,11802,0,106814,1676088202
newOrder,24999,1,106814,1676088202
cancel,11802,,,1676088793
cancel,19671,,,1676088793
cancel,20203,,,1676088793
cancel,24999,,,1676088793
newOrder,19671,0,26706,1676088800
newOrder,20203,1,26706,1676088800
newOrder,11802,0,106825,1676088800
newOrder,24999,1,106825,1676088800
cancel,11802,,,1676089393
cancel,19671,,,1676089393
cancel,20203,,,1676089393
cancel,24999,,,1676089393
newOrder,19671,0,26709,1676089399
newOrder,20203,1,26709,1676089399
newOrder,11802,0,106836,1676089399
newOrder,24999,1,106836,1676089399
cancel,11802,,,1676089993
cancel,19671,,,1676089993
cancel,20203,,,1676089993
cancel,24999,,,1676089993
newOrder,19671,0,26712,1676090000
newOrder,20203,1,26712,1676090000
newOrder,11802,0,106847,1676090000
newOrder,24999,1,106847,1676090000
cancel,11802,,,1676090593
cancel,19671,,,1676090593
cancel,20203,,,1676090593
cancel,24999,,,1676090593
newOrder,19671,0,26715,1676090600
newOrder,20203,1,26715,1676090600
newOrder,11802,0,106858,1676090600
newOrder,24999,1,106858,1676090600
cancel,11802,,,1676091193
cancel,19671,,,1676091193
cancel,20203,,,1676091193
cancel,24999,,,1676091193
newOrder,19671,0,26717,1676091200
newOrder,20203,1,26717,1676091200
newOrder,11802,0,106869,1676091200
newOrder,24999,1,106869,1676091200
cancel,11802,,,1676091792
cancel,19671,,,1676091792
cancel,20203,,,1676091792
cancel,24999,,,1676091792
newOrder,19671,0,26720,1676091799
newOrder,20203,1,26720,1676091799
newOrder,11802,0,106881,1676091799
newOrder,24999,1,106881,1676091799
cancel,11802,,,1676092393
cancel,19671,,,1676092393
cancel,20203,,,1676092393
cancel,24999,,,1676092393
newOrder,19671,0,26723,1676092400
newOrder,20203,1,26723,1676092400
newOrder,11802,0,106892,1676092400
newOrder,24999,1,106892,1676092400
cancel,11802,,,1676092993
cancel,19671,,,1676092993
cancel,20203,,,1676092993
cancel,24999,,,1676092993
newOrder,19613,0,26848,1676093000
newOrder,20203,1,26848,1676093000
newOrder,11768,0,107393,1676093000
newOrder,24999,1,107393,1676093000
cancel,11768,,,1676093592
cancel,19613,,,1676093592
cancel,20203,,,1676093592
cancel,24999,,,1676093592
newOrder,19783,0,26486,1676093601
newOrder,20203,1,26486,1676093601
newOrder,11870,0,105943,1676093601
newOrder,24999,1,105943,1676093601
cancel,11870,,,1676094193
cancel,19783,,,1676094193
cancel,20203,,,1676094193
cancel,24999,,,1676094193
newOrder,19783,0,26488,1676094199
newOrder,20203,1,26488,1676094199
newOrder,11870,0,105953,1676094199
newOrder,24999,1,105953,1676094199
cancel,11870,,,1676094793
cancel,19783,,,1676094793
cancel,20203,,,1676094793
cancel,24999,,,1676094793
newOrder,19783,0,26491,1676094799
newOrder,20203,1,26491,1676094799
newOrder,11870,0,105964,1676094799
newOrder,24999,1,105964,1676094799
cancel,11870,,,1676095392
cancel,19783,,,1676095392
cancel,20203,,,1676095392
cancel,24999,,,1676095392
newOrder,19783,0,26494,1676095401
newOrder,20203,1,26494,1676095401
newOrder,11870,0,105975,1676095401
newOrder,24999,1,105975,1676095401
cancel,11870,,,1676095993
cancel,19783,,,1676095993
cancel,20203,,,1676095993
cancel,24999,,,1676095993
newOrder,19783,0,26496,1676095999
newOrder,20203,1,26496,1676095999
newOrder,11870,0,105986,1676095999
newOrder,24999,1,105986,1676095999
cancel,11870,,,1676096593
cancel,19783,,,1676096593
cancel,20203,,,1676096593
cancel,24999,,,1676096593
newOrder,19783,0,26499,1676096601
newOrder,20203,1,26499,1676096601
newOrder,11870,0,105997,1676096601
newOrder,24999,1,105997,1676096601
cancel,11870,,,1676097194
cancel,19783,,,1676097194
cancel,20203,,,1676097194
cancel,24999,,,1676097194
newOrder,19783,0,26502,1676097201
newOrder,20203,1,26502,1676097201
newOrder,11870,0,106008,1676097201
newOrder,24999,1,106008,1676097201
cancel,11870,,,1676097792
cancel,19783,,,1676097792
cancel,20203,,,1676097792
cancel,24999,,,1676097792
newOrder,19783,0,26505,1676097799
newOrder,20203,1,26505,1676097799
newOrder,11870,0,106018,1676097799
newOrder,24999,1,106018,1676097799
cancel,11870,,,1676098393
cancel,19783,,,1676098393
cancel,20203,,,1676098393
cancel,24999,,,1676098393
newOrder,19783,0,26507,1676098400
newOrder,20203,1,26507,1676098400
newOrder,11870,0,106029,1676098400
newOrder,24999,1,106029,1676098400
cancel,11870,,,1676098991
cancel,19783,,,1676098991
cancel,20203,,,1676098991
cancel,24999,,,1676098991
newOrder,19783,0,26510,1676098999
newOrder,20203,1,26510,1676098999
newOrder,11870,0,106040,1676098999
newOrder,24999,1,106040,1676098999
cancel,11870,,,1676099592
cancel,19783,,,1676099592
cancel,20203,,,1676099592
cancel,24999,,,1676099592
newOrder,19783,0,26513,1676099600
newOrder,20203,1,26513,1676099600
newOrder,11870,0,106051,1676099600
newOrder,24999,1,106051,1676099600
cancel,11870,,,1676100192
cancel,19783,,,1676100192
cancel,20203,,,1676100192
cancel,24999,,,1676100192
newOrder,19783,0,26515,1676100200
newOrder,20203,1,26515,1676100200
newOrder,11870,0,106062,1676100200
newOrder,24999,1,106062,1676100200
cancel,11870,,,1676100793
cancel,19783,,,1676100793
cancel,20203,,,1676100793
cancel,24999,,,1676100793
newOrder,19783,0,26518,1676100800
newOrder,20203,1,26518,1676100800
newOrder,11870,0,106073,1676100800
newOrder,24999,1,106073,1676100800
cancel,11870,,,1676101393
cancel,19783,,,1676101393
cancel,20203,,,1676101393
cancel,24999,,,1676101393
newOrder,19783,0,26521,1676101400
newOrder,20203,1,26521,1676101400
newOrder,11870,0,106084,1676101400
newOrder,24999,1,106084,1676101400
cancel,11870,,,1676101992
cancel,19783,,,1676101992
cancel,20203,,,1676101992
cancel,24999,,,1676101992
newOrder,19734,0,26630,1676101999
newOrder,20203,1,26630,1676101999
newOrder,11841,0,106521,1676101999
newOrder,24999,1,106521,1676101999
cancel,11841,,,1676102592
cancel,19734,,,1676102592
cancel,20203,,,1676102592
cancel,24999,,,1676102592
newOrder,19734,0,26633,1676102598
newOrder,20203,1,26633,1676102598
newOrder,11841,0,106532,1676102598
newOrder,24999,1,106532,1676102598
cancel,11841,,,1676103193
cancel,19734,,,1676103193
cancel,20203,,,1676103193
cancel,24999,,,1676103193
newOrder,19697,0,26717,1676103199
newOrder,20203,1,26717,1676103199
newOrder,11818,0,106867,1676103199
newOrder,24999,1,106867,1676103199
cancel,11818,,,1676103793
cancel,19697,,,1676103793
cancel,20203,,,1676103793
cancel,24999,,,1676103793
newOrder,19697,0,26719,1676103799
newOrder,20203,1,26719,1676103799
newOrder,11818,0,106878,1676103799
newOrder,24999,1,106878,1676103799
cancel,11818,,,1676104393
cancel,19697,,,1676104393
cancel,20203,,,1676104393
cancel,24999,,,1676104393
newOrder,19697,0,26722,1676104400
newOrder,20203,1,26722,1676104400
newOrder,11818,0,106889,1676104400
newOrder,24999,1,106889,1676104400
cancel,11818,,,1676104996
cancel,19697,,,1676104996
cancel,20203,,,1676104996
cancel,24999,,,1676104996
newOrder,19697,0,26725,1676105006
newOrder,20203,1,26725,1676105006
newOrder,11818,0,106900,1676105006
newOrder,24999,1,106900,1676105006
cancel,11818,,,1676105593
cancel,19697,,,1676105593
cancel,20203,,,1676105593
cancel,24999,,,1676105593
newOrder,19697,0,26728,1676105600
newOrder,20203,1,26728,1676105600
newOrder,11818,0,106911,1676105600
newOrder,24999,1,106911,1676105600
cancel,11818,,,1676106192
cancel,19697,,,1676106192
cancel,20203,,,1676106192
cancel,24999,,,1676106192
newOrder,19697,0,26731,1676106199
newOrder,20203,1,26731,1676106199
newOrder,11818,0,106923,1676106199
newOrder,24999,1,106923,1676106199
cancel,11818,,,1676106793
cancel,19697,,,1676106793
cancel,20203,,,1676106793
cancel,24999,,,1676106793
newOrder,19697,0,26733,1676106799
newOrder,20203,1,26733,1676106799
newOrder,11818,0,106934,1676106799
newOrder,24999,1,106934,1676106799
cancel,11818,,,1676107393
cancel,19697,,,1676107393
cancel,20203,,,1676107393
cancel,24999,,,1676107393
newOrder,19697,0,26736,1676107401
newOrder,20203,1,26736,1676107401
newOrder,11818,0,106945,1676107401
newOrder,24999,1,106945,1676107401
cancel,11818,,,1676107993
cancel,19697,,,1676107993
cancel,20203,,,1676107993
cancel,24999,,,1676107993
newOrder,19697,0,26739,1676107998
newOrder,20203,1,26739,1676107998
newOrder,11818,0,106956,1676107998
newOrder,24999,1,106956,1676107998
cancel,11818,,,1676108593
cancel,19697,,,1676108593
cancel,20203,,,1676108593
cancel,24999,,,1676108593
newOrder,19697,0,26742,1676108599
newOrder,20203,1,26742,1676108599
newOrder,11818,0,106967,1676108599
newOrder,24999,1,106967,1676108599
cancel,11818,,,1676109192
cancel,19697,,,1676109192
cancel,20203,,,1676109192
cancel,24999,,,1676109192
newOrder,19697,0,26745,1676109198
newOrder,20203,1,26745,1676109198
newOrder,11818,0,106979,1676109198
newOrder,24999,1,106979,1676109198
cancel,11818,,,1676109792
cancel,19697,,,1676109792
cancel,20203,,,1676109792
cancel,24999,,,1676109792
newOrder,19697,0,26747,1676109799
newOrder,20203,1,26747,1676109799
newOrder,11818,0,106990,1676109799
newOrder,24999,1,106990,1676109799
cancel,11818,,,1676110395
cancel,19697,,,1676110395
cancel,20203,,,1676110395
cancel,24999,,,1676110395
newOrder,19697,0,26750,1676110401
newOrder,20203,1,26750,1676110401
newOrder,11818,0,107001,1676110401
newOrder,24999,1,107001,1676110401
cancel,11818,,,1676110478
cancel,19697,,,1676110478
cancel,20203,,,1676110478
cancel,24999,,,1676110478
newOrder,19478,0,27169,1676110485
newOrder,20223,1,27169,1676110485
newOrder,11687,0,108677,1676110485
newOrder,24999,1,108677,1676110485
cancel,11687,,,1676110993
cancel,19478,,,1676110993
cancel,20223,,,1676110993
cancel,24999,,,1676110993
newOrder,19697,0,26753,1676111001
newOrder,20203,1,26753,1676111001
newOrder,11818,0,107012,1676111001
newOrder,24999,1,107012,1676111001
cancel,11818,,,1676111594
cancel,19697,,,1676111594
cancel,20203,,,1676111594
cancel,24999,,,1676111594
newOrder,19697,0,26756,1676111600
newOrder,20203,1,26756,1676111600
newOrder,11818,0,107024,1676111600
newOrder,24999,1,107024,1676111600
cancel,11818,,,1676112193
cancel,19697,,,1676112193
cancel,20203,,,1676112193
cancel,24999,,,1676112193
newOrder,19697,0,26759,1676112198
newOrder,20203,1,26759,1676112198
newOrder,11818,0,107035,1676112198
newOrder,24999,1,107035,1676112198
cancel,11818,,,1676112793
cancel,19697,,,1676112793
cancel,20203,,,1676112793
cancel,24999,,,1676112793
newOrder,19697,0,26761,1676112799
newOrder,20203,1,26761,1676112799
newOrder,11818,0,107046,1676112799
newOrder,24999,1,107046,1676112799
cancel,11818,,,1676113394
cancel,19697,,,1676113394
cancel,20203,,,1676113394
cancel,24999,,,1676113394
newOrder,19697,0,26764,1676113401
newOrder,20203,1,26764,1676113401
newOrder,11818,0,107057,1676113401
newOrder,24999,1,107057,1676113401
cancel,11818,,,1676113992
cancel,19697,,,1676113992
cancel,20203,,,1676113992
cancel,24999,,,1676113992
newOrder,19697,0,26767,1676114000
newOrder,20203,1,26767,1676114000
newOrder,11818,0,107068,1676114000
newOrder,24999,1,107068,1676114000
cancel,11818,,,1676114592
cancel,19697,,,1676114592
cancel,20203,,,1676114592
cancel,24999,,,1676114592
newOrder,19697,0,26770,1676114599
newOrder,20203,1,26770,1676114599
newOrder,11818,0,107080,1676114599
newOrder,24999,1,107080,1676114599
cancel,11818,,,1676115193
cancel,19697,,,1676115193
cancel,20203,,,1676115193
cancel,24999,,,1676115193
newOrder,19697,0,26773,1676115199
newOrder,20203,1,26773,1676115199
newOrder,11818,0,107091,1676115199
newOrder,24999,1,107091,1676115199
cancel,11818,,,1676115793
cancel,19697,,,1676115793
cancel,20203,,,1676115793
cancel,24999,,,1676115793
newOrder,19697,0,26776,1676115799
newOrder,20203,1,26776,1676115799
newOrder,11818,0,107102,1676115799
newOrder,24999,1,107102,1676115799
cancel,11818,,,1676116392
cancel,19697,,,1676116392
cancel,20203,,,1676116392
cancel,24999,,,1676116392
newOrder,19697,0,26778,1676116398
newOrder,20203,1,26778,1676116398
newOrder,11818,0,107113,1676116398
newOrder,24999,1,107113,1676116398
cancel,11818,,,1676116992
cancel,19697,,,1676116992
cancel,20203,,,1676116992
cancel,24999,,,1676116992
newOrder,19697,0,26781,1676117000
newOrder,20203,1,26781,1676117000
newOrder,11818,0,107125,1676117000
newOrder,24999,1,107125,1676117000