instruction,price,side,qty,time
cancel,10793,,,1682770231
cancel,17988,,,1682770231
cancel,19066,,,1682770231
cancel,24999,,,1682770231
newOrder,17988,0,22073,1682770260
newOrder,19066,1,22073,1682770260
newOrder,10793,0,58563,1682770260
newOrder,24999,1,58563,1682770260
cancel,10793,,,1682770831
cancel,17988,,,1682770831
cancel,19066,,,1682770831
cancel,24999,,,1682770831
newOrder,17988,0,22102,1682770859
newOrder,19066,1,22102,1682770859
newOrder,21887,1,18044,1682770859
cancel,17988,,,1682771431
cancel,19066,,,1682771431
cancel,21887,,,1682771431
newOrder,17988,0,22131,1682771461
newOrder,19066,1,22131,1682771461
newOrder,10793,0,76233,1682771461
newOrder,24999,1,76233,1682771461
cancel,10793,,,1682772032
cancel,17988,,,1682772032
cancel,19066,,,1682772032
cancel,24999,,,1682772032
newOrder,17988,0,22160,1682772062
newOrder,19066,1,22160,1682772062
newOrder,10793,0,104430,1682772062
newOrder,24999,1,104430,1682772062
cancel,10793,,,1682772631
cancel,17988,,,1682772631
cancel,19066,,,1682772631
cancel,24999,,,1682772631
newOrder,17988,0,22190,1682772661
newOrder,19066,1,22190,1682772661
newOrder,11286,0,49499,1682772661
newOrder,24999,1,49499,1682772661
cancel,11286,,,1682773231
cancel,17988,,,1682773231
cancel,19066,,,1682773231
cancel,24999,,,1682773231
newOrder,17988,0,22220,1682773263
newOrder,19066,1,22220,1682773263
newOrder,10793,0,111561,1682773263
newOrder,24999,1,111561,1682773263
cancel,10793,,,1682773831
cancel,17988,,,1682773831
cancel,19066,,,1682773831
cancel,24999,,,1682773831
newOrder,17988,0,22249,1682773861
newOrder,19066,1,22249,1682773861
newOrder,10793,0,87480,1682773861
newOrder,24999,1,87480,1682773861
cancel,10793,,,1682774431
cancel,17988,,,1682774431
cancel,19066,,,1682774431
cancel,24999,,,1682774431
newOrder,17988,0,22279,1682774461
newOrder,19066,1,22279,1682774461
newOrder,10793,0,68225,1682774461
newOrder,24999,1,68225,1682774461
cancel,10793,,,1682775031
cancel,17988,,,1682775031
cancel,19066,,,1682775031
cancel,24999,,,1682775031
newOrder,17988,0,22309,1682775061
newOrder,19066,1,22309,1682775061
newOrder,10793,0,104025,1682775061
newOrder,24999,1,104025,1682775061
cancel,10793,,,1682775631
cancel,17988,,,1682775631
cancel,19066,,,1682775631
cancel,24999,,,1682775631
newOrder,18023,0,22288,1682775659
newOrder,19066,1,22288,1682775659
newOrder,11604,0,33942,1682775659
newOrder,24957,1,33942,1682775659
cancel,11604,,,1682776231
cancel,18023,,,1682776231
cancel,19066,,,1682776231
cancel,24957,,,1682776231
newOrder,18023,0,22319,1682776260
newOrder,19066,1,22319,1682776260
newOrder,11604,0,34662,1682776260
newOrder,24957,1,34662,1682776260
cancel,11604,,,1682776831
cancel,18023,,,1682776831
cancel,19066,,,1682776831
cancel,24957,,,1682776831
newOrder,18023,0,22349,1682776860
newOrder,19066,1,22349,1682776860
newOrder,11604,0,27507,1682776860
newOrder,24957,1,27507,1682776860
cancel,11604,,,1682777431
cancel,18023,,,1682777431
cancel,19066,,,1682777431
cancel,24957,,,1682777431
newOrder,18023,0,22379,1682777460
newOrder,19066,1,22379,1682777460
newOrder,11604,0,28167,1682777460
newOrder,24957,1,28167,1682777460
cancel,11604,,,1682778031
cancel,18023,,,1682778031
cancel,19066,,,1682778031
cancel,24957,,,1682778031
newOrder,18023,0,22410,1682778060
newOrder,19066,1,22410,1682778060
newOrder,10814,0,56880,1682778060
newOrder,24999,1,56880,1682778060
cancel,10814,,,1682778631
cancel,18023,,,1682778631
cancel,19066,,,1682778631
cancel,24999,,,1682778631
newOrder,18023,0,22441,1682778661
newOrder,19066,1,22441,1682778661
newOrder,10814,0,111656,1682778661
newOrder,24999,1,111656,1682778661
cancel,10814,,,1682779231
cancel,18023,,,1682779231
cancel,19066,,,1682779231
cancel,24999,,,1682779231
newOrder,18023,0,22472,1682779261
newOrder,19066,1,22472,1682779261
newOrder,11604,0,31948,1682779261
newOrder,24957,1,31948,1682779261
cancel,11604,,,1682779831
cancel,18023,,,1682779831
cancel,19066,,,1682779831
cancel,24957,,,1682779831
newOrder,18023,0,22503,1682779861
newOrder,19066,1,22503,1682779861
newOrder,10814,0,94838,1682779861
newOrder,24999,1,94838,1682779861
cancel,10814,,,1682780430
cancel,18023,,,1682780430
cancel,19066,,,1682780430
cancel,24999,,,1682780430
newOrder,18023,0,22534,1682780459
newOrder,19066,1,22534,1682780459
newOrder,11604,0,31300,1682780459
newOrder,24957,1,31300,1682780459
cancel,11604,,,1682781031
cancel,18023,,,1682781031
cancel,19066,,,1682781031
cancel,24957,,,1682781031
newOrder,18023,0,22566,1682781060
newOrder,19066,1,22566,1682781060
newOrder,10814,0,118875,1682781060
newOrder,24999,1,118875,1682781060
cancel,10814,,,1682781631
cancel,18023,,,1682781631
cancel,19066,,,1682781631
cancel,24999,,,1682781631
newOrder,18023,0,22598,1682781660
newOrder,19066,1,22598,1682781660
newOrder,12001,0,22682,1682781660
newOrder,21887,1,22682,1682781660
cancel,12001,,,1682782231
cancel,18023,,,1682782231
cancel,19066,,,1682782231
cancel,21887,,,1682782231
newOrder,18023,0,22630,1682782260
newOrder,19066,1,22630,1682782260
newOrder,10814,0,99948,1682782260
newOrder,24999,1,99948,1682782260
cancel,10814,,,1682782831
cancel,18023,,,1682782831
cancel,19066,,,1682782831
cancel,24999,,,1682782831
newOrder,18023,0,22662,1682782862
newOrder,19066,1,22662,1682782862
newOrder,12001,0,20526,1682782862
newOrder,21887,1,20526,1682782862
cancel,12001,,,1682783430
cancel,18023,,,1682783430
cancel,19066,,,1682783430
cancel,21887,,,1682783430
newOrder,18023,0,22694,1682783460
newOrder,19066,1,22694,1682783460
newOrder,11286,0,46202,1682783460
newOrder,24957,1,46202,1682783460
cancel,11286,,,1682784031
cancel,18023,,,1682784031
cancel,19066,,,1682784031
cancel,24957,,,1682784031
newOrder,18023,0,22726,1682784060
newOrder,19066,1,22726,1682784060
newOrder,11604,0,34186,1682784060
newOrder,24957,1,34186,1682784060
cancel,11604,,,1682784631
cancel,18023,,,1682784631
cancel,19066,,,1682784631
cancel,24957,,,1682784631
newOrder,18023,0,22759,1682784660
newOrder,19066,1,22759,1682784660
newOrder,10814,0,107481,1682784660
newOrder,24999,1,107481,1682784660
cancel,10814,,,1682785231
cancel,18023,,,1682785231
cancel,19066,,,1682785231
cancel,24999,,,1682785231
newOrder,18023,0,22792,1682785260
newOrder,19066,1,22792,1682785260
newOrder,10814,0,80236,1682785260
newOrder,24999,1,80236,1682785260
cancel,10814,,,1682785831
cancel,18023,,,1682785831
cancel,19066,,,1682785831
cancel,24999,,,1682785831
newOrder,18023,0,22825,1682785861
newOrder,19066,1,22825,1682785861
newOrder,10814,0,109941,1682785861
newOrder,24999,1,109941,1682785861
cancel,10814,,,1682786431
cancel,18023,,,1682786431
cancel,19066,,,1682786431
cancel,24999,,,1682786431
newOrder,18023,0,22858,1682786461
newOrder,19066,1,22858,1682786461
newOrder,12001,0,19510,1682786461
newOrder,21887,1,19510,1682786461
cancel,12001,,,1682787031
cancel,18023,,,1682787031
cancel,19066,,,1682787031
cancel,21887,,,1682787031
newOrder,18023,0,22891,1682787060
newOrder,19066,1,22891,1682787060
newOrder,11286,0,47335,1682787060
newOrder,24957,1,47335,1682787060
cancel,11286,,,1682787631
cancel,18023,,,1682787631
cancel,19066,,,1682787631
cancel,24957,,,1682787631
newOrder,18023,0,22925,1682787662
newOrder,19066,1,22925,1682787662
newOrder,12001,0,15964,1682787662
newOrder,21887,1,15964,1682787662
cancel,12001,,,1682788232
cancel,18023,,,1682788232
cancel,19066,,,1682788232
cancel,21887,,,1682788232
newOrder,18023,0,22958,1682788260
newOrder,19066,1,22958,1682788260
newOrder,11604,0,27465,1682788260
newOrder,24957,1,27465,1682788260
cancel,11604,,,1682788831
cancel,18023,,,1682788831
cancel,19066,,,1682788831
cancel,24957,,,1682788831
newOrder,18023,0,22992,1682788860
newOrder,19066,1,22992,1682788860
newOrder,10814,0,103570,1682788860
newOrder,24999,1,103570,1682788860
cancel,10814,,,1682789432
cancel,18023,,,1682789432
cancel,19066,,,1682789432
cancel,24999,,,1682789432
newOrder,18023,0,23026,1682789461
newOrder,19066,1,23026,1682789461
newOrder,11604,0,30974,1682789461
newOrder,24957,1,30974,1682789461
cancel,11604,,,1682790031
cancel,18023,,,1682790031
cancel,19066,,,1682790031
cancel,24957,,,1682790031
newOrder,18030,0,23047,1682790061
newOrder,19066,1,23047,1682790061
newOrder,12001,0,17302,1682790061
newOrder,21887,1,17302,1682790061
cancel,12001,,,1682790631
cancel,18030,,,1682790631
cancel,19066,,,1682790631
cancel,21887,,,1682790631
newOrder,18030,0,23082,1682790659
newOrder,19066,1,23082,1682790659
newOrder,10818,0,86200,1682790659
newOrder,24999,1,86200,1682790659
cancel,10818,,,1682791231
cancel,18030,,,1682791231
cancel,19066,,,1682791231
cancel,24999,,,1682791231
newOrder,18030,0,23116,1682791260
newOrder,19066,1,23116,1682791260
newOrder,10818,0,99405,1682791260
newOrder,24999,1,99405,1682791260
cancel,10818,,,1682791831
cancel,18030,,,1682791831
cancel,19066,,,1682791831
cancel,24999,,,1682791831
newOrder,18030,0,23151,1682791860
newOrder,19066,1,23151,1682791860
newOrder,11506,0,45121,1682791860
newOrder,24957,1,45121,1682791860
cancel,11506,,,1682792431
cancel,18030,,,1682792431
cancel,19066,,,1682792431
cancel,24957,,,1682792431
newOrder,18030,0,23186,1682792461
newOrder,19066,1,23186,1682792461
newOrder,12001,0,19722,1682792461
newOrder,21887,1,19722,1682792461
cancel,12001,,,1682793031
cancel,18030,,,1682793031
cancel,19066,,,1682793031
cancel,21887,,,1682793031
newOrder,18030,0,23222,1682793061
newOrder,19066,1,23222,1682793061
newOrder,10818,0,86966,1682793061
newOrder,24999,1,86966,1682793061
cancel,10818,,,1682793632
cancel,18030,,,1682793632
cancel,19066,,,1682793632
cancel,24999,,,1682793632
newOrder,18030,0,23257,1682793661
newOrder,19066,1,23257,1682793661
newOrder,10818,0,55881,1682793661
newOrder,24999,1,55881,1682793661
cancel,10818,,,1682794231
cancel,18030,,,1682794231
cancel,19066,,,1682794231
cancel,24999,,,1682794231
newOrder,18030,0,23293,1682794261
newOrder,19066,1,23293,1682794261
newOrder,11604,0,34312,1682794261
newOrder,24957,1,34312,1682794261
cancel,11604,,,1682794831
cancel,18030,,,1682794831
cancel,19066,,,1682794831
cancel,24957,,,1682794831
newOrder,18030,0,23328,1682794861
newOrder,19066,1,23328,1682794861
newOrder,12001,0,23604,1682794861
newOrder,21899,1,23604,1682794861
cancel,12001,,,1682795432
cancel,18030,,,1682795432
cancel,19066,,,1682795432
cancel,21899,,,1682795432
newOrder,18030,0,23365,1682795463
newOrder,19066,1,23365,1682795463
newOrder,10818,0,110460,1682795463
newOrder,24999,1,110460,1682795463
cancel,10818,,,1682796031
cancel,18030,,,1682796031
cancel,19066,,,1682796031
cancel,24999,,,1682796031
newOrder,18030,0,23401,1682796060
newOrder,19066,1,23401,1682796060
newOrder,10818,0,125687,1682796060
newOrder,24999,1,125687,1682796060
cancel,10818,,,1682796630
cancel,18030,,,1682796630
cancel,19066,,,1682796630
cancel,24999,,,1682796630
newOrder,18030,0,23437,1682796661
newOrder,19066,1,23437,1682796661
newOrder,10818,0,79349,1682796661
newOrder,24999,1,79349,1682796661
cancel,10818,,,1682797231
cancel,18030,,,1682797231
cancel,19066,,,1682797231
cancel,24999,,,1682797231
newOrder,18030,0,23474,1682797261
newOrder,19066,1,23474,1682797261
newOrder,12001,0,16916,1682797261
newOrder,21887,1,16916,1682797261
cancel,12001,,,1682797830
cancel,18030,,,1682797830
cancel,19066,,,1682797830
cancel,21887,,,1682797830
newOrder,18030,0,23511,1682797861
newOrder,19066,1,23511,1682797861
newOrder,12001,0,22244,1682797861
newOrder,21887,1,22244,1682797861
cancel,12001,,,1682798431
cancel,18030,,,1682798431
cancel,19066,,,1682798431
cancel,21887,,,1682798431
newOrder,18030,0,23548,1682798461
newOrder,19066,1,23548,1682798461
newOrder,10818,0,119500,1682798461
newOrder,24999,1,119500,1682798461
cancel,10818,,,1682799031
cancel,18030,,,1682799031
cancel,19066,,,1682799031
cancel,24999,,,1682799031
newOrder,18030,0,23586,1682799062
newOrder,19066,1,23586,1682799062
newOrder,11604,0,43834,1682799062
newOrder,24957,1,43834,1682799062
cancel,11604,,,1682799631
cancel,18030,,,1682799631
cancel,19066,,,1682799631
cancel,24957,,,1682799631
newOrder,18030,0,23623,1682799660
newOrder,19066,1,23623,1682799660
newOrder,11286,0,46582,1682799660
newOrder,24957,1,46582,1682799660
cancel,11286,,,1682800231
cancel,18030,,,1682800231
cancel,19066,,,1682800231
cancel,24957,,,1682800231
newOrder,18030,0,23661,1682800262
newOrder,19066,1,23661,1682800262
newOrder,10818,0,121717,1682800262
newOrder,24999,1,121717,1682800262
cancel,10818,,,1682800832
cancel,18030,,,1682800832
cancel,19066,,,1682800832
cancel,24999,,,1682800832
newOrder,18030,0,23699,1682800863
newOrder,19066,1,23699,1682800863
newOrder,10818,0,73393,1682800863
newOrder,24999,1,73393,1682800863
cancel,10818,,,1682801431
cancel,18030,,,1682801431
cancel,19066,,,1682801431
cancel,24999,,,1682801431
newOrder,18030,0,23737,1682801462
newOrder,19066,1,23737,1682801462
newOrder,12001,0,21167,1682801462
newOrder,21887,1,21167,1682801462
cancel,12001,,,1682802031
cancel,18030,,,1682802031
cancel,19066,,,1682802031
cancel,21887,,,1682802031
newOrder,18030,0,23776,1682802061
newOrder,19066,1,23776,1682802061
newOrder,10818,0,115389,1682802061
newOrder,24999,1,115389,1682802061
cancel,10818,,,1682802631
cancel,18030,,,1682802631
cancel,19066,,,1682802631
cancel,24999,,,1682802631
newOrder,18030,0,23815,1682802661
newOrder,19066,1,23815,1682802661
newOrder,10818,0,79452,1682802661
newOrder,24999,1,79452,1682802661
cancel,10818,,,1682803231
cancel,18030,,,1682803231
cancel,19066,,,1682803231
cancel,24999,,,1682803231
newOrder,18030,0,23854,1682803260
newOrder,19066,1,23854,1682803260
newOrder,12001,0,26276,1682803260
newOrder,24957,1,26276,1682803260
cancel,12001,,,1682803831
cancel,18030,,,1682803831
cancel,19066,,,1682803831
cancel,24957,,,1682803831
newOrder,18030,0,23893,1682803860
newOrder,19066,1,23893,1682803860
newOrder,10818,0,125514,1682803860
newOrder,24999,1,125514,1682803860
cancel,10818,,,1682804431
cancel,18030,,,1682804431
cancel,19066,,,1682804431
cancel,24999,,,1682804431
newOrder,18030,0,23933,1682804460
newOrder,19066,1,23933,1682804460
newOrder,10818,0,84584,1682804460
newOrder,24999,1,84584,1682804460
cancel,10818,,,1682805031
cancel,18030,,,1682805031
cancel,19066,,,1682805031
cancel,24999,,,1682805031
newOrder,18030,0,23972,1682805059
newOrder,19066,1,23972,1682805059
newOrder,12001,0,14564,1682805059
newOrder,21887,1,14564,1682805059
cancel,12001,,,1682805631
cancel,18030,,,1682805631
cancel,19066,,,1682805631
cancel,21887,,,1682805631
newOrder,18030,0,24013,1682805660
newOrder,19066,1,24013,1682805660
newOrder,11506,0,46013,1682805660
newOrder,24957,1,46013,1682805660
cancel,11506,,,1682806231
cancel,18030,,,1682806231
cancel,19066,,,1682806231
cancel,24957,,,1682806231
newOrder,18030,0,24053,1682806260
newOrder,19066,1,24053,1682806260
newOrder,10818,0,74987,1682806260
newOrder,24999,1,74987,1682806260
cancel,10818,,,1682806831
cancel,18030,,,1682806831
cancel,19066,,,1682806831
cancel,24999,,,1682806831
newOrder,18030,0,24093,1682806860
newOrder,19066,1,24093,1682806860
newOrder,10818,0,71001,1682806860
newOrder,24999,1,71001,1682806860
cancel,10818,,,1682807432
cancel,18030,,,1682807432
cancel,19066,,,1682807432
cancel,24999,,,1682807432
newOrder,18030,0,24134,1682807460
newOrder,19066,1,24134,1682807460
newOrder,10818,0,120331,1682807460
newOrder,24999,1,120331,1682807460
cancel,10818,,,1682808031
cancel,18030,,,1682808031
cancel,19066,,,1682808031
cancel,24999,,,1682808031
newOrder,18030,0,24175,1682808059
newOrder,19066,1,24175,1682808059
newOrder,10818,0,64423,1682808059
newOrder,24999,1,64423,1682808059
cancel,10818,,,1682808631
cancel,18030,,,1682808631
cancel,19066,,,1682808631
cancel,24999,,,1682808631
newOrder,18030,0,24217,1682808660
newOrder,19066,1,24217,1682808660
newOrder,11506,0,46920,1682808660
newOrder,24957,1,46920,1682808660
cancel,11506,,,1682809233
cancel,18030,,,1682809233
cancel,19066,,,1682809233
cancel,24957,,,1682809233
newOrder,18030,0,24259,1682809263
newOrder,19066,1,24259,1682809263
newOrder,10818,0,130397,1682809263
newOrder,24999,1,130397,1682809263
cancel,10818,,,1682809831
cancel,18030,,,1682809831
cancel,19066,,,1682809831
cancel,24999,,,1682809831
newOrder,18030,0,24300,1682809860
newOrder,19066,1,24300,1682809860
newOrder,10818,0,99906,1682809860
newOrder,24999,1,99906,1682809860
cancel,10818,,,1682810432
cancel,18030,,,1682810432
cancel,19066,,,1682810432
cancel,24999,,,1682810432
newOrder,18030,0,24343,1682810462
newOrder,19066,1,24343,1682810462
newOrder,10818,0,68655,1682810462
newOrder,24999,1,68655,1682810462
cancel,10818,,,1682811032
cancel,18030,,,1682811032
cancel,19066,,,1682811032
cancel,24999,,,1682811032
newOrder,18030,0,24385,1682811063
newOrder,19066,1,24385,1682811063
newOrder,10818,0,70102,1682811063
newOrder,24999,1,70102,1682811063
cancel,10818,,,1682811631
cancel,18030,,,1682811631
cancel,19066,,,1682811631
cancel,24999,,,1682811631
newOrder,18030,0,24428,1682811659
newOrder,19066,1,24428,1682811659
newOrder,10818,0,94592,1682811659
newOrder,24999,1,94592,1682811659
cancel,10818,,,1682812231
cancel,18030,,,1682812231
cancel,19066,,,1682812231
cancel,24999,,,1682812231
newOrder,18030,0,24471,1682812261
newOrder,19066,1,24471,1682812261
newOrder,10818,0,77308,1682812261
newOrder,24999,1,77308,1682812261
cancel,10818,,,1682812831
cancel,18030,,,1682812831
cancel,19066,,,1682812831
cancel,24999,,,1682812831
newOrder,18030,0,24514,1682812858
newOrder,19066,1,24514,1682812858
newOrder,10818,0,72573,1682812858
newOrder,24999,1,72573,1682812858
cancel,10818,,,1682813431
cancel,18030,,,1682813431
cancel,19066,,,1682813431
cancel,24999,,,1682813431
newOrder,18030,0,24558,1682813460
newOrder,19066,1,24558,1682813460
newOrder,10818,0,101889,1682813460
newOrder,24999,1,101889,1682813460
cancel,10818,,,1682814031
cancel,18030,,,1682814031
cancel,19066,,,1682814031
cancel,24999,,,1682814031
newOrder,18030,0,24602,1682814061
newOrder,19066,1,24602,1682814061
newOrder,10818,0,91181,1682814061
newOrder,24999,1,91181,1682814061
cancel,10818,,,1682814631
cancel,18030,,,1682814631
cancel,19066,,,1682814631
cancel,24999,,,1682814631
newOrder,18030,0,24646,1682814661
newOrder,19066,1,24646,1682814661
newOrder,11604,0,45536,1682814661
newOrder,24957,1,45536,1682814661
cancel,11604,,,1682815231
cancel,18030,,,1682815231
cancel,19066,,,1682815231
cancel,24957,,,1682815231
newOrder,18030,0,24691,1682815261
newOrder,19066,1,24691,1682815261
newOrder,10818,0,101258,1682815261
newOrder,24999,1,101258,1682815261
cancel,10818,,,1682815831
cancel,18030,,,1682815831
cancel,19066,,,1682815831
cancel,24999,,,1682815831
newOrder,18030,0,24736,1682815861
newOrder,19066,1,24736,1682815861
newOrder,11604,0,34707,1682815861
newOrder,24957,1,34707,1682815861
cancel,11604,,,1682816431
cancel,18030,,,1682816431
cancel,19066,,,1682816431
cancel,24957,,,1682816431
newOrder,18030,0,24781,1682816461
newOrder,19066,1,24781,1682816461
newOrder,10818,0,104633,1682816461
newOrder,24999,1,104633,1682816461
cancel,10818,,,1682817031
cancel,18030,,,1682817031
cancel,19066,,,1682817031
cancel,24999,,,1682817031
newOrder,18030,0,24826,1682817059
newOrder,19066,1,24826,1682817059
newOrder,11286,0,50383,1682817059
newOrder,24999,1,50383,1682817059
cancel,11286,,,1682817631
cancel,18030,,,1682817631
cancel,19066,,,1682817631
cancel,24999,,,1682817631
newOrder,18030,0,24872,1682817660
newOrder,19066,1,24872,1682817660
newOrder,10818,0,87923,1682817660
newOrder,24999,1,87923,1682817660
cancel,10818,,,1682818231
cancel,18030,,,1682818231
cancel,19066,,,1682818231
cancel,24999,,,1682818231
newOrder,18030,0,24918,1682818259
newOrder,19066,1,24918,1682818259
newOrder,11604,0,33069,1682818259
newOrder,24957,1,33069,1682818259
cancel,11604,,,1682818831
cancel,18030,,,1682818831
cancel,19066,,,1682818831
cancel,24957,,,1682818831
newOrder,18030,0,24965,1682818862
newOrder,19066,1,24965,1682818862
newOrder,10818,0,100094,1682818862
newOrder,24999,1,100094,1682818862
cancel,10818,,,1682819431
cancel,18030,,,1682819431
cancel,19066,,,1682819431
cancel,24999,,,1682819431
newOrder,18030,0,25011,1682819460
newOrder,19066,1,25011,1682819460
newOrder,12001,0,17945,1682819460
newOrder,21887,1,17945,1682819460
cancel,12001,,,1682820031
cancel,18030,,,1682820031
cancel,19066,,,1682820031
cancel,21887,,,1682820031
newOrder,18030,0,25059,1682820061
newOrder,19066,1,25059,1682820061
newOrder,11604,0,43958,1682820061
newOrder,24957,1,43958,1682820061
cancel,11604,,,1682820631
cancel,18030,,,1682820631
cancel,19066,,,1682820631
cancel,24957,,,1682820631
newOrder,18030,0,25106,1682820660
newOrder,19066,1,25106,1682820660
newOrder,10818,0,91914,1682820660
newOrder,24999,1,91914,1682820660
cancel,10818,,,1682821231
cancel,18030,,,1682821231
cancel,19066,,,1682821231
cancel,24999,,,1682821231
newOrder,18030,0,25154,1682821261
newOrder,19066,1,25154,1682821261
newOrder,11506,0,47544,1682821261
newOrder,24957,1,47544,1682821261
cancel,11506,,,1682821831
cancel,18030,,,1682821831
cancel,19066,,,1682821831
cancel,24957,,,1682821831
newOrder,18030,0,25202,1682821861
newOrder,19066,1,25202,1682821861
newOrder,10818,0,67070,1682821861
newOrder,24999,1,67070,1682821861
cancel,10818,,,1682822431
cancel,18030,,,1682822431
cancel,19066,,,1682822431
cancel,24999,,,1682822431
newOrder,18030,0,25251,1682822460
newOrder,19066,1,25251,1682822460
newOrder,12011,0,16693,1682822460
newOrder,21887,1,16693,1682822460
cancel,12011,,,1682823031
cancel,18030,,,1682823031
cancel,19066,,,1682823031
cancel,21887,,,1682823031
newOrder,18030,0,25300,1682823063
newOrder,19066,1,25300,1682823063
newOrder,11604,0,44940,1682823063
newOrder,24957,1,44940,1682823063
cancel,11604,,,1682823631
cancel,18030,,,1682823631
cancel,19066,,,1682823631
cancel,24957,,,1682823631
newOrder,18030,0,25349,1682823663
newOrder,19066,1,25349,1682823663
newOrder,10818,0,74490,1682823663
newOrder,24999,1,74490,1682823663
cancel,10818,,,1682824231
cancel,18030,,,1682824231
cancel,19066,,,1682824231
cancel,24999,,,1682824231
newOrder,18030,0,25398,1682824261
newOrder,19066,1,25398,1682824261
newOrder,10818,0,108995,1682824261
newOrder,24999,1,108995,1682824261
cancel,10818,,,1682824831
cancel,18030,,,1682824831
cancel,19066,,,1682824831
cancel,24999,,,1682824831
newOrder,18030,0,25448,1682824862
newOrder,19066,1,25448,1682824862
newOrder,11604,0,36301,1682824862
newOrder,24957,1,36301,1682824862
cancel,11604,,,1682825431
cancel,18030,,,1682825431
cancel,19066,,,1682825431
cancel,24957,,,1682825431
newOrder,18030,0,25499,1682825462
newOrder,19066,1,25499,1682825462
newOrder,11604,0,47158,1682825462
newOrder,24957,1,47158,1682825462
cancel,11604,,,1682826031
cancel,18030,,,1682826031
cancel,19066,,,1682826031
cancel,24957,,,1682826031
newOrder,18030,0,25549,1682826061
newOrder,19066,1,25549,1682826061
newOrder,10818,0,120520,1682826061
newOrder,24999,1,120520,1682826061
cancel,10818,,,1682826631
cancel,18030,,,1682826631
cancel,19066,,,1682826631
cancel,24999,,,1682826631
newOrder,18046,0,25550,1682826660
newOrder,19066,1,25550,1682826660
newOrder,10828,0,65144,1682826660
newOrder,24999,1,65144,1682826660
cancel,10828,,,1682827231
cancel,18046,,,1682827231
cancel,19066,,,1682827231
cancel,24999,,,1682827231
newOrder,18046,0,25601,1682827261
newOrder,19066,1,25601,1682827261
newOrder,12011,0,25936,1682827261
newOrder,21899,1,25936,1682827261
cancel,12011,,,1682827831
cancel,18046,,,1682827831
cancel,19066,,,1682827831
cancel,21899,,,1682827831
newOrder,18046,0,25653,1682827862
newOrder,19066,1,25653,1682827862
newOrder,10828,0,61364,1682827862
newOrder,24999,1,61364,1682827862
cancel,10828,,,1682828431
cancel,18046,,,1682828431
cancel,19066,,,1682828431
cancel,24999,,,1682828431
newOrder,18046,0,25704,1682828461
newOrder,19066,1,25704,1682828461
newOrder,10828,0,87317,1682828461
newOrder,24999,1,87317,1682828461
cancel,10828,,,1682829031
cancel,18046,,,1682829031
cancel,19066,,,1682829031
cancel,24999,,,1682829031
newOrder,18046,0,25757,1682829059
newOrder,19066,1,25757,1682829059
newOrder,11604,0,37412,1682829059
newOrder,24957,1,37412,1682829059
cancel,11604,,,1682829630
cancel,18046,,,1682829630
cancel,19066,,,1682829630
cancel,24957,,,1682829630
newOrder,18046,0,25809,1682829659
newOrder,19066,1,25809,1682829659
newOrder,10828,0,95458,1682829659
newOrder,24999,1,95458,1682829659
cancel,10828,,,1682830231
cancel,18046,,,1682830231
cancel,19066,,,1682830231
cancel,24999,,,1682830231
newOrder,18046,0,25863,1682830261
newOrder,19066,1,25863,1682830261
newOrder,11604,0,36473,1682830261
newOrder,24957,1,36473,1682830261
cancel,11604,,,1682830831
cancel,18046,,,1682830831
cancel,19066,,,1682830831
cancel,24957,,,1682830831
newOrder,18046,0,25917,1682830864
newOrder,19066,1,25917,1682830864
newOrder,11604,0,34230,1682830864
newOrder,24957,1,34230,1682830864
cancel,11604,,,1682831431
cancel,18046,,,1682831431
cancel,19066,,,1682831431
cancel,24957,,,1682831431
newOrder,18046,0,25970,1682831461
newOrder,19066,1,25970,1682831461
newOrder,10828,0,58621,1682831461
newOrder,24999,1,58621,1682831461
cancel,10828,,,1682832031
cancel,18046,,,1682832031
cancel,19066,,,1682832031
cancel,24999,,,1682832031
newOrder,18046,0,26025,1682832062
newOrder,19066,1,26025,1682832062
newOrder,10828,0,83984,1682832062
newOrder,24999,1,83984,1682832062
cancel,10828,,,1682832631
cancel,18046,,,1682832631
cancel,19066,,,1682832631
cancel,24999,,,1682832631
newOrder,18046,0,26079,1682832660
newOrder,19066,1,26079,1682832660
newOrder,10828,0,113856,1682832660
newOrder,24999,1,113856,1682832660
cancel,10828,,,1682833231
cancel,18046,,,1682833231
cancel,19066,,,1682833231
cancel,24999,,,1682833231
newOrder,18046,0,26135,1682833260
newOrder,19066,1,26135,1682833260
newOrder,10828,0,86379,1682833260
newOrder,24999,1,86379,1682833260
cancel,10828,,,1682833831
cancel,18046,,,1682833831
cancel,19066,,,1682833831
cancel,24999,,,1682833831
newOrder,18046,0,26191,1682833861
newOrder,19066,1,26191,1682833861
newOrder,10828,0,64462,1682833861
newOrder,24999,1,64462,1682833861
cancel,10828,,,1682834431
cancel,18046,,,1682834431
cancel,19066,,,1682834431
cancel,24999,,,1682834431
newOrder,18046,0,26247,1682834460
newOrder,19066,1,26247,1682834460
newOrder,10828,0,60771,1682834460
newOrder,24999,1,60771,1682834460
cancel,10828,,,1682835031
cancel,18046,,,1682835031
cancel,19066,,,1682835031
cancel,24999,,,1682835031
newOrder,18046,0,26303,1682835060
newOrder,19066,1,26303,1682835060
newOrder,12011,0,23028,1682835060
newOrder,21887,1,23028,1682835060
cancel,12011,,,1682835631
cancel,18046,,,1682835631
cancel,19066,,,1682835631
cancel,21887,,,1682835631
newOrder,18046,0,26360,1682835661
newOrder,19066,1,26360,1682835661
newOrder,10828,0,101020,1682835661
newOrder,24999,1,101020,1682835661
cancel,10828,,,1682836231
cancel,18046,,,1682836231
cancel,19066,,,1682836231
cancel,24999,,,1682836231
newOrder,18046,0,26418,1682836260
newOrder,19066,1,26418,1682836260
newOrder,10828,0,55978,1682836260
newOrder,24999,1,55978,1682836260
cancel,10828,,,1682836831
cancel,18046,,,1682836831
cancel,19066,,,1682836831
cancel,24999,,,1682836831
newOrder,18046,0,26476,1682836860
newOrder,19066,1,26476,1682836860
newOrder,11604,0,35717,1682836860
newOrder,24957,1,35717,1682836860
cancel,11604,,,1682837431
cancel,18046,,,1682837431
cancel,19066,,,1682837431
cancel,24957,,,1682837431
newOrder,18046,0,26535,1682837459
newOrder,19066,1,26535,1682837459
newOrder,10828,0,117296,1682837459
newOrder,24999,1,117296,1682837459
cancel,10828,,,1682838031
cancel,18046,,,1682838031
cancel,19066,,,1682838031
cancel,24999,,,1682838031
newOrder,18046,0,26594,1682838061
newOrder,19066,1,26594,1682838061
newOrder,10828,0,121376,1682838061
newOrder,24999,1,121376,1682838061
cancel,10828,,,1682838630
cancel,18046,,,1682838630
cancel,19066,,,1682838630
cancel,24999,,,1682838630
newOrder,17947,0,26886,1682838660
newOrder,19066,1,26886,1682838660
newOrder,12011,0,20559,1682838660
newOrder,21887,1,20559,1682838660
cancel,12011,,,1682839231
cancel,17947,,,1682839231
cancel,19066,,,1682839231
cancel,21887,,,1682839231
newOrder,17947,0,26949,1682839261
newOrder,19066,1,26949,1682839261
newOrder,11604,0,41832,1682839261
newOrder,24957,1,41832,1682839261
cancel,11604,,,1682839831
cancel,17947,,,1682839831
cancel,19066,,,1682839831
cancel,24957,,,1682839831
newOrder,17947,0,27011,1682839860
newOrder,19066,1,27011,1682839860
newOrder,10768,0,78418,1682839860
newOrder,24999,1,78418,1682839860
cancel,10768,,,1682840431
cancel,17947,,,1682840431
cancel,19066,,,1682840431
cancel,24999,,,1682840431
newOrder,17873,0,27047,1682840460
newOrder,19066,1,27047,1682840460
newOrder,10724,0,123617,1682840460
newOrder,24999,1,123617,1682840460
cancel,10724,,,1682841031
cancel,17873,,,1682841031
cancel,19066,,,1682841031
cancel,24999,,,1682841031
newOrder,17802,0,26917,1682841064
newOrder,19066,1,26917,1682841064
newOrder,12011,0,19536,1682841064
newOrder,21887,1,19536,1682841064
cancel,12011,,,1682841631
cancel,17802,,,1682841631
cancel,19066,,,1682841631
cancel,21887,,,1682841631
newOrder,17786,0,26912,1682841659
newOrder,19066,1,26912,1682841659
newOrder,10672,0,116996,1682841659
newOrder,24999,1,116996,1682841659
cancel,10672,,,1682842231
cancel,17786,,,1682842231
cancel,19066,,,1682842231
cancel,24999,,,1682842231
newOrder,17786,0,26970,1682842260
newOrder,19066,1,26970,1682842260
newOrder,10671,0,86402,1682842260
newOrder,24999,1,86402,1682842260
cancel,10671,,,1682842830
cancel,17786,,,1682842830
cancel,19066,,,1682842830
cancel,24999,,,1682842830
newOrder,17786,0,27033,1682842861
newOrder,19066,1,27033,1682842861
newOrder,10672,0,142744,1682842861
newOrder,24999,1,142744,1682842861
cancel,10672,,,1682843431
cancel,17786,,,1682843431
cancel,19066,,,1682843431
cancel,24999,,,1682843431
newOrder,17787,0,27099,1682843462
newOrder,19066,1,27099,1682843462
newOrder,10672,0,126991,1682843462
newOrder,24999,1,126991,1682843462
cancel,10672,,,1682844031
cancel,17787,,,1682844031
cancel,19066,,,1682844031
cancel,24999,,,1682844031
newOrder,17786,0,27160,1682844061
newOrder,19066,1,27160,1682844061
newOrder,10672,0,56308,1682844061
newOrder,24999,1,56308,1682844061
cancel,10672,,,1682844631
cancel,17786,,,1682844631
cancel,19066,,,1682844631
cancel,24999,,,1682844631
newOrder,17785,0,27220,1682844660
newOrder,19066,1,27220,1682844660
newOrder,10671,0,94538,1682844660
newOrder,24999,1,94538,1682844660
cancel,10671,,,1682845231
cancel,17785,,,1682845231
cancel,19066,,,1682845231
cancel,24999,,,1682845231
newOrder,17787,0,27290,1682845261
newOrder,19066,1,27290,1682845261
newOrder,10672,0,130203,1682845261
newOrder,24999,1,130203,1682845261
cancel,10672,,,1682845830
cancel,17787,,,1682845830
cancel,19066,,,1682845830
cancel,24999,,,1682845830
newOrder,17787,0,27355,1682845861
newOrder,19066,1,27355,1682845861
newOrder,10672,0,72751,1682845861
newOrder,24999,1,72751,1682845861
cancel,10672,,,1682846431
cancel,17787,,,1682846431
cancel,19066,,,1682846431
cancel,24999,,,1682846431
newOrder,17787,0,27420,1682846460
newOrder,19066,1,27420,1682846460
newOrder,10672,0,93362,1682846460
newOrder,24999,1,93362,1682846460
cancel,10672,,,1682847031
cancel,17787,,,1682847031
cancel,19066,,,1682847031
cancel,24999,,,1682847031
newOrder,17787,0,27486,1682847062
newOrder,19066,1,27486,1682847062
newOrder,10672,0,111823,1682847062
newOrder,24999,1,111823,1682847062
cancel,10672,,,1682847630
cancel,17787,,,1682847630
cancel,19066,,,1682847630
cancel,24999,,,1682847630
newOrder,17785,0,27543,1682847660
newOrder,19066,1,27543,1682847660
newOrder,12011,0,25049,1682847660
newOrder,21887,1,25049,1682847660
cancel,12011,,,1682848231
cancel,17785,,,1682848231
cancel,19066,,,1682848231
cancel,21887,,,1682848231
newOrder,17785,0,27611,1682848260
newOrder,19066,1,27611,1682848260
newOrder,10671,0,147165,1682848260
newOrder,24999,1,147165,1682848260
cancel,10671,,,1682848831
cancel,17785,,,1682848831
cancel,19066,,,1682848831
cancel,24999,,,1682848831
newOrder,17785,0,27679,1682848861
newOrder,19066,1,27679,1682848861
newOrder,11604,0,39017,1682848861
newOrder,24957,1,39017,1682848861
cancel,11604,,,1682849431
cancel,17785,,,1682849431
cancel,19066,,,1682849431
cancel,24957,,,1682849431
newOrder,17785,0,27747,1682849463
newOrder,19066,1,27747,1682849463
newOrder,10671,0,142842,1682849463
newOrder,24999,1,142842,1682849463
cancel,10671,,,1682850031
cancel,17785,,,1682850031
cancel,19066,,,1682850031
cancel,24999,,,1682850031
newOrder,17785,0,27816,1682850061
newOrder,19066,1,27816,1682850061
newOrder,10671,0,70965,1682850061
newOrder,24999,1,70965,1682850061
cancel,10671,,,1682850631
cancel,17785,,,1682850631
cancel,19066,,,1682850631
cancel,24999,,,1682850631
newOrder,17784,0,27884,1682850661
newOrder,19066,1,27884,1682850661
newOrder,10671,0,149769,1682850661
newOrder,24999,1,149769,1682850661
cancel,10671,,,1682851231
cancel,17784,,,1682851231
cancel,19066,,,1682851231
cancel,24999,,,1682851231
newOrder,17786,0,27963,1682851260
newOrder,19066,1,27963,1682851260
newOrder,10672,0,81573,1682851260
newOrder,24999,1,81573,1682851260
cancel,10672,,,1682851831
cancel,17786,,,1682851831
cancel,19066,,,1682851831
cancel,24999,,,1682851831
newOrder,17785,0,28031,1682851863
newOrder,19066,1,28031,1682851863
newOrder,12011,0,24850,1682851863
newOrder,21887,1,24850,1682851863
cancel,12011,,,1682852432
cancel,17785,,,1682852432
cancel,19066,,,1682852432
cancel,21887,,,1682852432
newOrder,17786,0,28103,1682852461
newOrder,19066,1,28103,1682852461
newOrder,10671,0,135543,1682852461
newOrder,24999,1,135543,1682852461
cancel,10671,,,1682853031
cancel,17786,,,1682853031
cancel,19066,,,1682853031
cancel,24999,,,1682853031
newOrder,17785,0,28171,1682853061
newOrder,19066,1,28171,1682853061
newOrder,11604,0,32102,1682853061
newOrder,24957,1,32102,1682853061
cancel,11604,,,1682853631
cancel,17785,,,1682853631
cancel,19066,,,1682853631
cancel,24957,,,1682853631
newOrder,17785,0,28244,1682853661
newOrder,19066,1,28244,1682853661
newOrder,10671,0,94874,1682853661
newOrder,24999,1,94874,1682853661
cancel,10671,,,1682854231
cancel,17785,,,1682854231
cancel,19066,,,1682854231
cancel,24999,,,1682854231
newOrder,17785,0,28318,1682854259
newOrder,19066,1,28318,1682854259
newOrder,11604,0,35489,1682854259
newOrder,24957,1,35489,1682854259
cancel,11604,,,1682854831
cancel,17785,,,1682854831
cancel,19066,,,1682854831
cancel,24957,,,1682854831
newOrder,17785,0,28393,1682854862
newOrder,19066,1,28393,1682854862
newOrder,10671,0,140055,1682854862
newOrder,24999,1,140055,1682854862
cancel,10671,,,1682855430
cancel,17785,,,1682855430
cancel,19066,,,1682855430
cancel,24999,,,1682855430
newOrder,17785,0,28469,1682855461
newOrder,19066,1,28469,1682855461
newOrder,10671,0,64948,1682855461
newOrder,24999,1,64948,1682855461
cancel,10671,,,1682856031
cancel,17785,,,1682856031
cancel,19066,,,1682856031
cancel,24999,,,1682856031
newOrder,17785,0,28545,1682856060
newOrder,19066,1,28545,1682856060
newOrder,10671,0,139687,1682856060
newOrder,24999,1,139687,1682856060