instruction,price,side,qty,time
cancel,10527,,,1688818542
cancel,16849,,,1688818542
cancel,18075,,,1688818542
cancel,24999,,,1688818542
newOrder,16849,0,9998,1688818564
newOrder,18075,1,9998,1688818564
newOrder,10527,0,53413,1688818564
newOrder,24999,1,53413,1688818564
cancel,10527,,,1688819142
cancel,16849,,,1688819142
cancel,18075,,,1688819142
cancel,24999,,,1688819142
newOrder,16849,0,10000,1688819165
newOrder,18075,1,10000,1688819165
newOrder,10528,0,23455,1688819165
newOrder,24999,1,23455,1688819165
cancel,10528,,,1688819742
cancel,16849,,,1688819742
cancel,18075,,,1688819742
cancel,24999,,,1688819742
newOrder,16849,0,10001,1688819766
newOrder,18075,1,10001,1688819766
newOrder,10527,0,40478,1688819766
newOrder,24999,1,40478,1688819766
cancel,10527,,,1688820342
cancel,16849,,,1688820342
cancel,18075,,,1688820342
cancel,24999,,,1688820342
newOrder,16849,0,10002,1688820364
newOrder,18075,1,10002,1688820364
newOrder,10527,0,34286,1688820364
newOrder,24999,1,34286,1688820364
cancel,10527,,,1688820942
cancel,16849,,,1688820942
cancel,18075,,,1688820942
cancel,24999,,,1688820942
newOrder,16849,0,10004,1688820965
newOrder,18075,1,10004,1688820965
newOrder,12162,0,19439,1688820965
newOrder,24999,1,19439,1688820965
cancel,12162,,,1688821542
cancel,16849,,,1688821542
cancel,18075,,,1688821542
cancel,24999,,,1688821542
newOrder,16849,0,10005,1688821566
newOrder,18075,1,10005,1688821566
newOrder,10528,0,23812,1688821566
newOrder,24999,1,23812,1688821566
cancel,10528,,,1688822141
cancel,16849,,,1688822141
cancel,18075,,,1688822141
cancel,24999,,,1688822141
newOrder,16849,0,10006,1688822165
newOrder,18075,1,10006,1688822165
newOrder,10527,0,45603,1688822165
newOrder,24999,1,45603,1688822165
cancel,10527,,,1688822742
cancel,16849,,,1688822742
cancel,18075,,,1688822742
cancel,24999,,,1688822742
newOrder,16849,0,10008,1688822765
newOrder,18075,1,10008,1688822765
newOrder,10528,0,23694,1688822765
newOrder,24999,1,23694,1688822765
cancel,10528,,,1688823343
cancel,16849,,,1688823343
cancel,18075,,,1688823343
cancel,24999,,,1688823343
newOrder,16849,0,10009,1688823367
newOrder,18075,1,10009,1688823367
newOrder,12204,0,15405,1688823367
newOrder,24999,1,15405,1688823367
cancel,12204,,,1688823941
cancel,16849,,,1688823941
cancel,18075,,,1688823941
cancel,24999,,,1688823941
newOrder,16810,0,9993,1688823966
newOrder,18075,1,9993,1688823966
newOrder,10527,0,44505,1688823966
newOrder,24999,1,44505,1688823966
cancel,10527,,,1688824543
cancel,16810,,,1688824543
cancel,18075,,,1688824543
cancel,24999,,,1688824543
newOrder,16810,0,9994,1688824569
newOrder,18075,1,9994,1688824569
newOrder,10527,0,39419,1688824569
newOrder,24999,1,39419,1688824569
cancel,10527,,,1688825144
cancel,16810,,,1688825144
cancel,18075,,,1688825144
cancel,24999,,,1688825144
newOrder,16802,0,9992,1688825166
newOrder,18075,1,9992,1688825166
newOrder,15401,0,8911,1688825166
newOrder,19999,1,8911,1688825166
cancel,15401,,,1688825742
cancel,16802,,,1688825742
cancel,18075,,,1688825742
cancel,19999,,,1688825742
newOrder,16802,0,9994,1688825768
newOrder,18075,1,9994,1688825768
newOrder,12204,0,14027,1688825768
newOrder,24999,1,14027,1688825768
cancel,12204,,,1688826342
cancel,16802,,,1688826342
cancel,18075,,,1688826342
cancel,24999,,,1688826342
newOrder,16802,0,9995,1688826366
newOrder,18075,1,9995,1688826366
newOrder,12162,0,20755,1688826366
newOrder,24999,1,20755,1688826366
cancel,12162,,,1688826942
cancel,16802,,,1688826942
cancel,18075,,,1688826942
cancel,24999,,,1688826942
newOrder,16802,0,9996,1688826964
newOrder,18075,1,9996,1688826964
newOrder,12204,0,14185,1688826964
newOrder,24999,1,14185,1688826964
cancel,12204,,,1688827542
cancel,16802,,,1688827542
cancel,18075,,,1688827542
cancel,24999,,,1688827542
newOrder,16802,0,9998,1688827565
newOrder,18075,1,9998,1688827565
newOrder,10527,0,33455,1688827565
newOrder,24999,1,33455,1688827565
cancel,10527,,,1688828142
cancel,16802,,,1688828142
cancel,18075,,,1688828142
cancel,24999,,,1688828142
newOrder,16802,0,9999,1688828165
newOrder,18075,1,9999,1688828165
newOrder,10528,0,28620,1688828165
newOrder,24999,1,28620,1688828165
cancel,10528,,,1688828742
cancel,16802,,,1688828742
cancel,18075,,,1688828742
cancel,24999,,,1688828742
newOrder,16802,0,10000,1688828768
newOrder,18075,1,10000,1688828768
newOrder,15401,0,6284,1688828768
newOrder,19999,1,6284,1688828768
cancel,15401,,,1688829343
cancel,16802,,,1688829343
cancel,18075,,,1688829343
cancel,19999,,,1688829343
newOrder,16802,0,10002,1688829365
newOrder,18075,1,10002,1688829365
newOrder,15401,0,6887,1688829365
newOrder,19999,1,6887,1688829365
cancel,15401,,,1688829942
cancel,16802,,,1688829942
cancel,18075,,,1688829942
cancel,19999,,,1688829942
newOrder,16802,0,10003,1688829965
newOrder,18075,1,10003,1688829965
newOrder,10527,0,41272,1688829965
newOrder,24999,1,41272,1688829965
cancel,10527,,,1688830542
cancel,16802,,,1688830542
cancel,18075,,,1688830542
cancel,24999,,,1688830542
newOrder,16802,0,10005,1688830564
newOrder,18075,1,10005,1688830564
newOrder,10528,0,26847,1688830564
newOrder,24999,1,26847,1688830564
cancel,10528,,,1688831142
cancel,16802,,,1688831142
cancel,18075,,,1688831142
cancel,24999,,,1688831142
newOrder,16802,0,10006,1688831165
newOrder,18075,1,10006,1688831165
newOrder,10527,0,41962,1688831165
newOrder,24999,1,41962,1688831165
cancel,10527,,,1688831743
cancel,16802,,,1688831743
cancel,18075,,,1688831743
cancel,24999,,,1688831743
newOrder,16819,0,10015,1688831765
newOrder,18075,1,10015,1688831765
newOrder,12162,0,20419,1688831765
newOrder,24999,1,20419,1688831765
cancel,12162,,,1688832342
cancel,16819,,,1688832342
cancel,18075,,,1688832342
cancel,24999,,,1688832342
newOrder,16819,0,10016,1688832365
newOrder,18075,1,10016,1688832365
newOrder,10527,0,41115,1688832365
newOrder,24999,1,41115,1688832365
cancel,10527,,,1688832941
cancel,16819,,,1688832941
cancel,18075,,,1688832941
cancel,24999,,,1688832941
newOrder,16819,0,10018,1688832966
newOrder,18075,1,10018,1688832966
newOrder,10527,0,48553,1688832966
newOrder,24999,1,48553,1688832966
cancel,10527,,,1688833542
cancel,16819,,,1688833542
cancel,18075,,,1688833542
cancel,24999,,,1688833542
newOrder,16819,0,10019,1688833565
newOrder,18075,1,10019,1688833565
newOrder,10527,0,42432,1688833565
newOrder,24999,1,42432,1688833565
cancel,10527,,,1688834142
cancel,16819,,,1688834142
cancel,18075,,,1688834142
cancel,24999,,,1688834142
newOrder,16819,0,10020,1688834167
newOrder,18075,1,10020,1688834167
newOrder,10527,0,38813,1688834167
newOrder,24999,1,38813,1688834167
cancel,10527,,,1688834742
cancel,16819,,,1688834742
cancel,18075,,,1688834742
cancel,24999,,,1688834742
newOrder,16819,0,10022,1688834764
newOrder,18075,1,10022,1688834764
newOrder,10528,0,27066,1688834764
newOrder,24999,1,27066,1688834764
cancel,10528,,,1688835342
cancel,16819,,,1688835342
cancel,18075,,,1688835342
cancel,24999,,,1688835342
newOrder,16819,0,10023,1688835365
newOrder,18075,1,10023,1688835365
newOrder,15401,0,7153,1688835365
newOrder,19999,1,7153,1688835365
cancel,15401,,,1688835942
cancel,16819,,,1688835942
cancel,18075,,,1688835942
cancel,19999,,,1688835942
newOrder,16819,0,10025,1688835965
newOrder,18075,1,10025,1688835965
newOrder,12204,0,15285,1688835965
newOrder,24999,1,15285,1688835965
cancel,12204,,,1688836541
cancel,16819,,,1688836541
cancel,18075,,,1688836541
cancel,24999,,,1688836541
newOrder,16749,0,9991,1688836564
newOrder,18075,1,9991,1688836564
newOrder,10528,0,23797,1688836564
newOrder,24999,1,23797,1688836564
cancel,10528,,,1688837142
cancel,16749,,,1688837142
cancel,18075,,,1688837142
cancel,24999,,,1688837142
newOrder,16811,0,10023,1688837165
newOrder,18075,1,10023,1688837165
newOrder,12205,0,11254,1688837165
newOrder,21899,1,11254,1688837165
cancel,12205,,,1688837742
cancel,16811,,,1688837742
cancel,18075,,,1688837742
cancel,21899,,,1688837742
newOrder,16811,0,10025,1688837765
newOrder,18075,1,10025,1688837765
newOrder,10528,0,30131,1688837765
newOrder,24999,1,30131,1688837765
cancel,10528,,,1688838344
cancel,16811,,,1688838344
cancel,18075,,,1688838344
cancel,24999,,,1688838344
newOrder,16821,0,10031,1688838367
newOrder,18075,1,10031,1688838367
newOrder,10527,0,47317,1688838367
newOrder,24999,1,47317,1688838367
cancel,10527,,,1688838942
cancel,16821,,,1688838942
cancel,18075,,,1688838942
cancel,24999,,,1688838942
newOrder,16821,0,10032,1688838964
newOrder,18075,1,10032,1688838964
newOrder,10528,0,29057,1688838964
newOrder,24999,1,29057,1688838964
cancel,10528,,,1688839542
cancel,16821,,,1688839542
cancel,18075,,,1688839542
cancel,24999,,,1688839542
newOrder,16821,0,10034,1688839565
newOrder,18075,1,10034,1688839565
newOrder,10527,0,49388,1688839565
newOrder,24999,1,49388,1688839565
cancel,10527,,,1688840142
cancel,16821,,,1688840142
cancel,18075,,,1688840142
cancel,24999,,,1688840142
newOrder,16821,0,10035,1688840164
newOrder,18075,1,10035,1688840164
newOrder,10527,0,33713,1688840164
newOrder,24999,1,33713,1688840164
cancel,10527,,,1688840742
cancel,16821,,,1688840742
cancel,18075,,,1688840742
cancel,24999,,,1688840742
newOrder,16821,0,10037,1688840765
newOrder,18075,1,10037,1688840765
newOrder,12204,0,15388,1688840765
newOrder,24999,1,15388,1688840765
cancel,12204,,,1688841342
cancel,16821,,,1688841342
cancel,18075,,,1688841342
cancel,24999,,,1688841342
newOrder,16821,0,10038,1688841365
newOrder,18075,1,10038,1688841365
newOrder,12204,0,15682,1688841365
newOrder,24999,1,15682,1688841365
cancel,12204,,,1688841942
cancel,16821,,,1688841942
cancel,18075,,,1688841942
cancel,24999,,,1688841942
newOrder,17570,0,10151,1688841964
newOrder,18075,1,10151,1688841964
newOrder,15401,0,10304,1688841964
newOrder,19999,1,10304,1688841964
cancel,15401,,,1688842542
cancel,17570,,,1688842542
cancel,18075,,,1688842542
cancel,19999,,,1688842542
newOrder,17561,0,10154,1688842565
newOrder,18075,1,10154,1688842565
newOrder,12204,0,19155,1688842565
newOrder,24999,1,19155,1688842565
cancel,12204,,,1688843142
cancel,17561,,,1688843142
cancel,18075,,,1688843142
cancel,24999,,,1688843142
newOrder,17561,0,10155,1688843164
newOrder,18075,1,10155,1688843164
newOrder,10537,0,27219,1688843164
newOrder,24999,1,27219,1688843164
cancel,10537,,,1688843742
cancel,17561,,,1688843742
cancel,18075,,,1688843742
cancel,24999,,,1688843742
newOrder,17499,0,10165,1688843765
newOrder,18075,1,10165,1688843765
newOrder,12204,0,12429,1688843765
newOrder,24999,1,12429,1688843765
cancel,12204,,,1688844342
cancel,17499,,,1688844342
cancel,18075,,,1688844342
cancel,24999,,,1688844342
newOrder,17481,0,10168,1688844366
newOrder,18075,1,10168,1688844366
newOrder,10527,0,38721,1688844366
newOrder,24999,1,38721,1688844366
cancel,10527,,,1688844942
cancel,17481,,,1688844942
cancel,18075,,,1688844942
cancel,24999,,,1688844942
newOrder,17481,0,10169,1688844965
newOrder,18075,1,10169,1688844965
newOrder,10528,0,26237,1688844965
newOrder,24999,1,26237,1688844965
cancel,10528,,,1688845542
cancel,17481,,,1688845542
cancel,18075,,,1688845542
cancel,24999,,,1688845542
newOrder,17873,0,10078,1688845567
newOrder,18075,1,10078,1688845567
newOrder,10724,0,38581,1688845567
newOrder,24999,1,38581,1688845567
cancel,10724,,,1688846142
cancel,17873,,,1688846142
cancel,18075,,,1688846142
cancel,24999,,,1688846142
newOrder,17851,0,10087,1688846164
newOrder,18075,1,10087,1688846164
newOrder,10711,0,34106,1688846164
newOrder,24999,1,34106,1688846164
cancel,10711,,,1688846742
cancel,17851,,,1688846742
cancel,18075,,,1688846742
cancel,24999,,,1688846742
newOrder,17851,0,10089,1688846765
newOrder,18075,1,10089,1688846765
newOrder,12204,0,17253,1688846765
newOrder,24999,1,17253,1688846765
cancel,12204,,,1688847342
cancel,17851,,,1688847342
cancel,18075,,,1688847342
cancel,24999,,,1688847342
newOrder,17821,0,10101,1688847367
newOrder,18075,1,10101,1688847367
newOrder,10693,0,23644,1688847367
newOrder,24999,1,23644,1688847367
cancel,10693,,,1688847942
cancel,17821,,,1688847942
cancel,18075,,,1688847942
cancel,24999,,,1688847942
newOrder,17821,0,10103,1688847965
newOrder,18075,1,10103,1688847965
newOrder,10693,0,31111,1688847965
newOrder,24999,1,31111,1688847965
cancel,10693,,,1688848544
cancel,17821,,,1688848544
cancel,18075,,,1688848544
cancel,24999,,,1688848544
newOrder,17708,0,10139,1688848566
newOrder,18075,1,10139,1688848566
newOrder,10625,0,37803,1688848566
newOrder,24999,1,37803,1688848566
cancel,10625,,,1688849142
cancel,17708,,,1688849142
cancel,18075,,,1688849142
cancel,24999,,,1688849142
newOrder,17708,0,10140,1688849165
newOrder,18075,1,10140,1688849165
newOrder,10625,0,37603,1688849165
newOrder,24999,1,37603,1688849165
cancel,10625,,,1688849742
cancel,17708,,,1688849742
cancel,18075,,,1688849742
cancel,24999,,,1688849742
newOrder,17708,0,10142,1688849765
newOrder,18075,1,10142,1688849765
newOrder,12162,0,19929,1688849765
newOrder,24999,1,19929,1688849765
cancel,12162,,,1688850342
cancel,17708,,,1688850342
cancel,18075,,,1688850342
cancel,24999,,,1688850342
newOrder,17708,0,10143,1688850364
newOrder,18075,1,10143,1688850364
newOrder,10625,0,29255,1688850364
newOrder,24999,1,29255,1688850364
cancel,10625,,,1688850942
cancel,17708,,,1688850942
cancel,18075,,,1688850942
cancel,24999,,,1688850942
newOrder,17708,0,10145,1688850966
newOrder,18075,1,10145,1688850966
newOrder,10625,0,46813,1688850966
newOrder,24999,1,46813,1688850966
cancel,10625,,,1688851542
cancel,17708,,,1688851542
cancel,18075,,,1688851542
cancel,24999,,,1688851542
newOrder,17708,0,10146,1688851565
newOrder,18075,1,10146,1688851565
newOrder,10625,0,41758,1688851565
newOrder,24999,1,41758,1688851565
cancel,10625,,,1688852142
cancel,17708,,,1688852142
cancel,18075,,,1688852142
cancel,24999,,,1688852142
newOrder,17708,0,10148,1688852168
newOrder,18075,1,10148,1688852168
newOrder,10625,0,38049,1688852168
newOrder,24999,1,38049,1688852168
cancel,10625,,,1688852742
cancel,17708,,,1688852742
cancel,18075,,,1688852742
cancel,24999,,,1688852742
newOrder,17708,0,10150,1688852765
newOrder,18075,1,10150,1688852765
newOrder,12204,0,13503,1688852765
newOrder,24999,1,13503,1688852765
cancel,12204,,,1688853342
cancel,17708,,,1688853342
cancel,18075,,,1688853342
cancel,24999,,,1688853342
newOrder,17708,0,10151,1688853365
newOrder,18075,1,10151,1688853365
newOrder,10625,0,53192,1688853365
newOrder,24999,1,53192,1688853365
cancel,10625,,,1688853942
cancel,17708,,,1688853942
cancel,18075,,,1688853942
cancel,24999,,,1688853942
newOrder,17708,0,10153,1688853964
newOrder,18075,1,10153,1688853964
newOrder,10625,0,36385,1688853964
newOrder,24999,1,36385,1688853964
cancel,10625,,,1688854542
cancel,17708,,,1688854542
cancel,18075,,,1688854542
cancel,24999,,,1688854542
newOrder,17708,0,10154,1688854565
newOrder,18075,1,10154,1688854565
newOrder,10625,0,30089,1688854565
newOrder,24999,1,30089,1688854565
cancel,10625,,,1688855143
cancel,17708,,,1688855143
cancel,18075,,,1688855143
cancel,24999,,,1688855143
newOrder,17708,0,10156,1688855165
newOrder,18075,1,10156,1688855165
newOrder,10625,0,30286,1688855165
newOrder,24999,1,30286,1688855165
cancel,10625,,,1688855742
cancel,17708,,,1688855742
cancel,18075,,,1688855742
cancel,24999,,,1688855742
newOrder,17708,0,10157,1688855764
newOrder,18075,1,10157,1688855764
newOrder,12204,0,11501,1688855764
newOrder,21899,1,11501,1688855764
cancel,12204,,,1688856342
cancel,17708,,,1688856342
cancel,18075,,,1688856342
cancel,21899,,,1688856342
newOrder,17708,0,10159,1688856364
newOrder,18075,1,10159,1688856364
newOrder,10625,0,28180,1688856364
newOrder,24999,1,28180,1688856364
cancel,10625,,,1688856942
cancel,17708,,,1688856942
cancel,18075,,,1688856942
cancel,24999,,,1688856942
newOrder,17708,0,10160,1688856964
newOrder,18075,1,10160,1688856964
newOrder,12204,0,13926,1688856964
newOrder,24999,1,13926,1688856964
cancel,12204,,,1688857542
cancel,17708,,,1688857542
cancel,18075,,,1688857542
cancel,24999,,,1688857542
newOrder,17708,0,10162,1688857565
newOrder,18075,1,10162,1688857565
newOrder,10625,0,51118,1688857565
newOrder,24999,1,51118,1688857565
cancel,10625,,,1688858142
cancel,17708,,,1688858142
cancel,18075,,,1688858142
cancel,24999,,,1688858142
newOrder,17708,0,10163,1688858164
newOrder,18075,1,10163,1688858164
newOrder,10625,0,37819,1688858164
newOrder,24999,1,37819,1688858164
cancel,10625,,,1688858741
cancel,17708,,,1688858741
cancel,18075,,,1688858741
cancel,24999,,,1688858741
newOrder,17708,0,10165,1688858765
newOrder,18075,1,10165,1688858765
newOrder,10625,0,28163,1688858765
newOrder,24999,1,28163,1688858765
cancel,10625,,,1688859342
cancel,17708,,,1688859342
cancel,18075,,,1688859342
cancel,24999,,,1688859342
newOrder,17708,0,10167,1688859366
newOrder,18075,1,10167,1688859366
newOrder,10625,0,46915,1688859366
newOrder,24999,1,46915,1688859366
cancel,10625,,,1688859942
cancel,17708,,,1688859942
cancel,18075,,,1688859942
cancel,24999,,,1688859942
newOrder,17708,0,10168,1688859965
newOrder,18075,1,10168,1688859965
newOrder,10625,0,32694,1688859965
newOrder,24999,1,32694,1688859965
cancel,10625,,,1688860543
cancel,17708,,,1688860543
cancel,18075,,,1688860543
cancel,24999,,,1688860543
newOrder,17708,0,10170,1688860565
newOrder,18075,1,10170,1688860565
newOrder,10625,0,25177,1688860565
newOrder,24999,1,25177,1688860565
newOrder,17734,0,10164,1688861236
newOrder,18075,1,10164,1688861236
newOrder,10640,0,35115,1688861236
newOrder,24998,1,35115,1688861236
cancel,10625,,,1688861742
cancel,10640,,,1688861742
cancel,17708,,,1688861742
cancel,17734,,,1688861742
cancel,18075,,,1688861742
cancel,18075,,,1688861742
cancel,24998,,,1688861742
cancel,24999,,,1688861742
newOrder,17708,0,10173,1688861764
newOrder,18075,1,10173,1688861764
newOrder,12301,0,11180,1688861764
newOrder,19999,1,11180,1688861764
cancel,12301,,,1688862346
cancel,17708,,,1688862346
cancel,18075,,,1688862346
cancel,19999,,,1688862346
newOrder,17708,0,10174,1688862370
newOrder,18075,1,10174,1688862370
newOrder,12002,0,23198,1688862370
newOrder,24999,1,23198,1688862370
cancel,12002,,,1688862941
cancel,17708,,,1688862941
cancel,18075,,,1688862941
cancel,24999,,,1688862941
newOrder,17708,0,10176,1688862967
newOrder,18075,1,10176,1688862967
newOrder,12204,0,15913,1688862967
newOrder,24999,1,15913,1688862967
cancel,12204,,,1688863542
cancel,17708,,,1688863542
cancel,18075,,,1688863542
cancel,24999,,,1688863542
newOrder,17708,0,10177,1688863565
newOrder,18075,1,10177,1688863565
newOrder,10625,0,36801,1688863565
newOrder,24999,1,36801,1688863565
cancel,10625,,,1688864142
cancel,17708,,,1688864142
cancel,18075,,,1688864142
cancel,24999,,,1688864142
newOrder,17708,0,10179,1688864165
newOrder,18075,1,10179,1688864165
newOrder,10625,0,39731,1688864165
newOrder,24999,1,39731,1688864165
cancel,10625,,,1688864742
cancel,17708,,,1688864742
cancel,18075,,,1688864742
cancel,24999,,,1688864742
newOrder,17746,0,10170,1688864766
newOrder,18075,1,10170,1688864766
newOrder,10648,0,52937,1688864766
newOrder,24999,1,52937,1688864766
cancel,10648,,,1688865342
cancel,17746,,,1688865342
cancel,18075,,,1688865342
cancel,24999,,,1688865342
newOrder,17746,0,10172,1688865365
newOrder,18075,1,10172,1688865365
newOrder,10648,0,53526,1688865365
newOrder,24999,1,53526,1688865365
cancel,10648,,,1688865942
cancel,17746,,,1688865942
cancel,18075,,,1688865942
cancel,24999,,,1688865942
newOrder,17746,0,10173,1688865964
newOrder,18075,1,10173,1688865964
newOrder,10648,0,46723,1688865964
newOrder,24999,1,46723,1688865964
cancel,10648,,,1688866543
cancel,17746,,,1688866543
cancel,18075,,,1688866543
cancel,24999,,,1688866543
newOrder,17746,0,10175,1688866565
newOrder,18075,1,10175,1688866565
newOrder,10648,0,23479,1688866565
newOrder,24999,1,23479,1688866565
cancel,10648,,,1688867143
cancel,17746,,,1688867143
cancel,18075,,,1688867143
cancel,24999,,,1688867143
newOrder,17746,0,10176,1688867167
newOrder,18075,1,10176,1688867167
newOrder,10648,0,51536,1688867167
newOrder,24999,1,51536,1688867167
cancel,10648,,,1688867741
cancel,17746,,,1688867741
cancel,18075,,,1688867741
cancel,24999,,,1688867741
newOrder,17746,0,10178,1688867764
newOrder,18075,1,10178,1688867764
newOrder,10648,0,33093,1688867764
newOrder,24999,1,33093,1688867764
cancel,10648,,,1688868342
cancel,17746,,,1688868342
cancel,18075,,,1688868342
cancel,24999,,,1688868342
newOrder,17746,0,10179,1688868364
newOrder,18075,1,10179,1688868364
newOrder,10648,0,49885,1688868364
newOrder,24999,1,49885,1688868364
cancel,10648,,,1688868941
cancel,17746,,,1688868941
cancel,18075,,,1688868941
cancel,24999,,,1688868941
newOrder,17746,0,10181,1688868964
newOrder,18075,1,10181,1688868964
newOrder,10648,0,51408,1688868964
newOrder,24999,1,51408,1688868964
cancel,10648,,,1688869542
cancel,17746,,,1688869542
cancel,18075,,,1688869542
cancel,24999,,,1688869542
newOrder,17746,0,10183,1688869565
newOrder,18075,1,10183,1688869565
newOrder,10648,0,38441,1688869565
newOrder,24999,1,38441,1688869565
cancel,10648,,,1688870142
cancel,17746,,,1688870142
cancel,18075,,,1688870142
cancel,24999,,,1688870142
newOrder,17746,0,10184,1688870168
newOrder,18075,1,10184,1688870168
newOrder,12162,0,20805,1688870168
newOrder,24999,1,20805,1688870168
cancel,12162,,,1688870742
cancel,17746,,,1688870742
cancel,18075,,,1688870742
cancel,24999,,,1688870742
newOrder,17746,0,10186,1688870764
newOrder,18075,1,10186,1688870764
newOrder,10648,0,31219,1688870764
newOrder,24999,1,31219,1688870764
cancel,10648,,,1688871342
cancel,17746,,,1688871342
cancel,18075,,,1688871342
cancel,24999,,,1688871342
newOrder,17746,0,10187,1688871364
newOrder,18075,1,10187,1688871364
newOrder,12013,0,22710,1688871364
newOrder,24999,1,22710,1688871364
cancel,12013,,,1688871942
cancel,17746,,,1688871942
cancel,18075,,,1688871942
cancel,24999,,,1688871942
newOrder,17702,0,10201,1688871964
newOrder,18075,1,10201,1688871964
newOrder,10621,0,46585,1688871964
newOrder,24999,1,46585,1688871964
cancel,10621,,,1688872542
cancel,17702,,,1688872542
cancel,18075,,,1688872542
cancel,24999,,,1688872542
newOrder,17702,0,10202,1688872564
newOrder,18075,1,10202,1688872564
newOrder,10621,0,48602,1688872564
newOrder,24999,1,48602,1688872564
cancel,10621,,,1688873142
cancel,17702,,,1688873142
cancel,18075,,,1688873142
cancel,24999,,,1688873142
newOrder,17702,0,10204,1688873164
newOrder,18075,1,10204,1688873164
newOrder,10621,0,42784,1688873164
newOrder,24999,1,42784,1688873164
cancel,10621,,,1688873742
cancel,17702,,,1688873742
cancel,18075,,,1688873742
cancel,24999,,,1688873742
newOrder,17702,0,10206,1688873765
newOrder,18075,1,10206,1688873765
newOrder,12162,0,21116,1688873765
newOrder,24999,1,21116,1688873765
cancel,12162,,,1688874342
cancel,17702,,,1688874342
cancel,18075,,,1688874342
cancel,24999,,,1688874342
newOrder,17702,0,10207,1688874366
newOrder,18075,1,10207,1688874366
newOrder,10621,0,32289,1688874366
newOrder,24999,1,32289,1688874366
cancel,10621,,,1688874941
cancel,17702,,,1688874941
cancel,18075,,,1688874941
cancel,24999,,,1688874941
newOrder,17702,0,10209,1688874964
newOrder,18075,1,10209,1688874964
newOrder,12204,0,12671,1688874964
newOrder,24999,1,12671,1688874964
cancel,12204,,,1688875542
cancel,17702,,,1688875542
cancel,18075,,,1688875542
cancel,24999,,,1688875542
newOrder,17702,0,10210,1688875565
newOrder,18075,1,10210,1688875565
newOrder,10621,0,53568,1688875565
newOrder,24999,1,53568,1688875565
cancel,10621,,,1688876143
cancel,17702,,,1688876143
cancel,18075,,,1688876143
cancel,24999,,,1688876143
newOrder,17702,0,10212,1688876167
newOrder,18075,1,10212,1688876167
newOrder,10621,0,38900,1688876167
newOrder,24999,1,38900,1688876167
cancel,10621,,,1688876742
cancel,17702,,,1688876742
cancel,18075,,,1688876742
cancel,24999,,,1688876742
newOrder,17702,0,10213,1688876766
newOrder,18075,1,10213,1688876766
newOrder,10621,0,52495,1688876766
newOrder,24999,1,52495,1688876766
cancel,10621,,,1688877342
cancel,17702,,,1688877342
cancel,18075,,,1688877342
cancel,24999,,,1688877342
newOrder,17702,0,10215,1688877364
newOrder,18075,1,10215,1688877364
newOrder,12204,0,18248,1688877364
newOrder,24999,1,18248,1688877364
cancel,12204,,,1688877942
cancel,17702,,,1688877942
cancel,18075,,,1688877942
cancel,24999,,,1688877942
newOrder,17702,0,10217,1688877964
newOrder,18075,1,10217,1688877964
newOrder,10621,0,50416,1688877964
newOrder,24999,1,50416,1688877964
cancel,10621,,,1688878542
cancel,17702,,,1688878542
cancel,18075,,,1688878542
cancel,24999,,,1688878542
newOrder,17702,0,10218,1688878565
newOrder,18075,1,10218,1688878565
newOrder,10621,0,44538,1688878565
newOrder,24999,1,44538,1688878565
cancel,10621,,,1688879142
cancel,17702,,,1688879142
cancel,18075,,,1688879142
cancel,24999,,,1688879142
newOrder,17702,0,10220,1688879165
newOrder,18075,1,10220,1688879165
newOrder,12162,0,20245,1688879165
newOrder,24999,1,20245,1688879165
cancel,12162,,,1688879742
cancel,17702,,,1688879742
cancel,18075,,,1688879742
cancel,24999,,,1688879742
newOrder,17702,0,10221,1688879765
newOrder,18075,1,10221,1688879765
newOrder,10621,0,34807,1688879765
newOrder,24999,1,34807,1688879765
cancel,10621,,,1688880342
cancel,17702,,,1688880342
cancel,18075,,,1688880342
cancel,24999,,,1688880342
newOrder,17702,0,10223,1688880365
newOrder,18075,1,10223,1688880365
newOrder,10621,0,25957,1688880365
newOrder,24999,1,25957,1688880365
cancel,10621,,,1688880942
cancel,17702,,,1688880942
cancel,18075,,,1688880942
cancel,24999,,,1688880942
newOrder,17702,0,10224,1688880966
newOrder,18075,1,10224,1688880966
newOrder,10621,0,49607,1688880966
newOrder,24999,1,49607,1688880966
cancel,10621,,,1688881542
cancel,17702,,,1688881542
cancel,18075,,,1688881542
cancel,24999,,,1688881542
newOrder,17702,0,10226,1688881564
newOrder,18075,1,10226,1688881564
newOrder,10621,0,32059,1688881564
newOrder,24999,1,32059,1688881564
cancel,10621,,,1688882142
cancel,17702,,,1688882142
cancel,18075,,,1688882142
cancel,24999,,,1688882142
newOrder,17702,0,10228,1688882165
newOrder,18075,1,10228,1688882165
newOrder,12204,0,17467,1688882165
newOrder,24999,1,17467,1688882165
cancel,12204,,,1688882742
cancel,17702,,,1688882742
cancel,18075,,,1688882742
cancel,24999,,,1688882742
newOrder,17702,0,10229,1688882764
newOrder,18075,1,10229,1688882764
newOrder,10621,0,48474,1688882764
newOrder,24999,1,48474,1688882764
cancel,10621,,,1688883342
cancel,17702,,,1688883342
cancel,18075,,,1688883342
cancel,24999,,,1688883342
newOrder,17702,0,10231,1688883364
newOrder,18075,1,10231,1688883364
newOrder,10621,0,41574,1688883364
newOrder,24999,1,41574,1688883364
cancel,10621,,,1688883942
cancel,17702,,,1688883942
cancel,18075,,,1688883942
cancel,24999,,,1688883942
newOrder,17702,0,10232,1688883966
newOrder,18075,1,10232,1688883966
newOrder,10621,0,28468,1688883966
newOrder,24999,1,28468,1688883966
cancel,10621,,,1688884543
cancel,17702,,,1688884543
cancel,18075,,,1688884543
cancel,24999,,,1688884543
newOrder,17702,0,10234,1688884566
newOrder,18075,1,10234,1688884566
newOrder,10621,0,40449,1688884566
newOrder,24999,1,40449,1688884566
cancel,10621,,,1688885142
cancel,17702,,,1688885142
cancel,18075,,,1688885142
cancel,24999,,,1688885142
newOrder,17702,0,10236,1688885165
newOrder,18075,1,10236,1688885165
newOrder,10621,0,29276,1688885165
newOrder,24999,1,29276,1688885165
cancel,10621,,,1688885743
cancel,17702,,,1688885743
cancel,18075,,,1688885743
cancel,24999,,,1688885743
newOrder,17702,0,10237,1688885767
newOrder,18075,1,10237,1688885767
newOrder,10621,0,33624,1688885767
newOrder,24999,1,33624,1688885767
cancel,10621,,,1688886342
cancel,17702,,,1688886342
cancel,18075,,,1688886342
cancel,24999,,,1688886342
newOrder,17702,0,10239,1688886365
newOrder,18075,1,10239,1688886365
newOrder,14002,0,10917,1688886365
newOrder,19999,1,10917,1688886365
cancel,14002,,,1688886941
cancel,17702,,,1688886941
cancel,18075,,,1688886941
cancel,19999,,,1688886941
newOrder,17702,0,10240,1688886964
newOrder,18075,1,10240,1688886964
newOrder,15401,0,9788,1688886964
newOrder,19999,1,9788,1688886964
cancel,15401,,,1688887542
cancel,17702,,,1688887542
cancel,18075,,,1688887542
cancel,19999,,,1688887542
newOrder,17702,0,10242,1688887564
newOrder,18075,1,10242,1688887564
newOrder,12204,0,15761,1688887564
newOrder,24999,1,15761,1688887564
cancel,12204,,,1688888143
cancel,17702,,,1688888143
cancel,18075,,,1688888143
cancel,24999,,,1688888143
newOrder,17702,0,10243,1688888166
newOrder,18075,1,10243,1688888166
newOrder,12002,0,22886,1688888166
newOrder,24999,1,22886,1688888166
cancel,12002,,,1688888742
cancel,17702,,,1688888742
cancel,18075,,,1688888742
cancel,24999,,,1688888742
newOrder,17702,0,10245,1688888764
newOrder,18075,1,10245,1688888764
newOrder,10621,0,26984,1688888764
newOrder,24999,1,26984,1688888764
cancel,10621,,,1688889342
cancel,17702,,,1688889342
cancel,18075,,,1688889342
cancel,24999,,,1688889342
newOrder,17702,0,10247,1688889365
newOrder,18075,1,10247,1688889365
newOrder,12204,0,15902,1688889365
newOrder,24999,1,15902,1688889365
cancel,12204,,,1688889942
cancel,17702,,,1688889942
cancel,18075,,,1688889942
cancel,24999,,,1688889942
newOrder,17702,0,10248,1688889965
newOrder,18075,1,10248,1688889965
newOrder,10621,0,51173,1688889965
newOrder,24999,1,51173,1688889965
cancel,10621,,,1688890542
cancel,17702,,,1688890542
cancel,18075,,,1688890542
cancel,24999,,,1688890542
newOrder,17702,0,10250,1688890565
newOrder,18075,1,10250,1688890565
newOrder,10621,0,42335,1688890565
newOrder,24999,1,42335,1688890565
cancel,10621,,,1688891141
cancel,17702,,,1688891141
cancel,18075,,,1688891141
cancel,24999,,,1688891141
newOrder,17702,0,10251,1688891164
newOrder,18075,1,10251,1688891164
newOrder,10621,0,49821,1688891164
newOrder,24999,1,49821,1688891164
cancel,10621,,,1688891742
cancel,17702,,,1688891742
cancel,18075,,,1688891742
cancel,24999,,,1688891742
newOrder,17702,0,10253,1688891767
newOrder,18075,1,10253,1688891767
newOrder,12204,0,12791,1688891767
newOrder,24999,1,12791,1688891767
cancel,12204,,,1688892342
cancel,17702,,,1688892342
cancel,18075,,,1688892342
cancel,24999,,,1688892342
newOrder,17702,0,10255,1688892367
newOrder,18075,1,10255,1688892367
newOrder,15401,0,7109,1688892367
newOrder,19999,1,7109,1688892367
cancel,15401,,,1688892941
cancel,17702,,,1688892941
cancel,18075,,,1688892941
cancel,19999,,,1688892941
newOrder,17702,0,10256,1688892964
newOrder,18075,1,10256,1688892964
newOrder,10621,0,50618,1688892964
newOrder,24999,1,50618,1688892964
cancel,10621,,,1688893542
cancel,17702,,,1688893542
cancel,18075,,,1688893542
cancel,24999,,,1688893542
newOrder,17702,0,10258,1688893566
newOrder,18075,1,10258,1688893566
newOrder,10621,0,34549,1688893566
newOrder,24999,1,34549,1688893566
cancel,10621,,,1688894145
cancel,17702,,,1688894145
cancel,18075,,,1688894145
cancel,24999,,,1688894145
newOrder,17702,0,10259,1688894166
newOrder,18075,1,10259,1688894166
newOrder,10621,0,54549,1688894166
newOrder,24999,1,54549,1688894166
cancel,10621,,,1688894742
cancel,17702,,,1688894742
cancel,18075,,,1688894742
cancel,24999,,,1688894742
newOrder,17702,0,10261,1688894765
newOrder,18075,1,10261,1688894765
newOrder,10621,0,27266,1688894765
newOrder,24999,1,27266,1688894765
cancel,10621,,,1688895342
cancel,17702,,,1688895342
cancel,18075,,,1688895342
cancel,24999,,,1688895342
newOrder,17702,0,10263,1688895365
newOrder,18075,1,10263,1688895365
newOrder,15401,0,8922,1688895365
newOrder,19999,1,8922,1688895365
cancel,15401,,,1688895942
cancel,17702,,,1688895942
cancel,18075,,,1688895942
cancel,19999,,,1688895942
newOrder,17702,0,10264,1688895964
newOrder,18075,1,10264,1688895964
newOrder,10621,0,48694,1688895964
newOrder,24999,1,48694,1688895964
cancel,10621,,,1688896542
cancel,17702,,,1688896542
cancel,18075,,,1688896542
cancel,24999,,,1688896542
newOrder,17702,0,10266,1688896565
newOrder,18075,1,10266,1688896565
newOrder,10621,0,40112,1688896565
newOrder,24999,1,40112,1688896565
cancel,10621,,,1688897142
cancel,17702,,,1688897142
cancel,18075,,,1688897142
cancel,24999,,,1688897142
newOrder,17702,0,10267,1688897164
newOrder,18075,1,10267,1688897164
newOrder,12204,0,14870,1688897164
newOrder,24999,1,14870,1688897164
cancel,12204,,,1688897742
cancel,17702,,,1688897742
cancel,18075,,,1688897742
cancel,24999,,,1688897742
newOrder,17702,0,10269,1688897764
newOrder,18075,1,10269,1688897764
newOrder,12204,0,11911,1688897764
newOrder,24999,1,11911,1688897764
cancel,12204,,,1688898342
cancel,17702,,,1688898342
cancel,18075,,,1688898342
cancel,24999,,,1688898342
newOrder,17702,0,10270,1688898365
newOrder,18075,1,10270,1688898365
newOrder,15401,0,8185,1688898365
newOrder,19999,1,8185,1688898365
cancel,15401,,,1688898942
cancel,17702,,,1688898942
cancel,18075,,,1688898942
cancel,19999,,,1688898942
newOrder,17702,0,10272,1688898964
newOrder,18075,1,10272,1688898964
newOrder,10621,0,25096,1688898964
newOrder,24999,1,25096,1688898964
cancel,10621,,,1688899542
cancel,17702,,,1688899542
cancel,18075,,,1688899542
cancel,24999,,,1688899542
newOrder,17702,0,10274,1688899565
newOrder,18075,1,10274,1688899565
newOrder,12204,0,13139,1688899565
newOrder,24999,1,13139,1688899565
cancel,12204,,,1688900142
cancel,17702,,,1688900142
cancel,18075,,,1688900142
cancel,24999,,,1688900142
newOrder,17702,0,10275,1688900166
newOrder,18075,1,10275,1688900166
newOrder,10621,0,32197,1688900166
newOrder,24999,1,32197,1688900166
cancel,10621,,,1688900743
cancel,17702,,,1688900743
cancel,18075,,,1688900743
cancel,24999,,,1688900743
newOrder,17702,0,10277,1688900765
newOrder,18075,1,10277,1688900765
newOrder,12002,0,23097,1688900765
newOrder,24999,1,23097,1688900765
cancel,12002,,,1688901342
cancel,17702,,,1688901342
cancel,18075,,,1688901342
cancel,24999,,,1688901342
newOrder,17857,0,10230,1688901364
newOrder,18075,1,10230,1688901364
newOrder,10714,0,25367,1688901364
newOrder,24999,1,25367,1688901364
cancel,10714,,,1688901942
cancel,17857,,,1688901942
cancel,18075,,,1688901942
cancel,24999,,,1688901942
newOrder,17857,0,10231,1688901964
newOrder,18075,1,10231,1688901964
newOrder,10714,0,36140,1688901964
newOrder,24999,1,36140,1688901964
cancel,10714,,,1688902542
cancel,17857,,,1688902542
cancel,18075,,,1688902542
cancel,24999,,,1688902542
newOrder,17839,0,10239,1688902564
newOrder,18075,1,10239,1688902564
newOrder,12204,0,13630,1688902564
newOrder,24999,1,13630,1688902564
cancel,12204,,,1688903142
cancel,17839,,,1688903142
cancel,18075,,,1688903142
cancel,24999,,,1688903142
newOrder,17839,0,10241,1688903164
newOrder,18075,1,10241,1688903164
newOrder,10703,0,37062,1688903164
newOrder,24999,1,37062,1688903164
cancel,10703,,,1688903742
cancel,17839,,,1688903742
cancel,18075,,,1688903742
cancel,24999,,,1688903742
newOrder,17830,0,10246,1688903764
newOrder,18075,1,10246,1688903764
newOrder,10698,0,49967,1688903764
newOrder,24999,1,49967,1688903764
cancel,10698,,,1688904341
cancel,17830,,,1688904341
cancel,18075,,,1688904341
cancel,24999,,,1688904341
newOrder,17830,0,10247,1688904364
newOrder,18075,1,10247,1688904364
newOrder,10698,0,46479,1688904364
newOrder,24999,1,46479,1688904364