instruction,price,side,qty,time
cancel,11878,,,1674830622
cancel,19797,,,1674830622
cancel,20713,,,1674830622
cancel,24999,,,1674830622
newOrder,19797,0,32289,1674830629
newOrder,20570,1,32289,1674830629
newOrder,11878,0,129156,1674830629
newOrder,24999,1,129156,1674830629
cancel,11878,,,1674833084
cancel,19797,,,1674833084
cancel,20570,,,1674833084
cancel,24999,,,1674833084
newOrder,19797,0,32359,1674833094
newOrder,20570,1,32359,1674833094
newOrder,11878,0,129438,1674833094
newOrder,24999,1,129438,1674833094
cancel,11878,,,1674833635
cancel,19797,,,1674833635
cancel,20570,,,1674833635
cancel,24999,,,1674833635
newOrder,19797,0,32375,1674833641
newOrder,20570,1,32375,1674833641
newOrder,11878,0,129501,1674833641
newOrder,24999,1,129501,1674833641
cancel,11878,,,1674834184
cancel,19797,,,1674834184
cancel,20570,,,1674834184
cancel,24999,,,1674834184
newOrder,19797,0,32391,1674834190
newOrder,20570,1,32391,1674834190
newOrder,11878,0,129564,1674834190
newOrder,24999,1,129564,1674834190
cancel,11878,,,1674834736
cancel,19797,,,1674834736
cancel,20570,,,1674834736
cancel,24999,,,1674834736
newOrder,19797,0,32407,1674834742
newOrder,20570,1,32407,1674834742
newOrder,11878,0,129628,1674834742
newOrder,24999,1,129628,1674834742
cancel,11878,,,1674835289
cancel,19797,,,1674835289
cancel,20570,,,1674835289
cancel,24999,,,1674835289
newOrder,19797,0,32423,1674835295
newOrder,20570,1,32423,1674835295
newOrder,11878,0,129691,1674835295
newOrder,24999,1,129691,1674835295
cancel,11878,,,1674835843
cancel,19797,,,1674835843
cancel,20570,,,1674835843
cancel,24999,,,1674835843
newOrder,19797,0,32042,1674835850
newOrder,20675,1,32042,1674835850
newOrder,11878,0,128169,1674835850
newOrder,24999,1,128169,1674835850
cancel,11878,,,1674836395
cancel,19797,,,1674836395
cancel,20675,,,1674836395
cancel,24999,,,1674836395
newOrder,19797,0,31909,1674836403
newOrder,20711,1,31909,1674836403
newOrder,11878,0,127636,1674836403
newOrder,24999,1,127636,1674836403
cancel,11878,,,1674836942
cancel,19797,,,1674836942
cancel,20711,,,1674836942
cancel,24999,,,1674836942
newOrder,19797,0,31924,1674836948
newOrder,20711,1,31924,1674836948
newOrder,11878,0,127696,1674836948
newOrder,24999,1,127696,1674836948
cancel,11878,,,1674837487
cancel,19797,,,1674837487
cancel,20711,,,1674837487
cancel,24999,,,1674837487
newOrder,19797,0,31615,1674837493
newOrder,20786,1,31615,1674837493
newOrder,11878,0,126459,1674837493
newOrder,24999,1,126459,1674837493
cancel,11878,,,1674838038
cancel,19797,,,1674838038
cancel,20786,,,1674838038
cancel,24999,,,1674838038
newOrder,19797,0,31630,1674838046
newOrder,20786,1,31630,1674838046
newOrder,11878,0,126518,1674838046
newOrder,24999,1,126518,1674838046
cancel,11878,,,1674838589
cancel,19797,,,1674838589
cancel,20786,,,1674838589
cancel,24999,,,1674838589
newOrder,19797,0,31412,1674838598
newOrder,20836,1,31412,1674838598
newOrder,11878,0,125648,1674838598
newOrder,24999,1,125648,1674838598
cancel,11878,,,1674839140
cancel,19797,,,1674839140
cancel,20836,,,1674839140
cancel,24999,,,1674839140
newOrder,19797,0,31427,1674839146
newOrder,20836,1,31427,1674839146
newOrder,11878,0,125706,1674839146
newOrder,24999,1,125706,1674839146
cancel,11878,,,1674839692
cancel,19797,,,1674839692
cancel,20836,,,1674839692
cancel,24999,,,1674839692
newOrder,19797,0,31434,1674839698
newOrder,20837,1,31434,1674839698
newOrder,11878,0,125736,1674839698
newOrder,24999,1,125736,1674839698
cancel,11878,,,1674840241
cancel,19797,,,1674840241
cancel,20837,,,1674840241
cancel,24999,,,1674840241
newOrder,19797,0,31449,1674840248
newOrder,20837,1,31449,1674840248
newOrder,11878,0,125794,1674840248
newOrder,24999,1,125794,1674840248
cancel,11878,,,1674840791
cancel,19797,,,1674840791
cancel,20837,,,1674840791
cancel,24999,,,1674840791
newOrder,19797,0,31463,1674840798
newOrder,20837,1,31463,1674840798
newOrder,11878,0,125853,1674840798
newOrder,24999,1,125853,1674840798
cancel,11878,,,1674841346
cancel,19797,,,1674841346
cancel,20837,,,1674841346
cancel,24999,,,1674841346
newOrder,19797,0,31478,1674841352
newOrder,20837,1,31478,1674841352
newOrder,11878,0,125912,1674841352
newOrder,24999,1,125912,1674841352
cancel,11878,,,1674841893
cancel,19797,,,1674841893
cancel,20837,,,1674841893
cancel,24999,,,1674841893
newOrder,19797,0,31503,1674841940
newOrder,20835,1,31503,1674841940
newOrder,11878,0,126012,1674841940
newOrder,24999,1,126012,1674841940
cancel,11878,,,1674842443
cancel,19797,,,1674842443
cancel,20835,,,1674842443
cancel,24999,,,1674842443
newOrder,19797,0,31517,1674842450
newOrder,20835,1,31517,1674842450
newOrder,11878,0,126067,1674842450
newOrder,24999,1,126067,1674842450
cancel,11878,,,1674842994
cancel,19797,,,1674842994
cancel,20835,,,1674842994
cancel,24999,,,1674842994
newOrder,19797,0,31531,1674843001
newOrder,20835,1,31531,1674843001
newOrder,11878,0,126126,1674843001
newOrder,24999,1,126126,1674843001
cancel,11878,,,1674843544
cancel,19797,,,1674843544
cancel,20835,,,1674843544
cancel,24999,,,1674843544
newOrder,19797,0,31546,1674843551
newOrder,20835,1,31546,1674843551
newOrder,11878,0,126185,1674843551
newOrder,24999,1,126185,1674843551
cancel,11878,,,1674844095
cancel,19797,,,1674844095
cancel,20835,,,1674844095
cancel,24999,,,1674844095
newOrder,19797,0,31561,1674844102
newOrder,20835,1,31561,1674844102
newOrder,11878,0,126244,1674844102
newOrder,24999,1,126244,1674844102
cancel,11878,,,1674844646
cancel,19797,,,1674844646
cancel,20835,,,1674844646
cancel,24999,,,1674844646
newOrder,19797,0,31576,1674844656
newOrder,20835,1,31576,1674844656
newOrder,11878,0,126304,1674844656
newOrder,24999,1,126304,1674844656
cancel,11878,,,1674845197
cancel,19797,,,1674845197
cancel,20835,,,1674845197
cancel,24999,,,1674845197
newOrder,19797,0,31591,1674845202
newOrder,20835,1,31591,1674845202
newOrder,11878,0,126363,1674845202
newOrder,24999,1,126363,1674845202
cancel,11878,,,1674845745
cancel,19797,,,1674845745
cancel,20835,,,1674845745
cancel,24999,,,1674845745
newOrder,19797,0,31606,1674845754
newOrder,20835,1,31606,1674845754
newOrder,11878,0,126423,1674845754
newOrder,24999,1,126423,1674845754
cancel,11878,,,1674846296
cancel,19797,,,1674846296
cancel,20835,,,1674846296
cancel,24999,,,1674846296
newOrder,19797,0,31621,1674846302
newOrder,20835,1,31621,1674846302
newOrder,11878,0,126482,1674846302
newOrder,24999,1,126482,1674846302
cancel,11878,,,1674846847
cancel,19797,,,1674846847
cancel,20835,,,1674846847
cancel,24999,,,1674846847
newOrder,19797,0,31636,1674846853
newOrder,20835,1,31636,1674846853
newOrder,11878,0,126542,1674846853
newOrder,24999,1,126542,1674846853
cancel,11878,,,1674847399
cancel,19797,,,1674847399
cancel,20835,,,1674847399
cancel,24999,,,1674847399
newOrder,19797,0,31651,1674847405
newOrder,20835,1,31651,1674847405
newOrder,11878,0,126602,1674847405
newOrder,24999,1,126602,1674847405
cancel,11878,,,1674847948
cancel,19797,,,1674847948
cancel,20835,,,1674847948
cancel,24999,,,1674847948
newOrder,19797,0,31666,1674847955
newOrder,20835,1,31666,1674847955
newOrder,11878,0,126662,1674847955
newOrder,24999,1,126662,1674847955
cancel,11878,,,1674848499
cancel,19797,,,1674848499
cancel,20835,,,1674848499
cancel,24999,,,1674848499
newOrder,19797,0,31681,1674848505
newOrder,20835,1,31681,1674848505
newOrder,11878,0,126723,1674848505
newOrder,24999,1,126723,1674848505
cancel,11878,,,1674849052
cancel,19797,,,1674849052
cancel,20835,,,1674849052
cancel,24999,,,1674849052
newOrder,19797,0,31696,1674849057
newOrder,20835,1,31696,1674849057
newOrder,11878,0,126783,1674849057
newOrder,24999,1,126783,1674849057
cancel,11878,,,1674849615
cancel,19797,,,1674849615
cancel,20835,,,1674849615
cancel,24999,,,1674849615
newOrder,19797,0,31711,1674849620
newOrder,20835,1,31711,1674849620
newOrder,11878,0,126845,1674849620
newOrder,24999,1,126845,1674849620
cancel,11878,,,1674850153
cancel,19797,,,1674850153
cancel,20835,,,1674850153
cancel,24999,,,1674850153
newOrder,19797,0,31726,1674850160
newOrder,20835,1,31726,1674850160
newOrder,11878,0,126904,1674850160
newOrder,24999,1,126904,1674850160
cancel,11878,,,1674850712
cancel,19797,,,1674850712
cancel,20835,,,1674850712
cancel,24999,,,1674850712
newOrder,19797,0,31741,1674850718
newOrder,20835,1,31741,1674850718
newOrder,11878,0,126965,1674850718
newOrder,24999,1,126965,1674850718
cancel,11878,,,1674851254
cancel,19797,,,1674851254
cancel,20835,,,1674851254
cancel,24999,,,1674851254
newOrder,19797,0,31756,1674851261
newOrder,20835,1,31756,1674851261
newOrder,11878,0,127025,1674851261
newOrder,24999,1,127025,1674851261
cancel,11878,,,1674851802
cancel,19797,,,1674851802
cancel,20835,,,1674851802
cancel,24999,,,1674851802
newOrder,19797,0,31771,1674851812
newOrder,20835,1,31771,1674851812
newOrder,11878,0,127086,1674851812
newOrder,24999,1,127086,1674851812
cancel,11878,,,1674852357
cancel,19797,,,1674852357
cancel,20835,,,1674852357
cancel,24999,,,1674852357
newOrder,19797,0,31787,1674852365
newOrder,20835,1,31787,1674852365
newOrder,11878,0,127147,1674852365
newOrder,24999,1,127147,1674852365
cancel,11878,,,1674852906
cancel,19797,,,1674852906
cancel,20835,,,1674852906
cancel,24999,,,1674852906
newOrder,19797,0,31802,1674852914
newOrder,20835,1,31802,1674852914
newOrder,11878,0,127208,1674852914
newOrder,24999,1,127208,1674852914
cancel,11878,,,1674853455
cancel,19797,,,1674853455
cancel,20835,,,1674853455
cancel,24999,,,1674853455
newOrder,19797,0,31817,1674853462
newOrder,20835,1,31817,1674853462
newOrder,11878,0,127269,1674853462
newOrder,24999,1,127269,1674853462
cancel,11878,,,1674854007
cancel,19797,,,1674854007
cancel,20835,,,1674854007
cancel,24999,,,1674854007
newOrder,19797,0,31833,1674854013
newOrder,20835,1,31833,1674854013
newOrder,11878,0,127330,1674854013
newOrder,24999,1,127330,1674854013
cancel,11878,,,1674854556
cancel,19797,,,1674854556
cancel,20835,,,1674854556
cancel,24999,,,1674854556
newOrder,19797,0,31848,1674854562
newOrder,20835,1,31848,1674854562
newOrder,11878,0,127391,1674854562
newOrder,24999,1,127391,1674854562
cancel,11878,,,1674855106
cancel,19797,,,1674855106
cancel,20835,,,1674855106
cancel,24999,,,1674855106
newOrder,19797,0,31863,1674855113
newOrder,20835,1,31863,1674855113
newOrder,11878,0,127453,1674855113
newOrder,24999,1,127453,1674855113
cancel,11878,,,1674855658
cancel,19797,,,1674855658
cancel,20835,,,1674855658
cancel,24999,,,1674855658
newOrder,19797,0,31684,1674855662
newOrder,20873,1,31684,1674855662
newOrder,11878,0,126737,1674855662
newOrder,24999,1,126737,1674855662
cancel,11878,,,1674856210
cancel,19797,,,1674856210
cancel,20873,,,1674856210
cancel,24999,,,1674856210
newOrder,19797,0,31700,1674856216
newOrder,20873,1,31700,1674856216
newOrder,11878,0,126798,1674856216
newOrder,24999,1,126798,1674856216
cancel,11878,,,1674856761
cancel,19797,,,1674856761
cancel,20873,,,1674856761
cancel,24999,,,1674856761
newOrder,19797,0,31715,1674856769
newOrder,20873,1,31715,1674856769
newOrder,11878,0,126859,1674856769
newOrder,24999,1,126859,1674856769
cancel,11878,,,1674857309
cancel,19797,,,1674857309
cancel,20873,,,1674857309
cancel,24999,,,1674857309
newOrder,19797,0,31730,1674857316
newOrder,20873,1,31730,1674857316
newOrder,11878,0,126919,1674857316
newOrder,24999,1,126919,1674857316
cancel,11878,,,1674857860
cancel,19797,,,1674857860
cancel,20873,,,1674857860
cancel,24999,,,1674857860
newOrder,19797,0,31745,1674857866
newOrder,20873,1,31745,1674857866
newOrder,11878,0,126980,1674857866
newOrder,24999,1,126980,1674857866
cancel,11878,,,1674858412
cancel,19797,,,1674858412
cancel,20873,,,1674858412
cancel,24999,,,1674858412
newOrder,19797,0,31760,1674858420
newOrder,20873,1,31760,1674858420
newOrder,11878,0,127041,1674858420
newOrder,24999,1,127041,1674858420
cancel,11878,,,1674858961
cancel,19797,,,1674858961
cancel,20873,,,1674858961
cancel,24999,,,1674858961
newOrder,19797,0,31776,1674858968
newOrder,20873,1,31776,1674858968
newOrder,11878,0,127102,1674858968
newOrder,24999,1,127102,1674858968
cancel,11878,,,1674859511
cancel,19797,,,1674859511
cancel,20873,,,1674859511
cancel,24999,,,1674859511
newOrder,19797,0,31791,1674859520
newOrder,20873,1,31791,1674859520
newOrder,11878,0,127163,1674859520
newOrder,24999,1,127163,1674859520
cancel,11878,,,1674860064
cancel,19797,,,1674860064
cancel,20873,,,1674860064
cancel,24999,,,1674860064
newOrder,19797,0,31806,1674860070
newOrder,20873,1,31806,1674860070
newOrder,11878,0,127225,1674860070
newOrder,24999,1,127225,1674860070
cancel,11878,,,1674860615
cancel,19797,,,1674860615
cancel,20873,,,1674860615
cancel,24999,,,1674860615
newOrder,19797,0,31822,1674860623
newOrder,20873,1,31822,1674860623
newOrder,11878,0,127286,1674860623
newOrder,24999,1,127286,1674860623
cancel,11878,,,1674861163
cancel,19797,,,1674861163
cancel,20873,,,1674861163
cancel,24999,,,1674861163
newOrder,19797,0,31837,1674861171
newOrder,20873,1,31837,1674861171
newOrder,11878,0,127347,1674861171
newOrder,24999,1,127347,1674861171
cancel,11878,,,1674861714
cancel,19797,,,1674861714
cancel,20873,,,1674861714
cancel,24999,,,1674861714
newOrder,19797,0,31987,1674861721
newOrder,20848,1,31987,1674861721
newOrder,11878,0,127946,1674861721
newOrder,24999,1,127946,1674861721
cancel,11878,,,1674862265
cancel,19797,,,1674862265
cancel,20848,,,1674862265
cancel,24999,,,1674862265
newOrder,19797,0,31868,1674862270
newOrder,20873,1,31868,1674862270
newOrder,11878,0,127471,1674862270
newOrder,24999,1,127471,1674862270
cancel,11878,,,1674862814
cancel,19797,,,1674862814
cancel,20873,,,1674862814
cancel,24999,,,1674862814
newOrder,19797,0,31883,1674862822
newOrder,20873,1,31883,1674862822
newOrder,11878,0,127533,1674862822
newOrder,24999,1,127533,1674862822
cancel,11878,,,1674863365
cancel,19797,,,1674863365
cancel,20873,,,1674863365
cancel,24999,,,1674863365
newOrder,19797,0,31899,1674863371
newOrder,20873,1,31899,1674863371
newOrder,11878,0,127595,1674863371
newOrder,24999,1,127595,1674863371
cancel,11878,,,1674863917
cancel,19797,,,1674863917
cancel,20873,,,1674863917
cancel,24999,,,1674863917
newOrder,19797,0,31914,1674863923
newOrder,20873,1,31914,1674863923
newOrder,11878,0,127657,1674863923
newOrder,24999,1,127657,1674863923
cancel,11878,,,1674864466
cancel,19797,,,1674864466
cancel,20873,,,1674864466
cancel,24999,,,1674864466
newOrder,19797,0,32065,1674864472
newOrder,20848,1,32065,1674864472
newOrder,11878,0,128260,1674864472
newOrder,24999,1,128260,1674864472
cancel,11878,,,1674865018
cancel,19797,,,1674865018
cancel,20848,,,1674865018
cancel,24999,,,1674865018
newOrder,19797,0,31945,1674865023
newOrder,20873,1,31945,1674865023
newOrder,11878,0,127781,1674865023
newOrder,24999,1,127781,1674865023
cancel,11878,,,1674865569
cancel,19797,,,1674865569
cancel,20873,,,1674865569
cancel,24999,,,1674865569
newOrder,19797,0,31961,1674865575
newOrder,20873,1,31961,1674865575
newOrder,11878,0,127844,1674865575
newOrder,24999,1,127844,1674865575
cancel,11878,,,1674866120
cancel,19797,,,1674866120
cancel,20873,,,1674866120
cancel,24999,,,1674866120
newOrder,19797,0,31977,1674866126
newOrder,20873,1,31977,1674866126
newOrder,11878,0,127906,1674866126
newOrder,24999,1,127906,1674866126
cancel,11878,,,1674866668
cancel,19797,,,1674866668
cancel,20873,,,1674866668
cancel,24999,,,1674866668
newOrder,19797,0,34201,1674866675
newOrder,20294,1,34201,1674866675
newOrder,11878,0,136806,1674866675
newOrder,24999,1,136806,1674866675
cancel,11878,,,1674867225
cancel,19797,,,1674867225
cancel,20294,,,1674867225
cancel,24999,,,1674867225
newOrder,19797,0,33884,1674867231
newOrder,20426,1,33884,1674867231
newOrder,11878,0,135538,1674867231
newOrder,24999,1,135538,1674867231
cancel,11878,,,1674867779
cancel,19797,,,1674867779
cancel,20426,,,1674867779
cancel,24999,,,1674867779
newOrder,19797,0,33100,1674867786
newOrder,20649,1,33100,1674867786
newOrder,11878,0,132401,1674867786
newOrder,24999,1,132401,1674867786
cancel,11878,,,1674868325
cancel,19797,,,1674868325
cancel,20649,,,1674868325
cancel,24999,,,1674868325
newOrder,19797,0,33118,1674868332
newOrder,20649,1,33118,1674868332
newOrder,11878,0,132471,1674868332
newOrder,24999,1,132471,1674868332
cancel,11878,,,1674868871
cancel,19797,,,1674868871
cancel,20649,,,1674868871
cancel,24999,,,1674868871
newOrder,19797,0,33135,1674868882
newOrder,20649,1,33135,1674868882
newOrder,11878,0,132540,1674868882
newOrder,24999,1,132540,1674868882
cancel,11878,,,1674869422
cancel,19797,,,1674869422
cancel,20649,,,1674869422
cancel,24999,,,1674869422
newOrder,19797,0,33152,1674869429
newOrder,20649,1,33152,1674869429
newOrder,11878,0,132609,1674869429
newOrder,24999,1,132609,1674869429
cancel,11878,,,1674869970
cancel,19797,,,1674869970
cancel,20649,,,1674869970
cancel,24999,,,1674869970
newOrder,19699,0,34612,1674869977
newOrder,20102,1,34612,1674869977
newOrder,11820,0,138448,1674869977
newOrder,24999,1,138448,1674869977
cancel,11820,,,1674870523
cancel,19699,,,1674870523
cancel,20102,,,1674870523
cancel,24999,,,1674870523
newOrder,19797,0,34400,1674870528
newOrder,20262,1,34400,1674870528
newOrder,11878,0,137599,1674870528
newOrder,24999,1,137599,1674870528
cancel,11878,,,1674871075
cancel,19797,,,1674871075
cancel,20262,,,1674871075
cancel,24999,,,1674871075
newOrder,19797,0,34419,1674871081
newOrder,20262,1,34419,1674871081
newOrder,11878,0,137675,1674871081
newOrder,24999,1,137675,1674871081
cancel,11878,,,1674871626
cancel,19797,,,1674871626
cancel,20262,,,1674871626
cancel,24999,,,1674871626
newOrder,19797,0,34438,1674871632
newOrder,20262,1,34438,1674871632
newOrder,11878,0,137752,1674871632
newOrder,24999,1,137752,1674871632
cancel,11878,,,1674872174
cancel,19797,,,1674872174
cancel,20262,,,1674872174
cancel,24999,,,1674872174
newOrder,19797,0,34457,1674872183
newOrder,20262,1,34457,1674872183
newOrder,11878,0,137829,1674872183
newOrder,24999,1,137829,1674872183
cancel,11878,,,1674872725
cancel,19797,,,1674872725
cancel,20262,,,1674872725
cancel,24999,,,1674872725
newOrder,19797,0,34476,1674872731
newOrder,20262,1,34476,1674872731
newOrder,11878,0,137905,1674872731
newOrder,24999,1,137905,1674872731
cancel,11878,,,1674873276
cancel,19797,,,1674873276
cancel,20262,,,1674873276
cancel,24999,,,1674873276
newOrder,19797,0,34496,1674873283
newOrder,20262,1,34496,1674873283
newOrder,11878,0,137983,1674873283
newOrder,24999,1,137983,1674873283
cancel,11878,,,1674873829
cancel,19797,,,1674873829
cancel,20262,,,1674873829
cancel,24999,,,1674873829
newOrder,19797,0,34515,1674873834
newOrder,20262,1,34515,1674873834
newOrder,11878,0,138060,1674873834
newOrder,24999,1,138060,1674873834
cancel,11878,,,1674874382
cancel,19797,,,1674874382
cancel,20262,,,1674874382
cancel,24999,,,1674874382
newOrder,19797,0,34455,1674874390
newOrder,20300,1,34455,1674874390
newOrder,11878,0,137822,1674874390
newOrder,24999,1,137822,1674874390
cancel,11878,,,1674874929
cancel,19797,,,1674874929
cancel,20300,,,1674874929
cancel,24999,,,1674874929
newOrder,19797,0,34475,1674874935
newOrder,20300,1,34475,1674874935
newOrder,11878,0,137898,1674874935
newOrder,24999,1,137898,1674874935
cancel,11878,,,1674875478
cancel,19797,,,1674875478
cancel,20300,,,1674875478
cancel,24999,,,1674875478
newOrder,19797,0,34151,1674875486
newOrder,20430,1,34151,1674875486
newOrder,11878,0,136605,1674875486
newOrder,24999,1,136605,1674875486
cancel,11878,,,1674876030
cancel,19797,,,1674876030
cancel,20430,,,1674876030
cancel,24999,,,1674876030
newOrder,19797,0,34170,1674876034
newOrder,20430,1,34170,1674876034
newOrder,11878,0,136681,1674876034
newOrder,24999,1,136681,1674876034
cancel,11878,,,1674876578
cancel,19797,,,1674876578
cancel,20430,,,1674876578
cancel,24999,,,1674876578
newOrder,19797,0,34189,1674876587
newOrder,20430,1,34189,1674876587
newOrder,11878,0,136758,1674876587
newOrder,24999,1,136758,1674876587
cancel,11878,,,1674877131
cancel,19797,,,1674877131
cancel,20430,,,1674877131
cancel,24999,,,1674877131
newOrder,19797,0,34208,1674877139
newOrder,20430,1,34208,1674877139
newOrder,11878,0,136834,1674877139
newOrder,24999,1,136834,1674877139
cancel,11878,,,1674877680
cancel,19797,,,1674877680
cancel,20430,,,1674877680
cancel,24999,,,1674877680
newOrder,19797,0,34228,1674877686
newOrder,20430,1,34228,1674877686
newOrder,11878,0,136910,1674877686
newOrder,24999,1,136910,1674877686
cancel,11878,,,1674878233
cancel,19797,,,1674878233
cancel,20430,,,1674878233
cancel,24999,,,1674878233
newOrder,19797,0,34247,1674878239
newOrder,20430,1,34247,1674878239
newOrder,11878,0,136987,1674878239
newOrder,24999,1,136987,1674878239
cancel,11878,,,1674878781
cancel,19797,,,1674878781
cancel,20430,,,1674878781
cancel,24999,,,1674878781
newOrder,19797,0,34266,1674878788
newOrder,20430,1,34266,1674878788
newOrder,11878,0,137064,1674878788
newOrder,24999,1,137064,1674878788
cancel,11878,,,1674879333
cancel,19797,,,1674879333
cancel,20430,,,1674879333
cancel,24999,,,1674879333
newOrder,19797,0,34285,1674879339
newOrder,20430,1,34285,1674879339
newOrder,11878,0,137141,1674879339
newOrder,24999,1,137141,1674879339
cancel,11878,,,1674879883
cancel,19797,,,1674879883
cancel,20430,,,1674879883
cancel,24999,,,1674879883
newOrder,19797,0,34305,1674879888
newOrder,20430,1,34305,1674879888
newOrder,11878,0,137218,1674879888
newOrder,24999,1,137218,1674879888
cancel,11878,,,1674880435
cancel,19797,,,1674880435
cancel,20430,,,1674880435
cancel,24999,,,1674880435
newOrder,19797,0,34324,1674880440
newOrder,20430,1,34324,1674880440
newOrder,11878,0,137295,1674880440
newOrder,24999,1,137295,1674880440
cancel,11878,,,1674880985
cancel,19797,,,1674880985
cancel,20430,,,1674880985
cancel,24999,,,1674880985
newOrder,19797,0,34343,1674880995
newOrder,20430,1,34343,1674880995
newOrder,11878,0,137373,1674880995
newOrder,24999,1,137373,1674880995
cancel,11878,,,1674881545
cancel,19797,,,1674881545
cancel,20430,,,1674881545
cancel,24999,,,1674881545
newOrder,19797,0,34327,1674881553
newOrder,20442,1,34327,1674881553
newOrder,11878,0,137306,1674881553
newOrder,24999,1,137306,1674881553
cancel,11878,,,1674882084
cancel,19797,,,1674882084
cancel,20442,,,1674882084
cancel,24999,,,1674882084
newOrder,19797,0,34346,1674882091
newOrder,20442,1,34346,1674882091
newOrder,11878,0,137382,1674882091
newOrder,24999,1,137382,1674882091
cancel,11878,,,1674882635
cancel,19797,,,1674882635
cancel,20442,,,1674882635
cancel,24999,,,1674882635
newOrder,19797,0,34365,1674882643
newOrder,20442,1,34365,1674882643
newOrder,11878,0,137460,1674882643
newOrder,24999,1,137460,1674882643
cancel,11878,,,1674883186
cancel,19797,,,1674883186
cancel,20442,,,1674883186
cancel,24999,,,1674883186
newOrder,19797,0,34384,1674883192
newOrder,20442,1,34384,1674883192
newOrder,11878,0,137538,1674883192
newOrder,24999,1,137538,1674883192
cancel,11878,,,1674883735
cancel,19797,,,1674883735
cancel,20442,,,1674883735
cancel,24999,,,1674883735
newOrder,19797,0,34404,1674883743
newOrder,20442,1,34404,1674883743
newOrder,11878,0,137616,1674883743
newOrder,24999,1,137616,1674883743
cancel,11878,,,1674884287
cancel,19797,,,1674884287
cancel,20442,,,1674884287
cancel,24999,,,1674884287
newOrder,19797,0,34424,1674884294
newOrder,20442,1,34424,1674884294
newOrder,11878,0,137694,1674884294
newOrder,24999,1,137694,1674884294
cancel,11878,,,1674884837
cancel,19797,,,1674884837
cancel,20442,,,1674884837
cancel,24999,,,1674884837
newOrder,19797,0,34443,1674884843
newOrder,20442,1,34443,1674884843
newOrder,11878,0,137773,1674884843
newOrder,24999,1,137773,1674884843
cancel,11878,,,1674885388
cancel,19797,,,1674885388
cancel,20442,,,1674885388
cancel,24999,,,1674885388
newOrder,19797,0,34463,1674885394
newOrder,20442,1,34463,1674885394
newOrder,11878,0,137851,1674885394
newOrder,24999,1,137851,1674885394
cancel,11878,,,1674885939
cancel,19797,,,1674885939
cancel,20442,,,1674885939
cancel,24999,,,1674885939
newOrder,19797,0,34483,1674885946
newOrder,20442,1,34483,1674885946
newOrder,11878,0,137930,1674885946
newOrder,24999,1,137930,1674885946
cancel,11878,,,1674886488
cancel,19797,,,1674886488
cancel,20442,,,1674886488
cancel,24999,,,1674886488
newOrder,19797,0,34277,1674886494
newOrder,20508,1,34277,1674886494
newOrder,11878,0,137107,1674886494
newOrder,24999,1,137107,1674886494
cancel,11878,,,1674887041
cancel,19797,,,1674887041
cancel,20508,,,1674887041
cancel,24999,,,1674887041
newOrder,19797,0,34296,1674887047
newOrder,20508,1,34296,1674887047
newOrder,11878,0,137185,1674887047
newOrder,24999,1,137185,1674887047
cancel,11878,,,1674887588
cancel,19797,,,1674887588
cancel,20508,,,1674887588
cancel,24999,,,1674887588
newOrder,19797,0,34213,1674887599
newOrder,20536,1,34213,1674887599
newOrder,11878,0,136852,1674887599
newOrder,24999,1,136852,1674887599
cancel,11878,,,1674888150
cancel,19797,,,1674888150
cancel,20536,,,1674888150
cancel,24999,,,1674888150
newOrder,19797,0,34233,1674888158
newOrder,20536,1,34233,1674888158
newOrder,11878,0,136931,1674888158
newOrder,24999,1,136931,1674888158
cancel,11878,,,1674889242
cancel,19797,,,1674889242
cancel,20536,,,1674889242
cancel,24999,,,1674889242
newOrder,19797,0,34374,1674889248
newOrder,20508,1,34374,1674889248
newOrder,11878,0,137498,1674889248
newOrder,24999,1,137498,1674889248
cancel,11878,,,1674889794
cancel,19797,,,1674889794
cancel,20508,,,1674889794
cancel,24999,,,1674889794
newOrder,19797,0,34394,1674889799
newOrder,20508,1,34394,1674889799
newOrder,11878,0,137577,1674889799
newOrder,24999,1,137577,1674889799
cancel,11878,,,1674890344
cancel,19797,,,1674890344
cancel,20508,,,1674890344
cancel,24999,,,1674890344
newOrder,19797,0,34416,1674890349
newOrder,20508,1,34416,1674890349
newOrder,11878,0,137663,1674890349
newOrder,24999,1,137663,1674890349
cancel,11878,,,1674890891
cancel,19797,,,1674890891
cancel,20508,,,1674890891
cancel,24999,,,1674890891
newOrder,19797,0,34330,1674890900
newOrder,20536,1,34330,1674890900
newOrder,11878,0,137320,1674890900
newOrder,24999,1,137320,1674890900
cancel,11878,,,1674891445
cancel,19797,,,1674891445
cancel,20536,,,1674891445
cancel,24999,,,1674891445
newOrder,19797,0,34453,1674891450
newOrder,20508,1,34453,1674891450
newOrder,11878,0,137814,1674891450
newOrder,24999,1,137814,1674891450
cancel,11878,,,1674891998
cancel,19797,,,1674891998
cancel,20508,,,1674891998
cancel,24999,,,1674891998
newOrder,19797,0,34473,1674892002
newOrder,20508,1,34473,1674892002
newOrder,11878,0,137894,1674892002
newOrder,24999,1,137894,1674892002
cancel,11878,,,1674892546
cancel,19797,,,1674892546
cancel,20508,,,1674892546
cancel,24999,,,1674892546
newOrder,19797,0,34565,1674892553
newOrder,20488,1,34565,1674892553
newOrder,11878,0,138261,1674892553
newOrder,24999,1,138261,1674892553
cancel,11878,,,1674893097
cancel,19797,,,1674893097
cancel,20488,,,1674893097
cancel,24999,,,1674893097
newOrder,19797,0,34585,1674893105
newOrder,20488,1,34585,1674893105
newOrder,11878,0,138341,1674893105
newOrder,24999,1,138341,1674893105
cancel,11878,,,1674893646
cancel,19797,,,1674893646
cancel,20488,,,1674893646
cancel,24999,,,1674893646
newOrder,19797,0,34605,1674893652
newOrder,20488,1,34605,1674893652
newOrder,11878,0,138421,1674893652
newOrder,24999,1,138421,1674893652
cancel,11878,,,1674894197
cancel,19797,,,1674894197
cancel,20488,,,1674894197
cancel,24999,,,1674894197
newOrder,19797,0,34625,1674894204
newOrder,20488,1,34625,1674894204
newOrder,11878,0,138501,1674894204
newOrder,24999,1,138501,1674894204
cancel,11878,,,1674894759
cancel,19797,,,1674894759
cancel,20488,,,1674894759
cancel,24999,,,1674894759
newOrder,19797,0,34536,1674894765
newOrder,20519,1,34536,1674894765
newOrder,11878,0,138142,1674894765
newOrder,24999,1,138142,1674894765
cancel,11878,,,1674895299
cancel,19797,,,1674895299
cancel,20519,,,1674895299
cancel,24999,,,1674895299
newOrder,19797,0,34642,1674895305
newOrder,20495,1,34642,1674895305
newOrder,11878,0,138569,1674895305
newOrder,24999,1,138569,1674895305
cancel,11878,,,1674895851
cancel,19797,,,1674895851
cancel,20495,,,1674895851
cancel,24999,,,1674895851
newOrder,19797,0,34575,1674895858
newOrder,20519,1,34575,1674895858
newOrder,11878,0,138302,1674895858
newOrder,24999,1,138302,1674895858
cancel,11878,,,1674896398
cancel,19797,,,1674896398
cancel,20519,,,1674896398
cancel,24999,,,1674896398
newOrder,19797,0,34683,1674896405
newOrder,20495,1,34683,1674896405
newOrder,11878,0,138731,1674896405
newOrder,24999,1,138731,1674896405
cancel,11878,,,1674896949
cancel,19797,,,1674896949
cancel,20495,,,1674896949
cancel,24999,,,1674896949
newOrder,19797,0,34703,1674896956
newOrder,20495,1,34703,1674896956
newOrder,11878,0,138812,1674896956
newOrder,24999,1,138812,1674896956
cancel,11878,,,1674897502
cancel,19797,,,1674897502
cancel,20495,,,1674897502
cancel,24999,,,1674897502
newOrder,19797,0,34723,1674897507
newOrder,20495,1,34723,1674897507
newOrder,11878,0,138892,1674897507
newOrder,24999,1,138892,1674897507
cancel,11878,,,1674898050
cancel,19797,,,1674898050
cancel,20495,,,1674898050
cancel,24999,,,1674898050
newOrder,19797,0,34746,1674898057
newOrder,20495,1,34746,1674898057
newOrder,11878,0,138982,1674898057
newOrder,24999,1,138982,1674898057
cancel,11878,,,1674898603
cancel,19797,,,1674898603
cancel,20495,,,1674898603
cancel,24999,,,1674898603
newOrder,19797,0,34671,1674898612
newOrder,20520,1,34671,1674898612
newOrder,11878,0,138685,1674898612
newOrder,24999,1,138685,1674898612
cancel,11878,,,1674899153
cancel,19797,,,1674899153
cancel,20520,,,1674899153
cancel,24999,,,1674899153
newOrder,19797,0,34788,1674899158
newOrder,20494,1,34788,1674899158
newOrder,11878,0,139154,1674899158
newOrder,24999,1,139154,1674899158
cancel,11878,,,1674899703
cancel,19797,,,1674899703
cancel,20494,,,1674899703
cancel,24999,,,1674899703
newOrder,19797,0,34805,1674899710
newOrder,20495,1,34805,1674899710
newOrder,11878,0,139221,1674899710
newOrder,24999,1,139221,1674899710
cancel,11878,,,1674900255
cancel,19797,,,1674900255
cancel,20495,,,1674900255
cancel,24999,,,1674900255
newOrder,19797,0,34826,1674900260
newOrder,20495,1,34826,1674900260
newOrder,11878,0,139303,1674900260
newOrder,24999,1,139303,1674900260
cancel,11878,,,1674900804
cancel,19797,,,1674900804
cancel,20495,,,1674900804
cancel,24999,,,1674900804
newOrder,19797,0,34846,1674900809
newOrder,20495,1,34846,1674900809
newOrder,11878,0,139386,1674900809
newOrder,24999,1,139386,1674900809
cancel,11878,,,1674901364
cancel,19797,,,1674901364
cancel,20495,,,1674901364
cancel,24999,,,1674901364
newOrder,19797,0,34867,1674901374
newOrder,20495,1,34867,1674901374
newOrder,11878,0,139470,1674901374
newOrder,24999,1,139470,1674901374
cancel,11878,,,1674901904
cancel,19797,,,1674901904
cancel,20495,,,1674901904
cancel,24999,,,1674901904
newOrder,19797,0,34794,1674901911
newOrder,20520,1,34794,1674901911
newOrder,11878,0,139176,1674901911
newOrder,24999,1,139176,1674901911
cancel,11878,,,1674902455
cancel,19797,,,1674902455
cancel,20520,,,1674902455
cancel,24999,,,1674902455
newOrder,19797,0,34909,1674902461
newOrder,20495,1,34909,1674902461
newOrder,11878,0,139634,1674902461
newOrder,24999,1,139634,1674902461
cancel,11878,,,1674903006
cancel,19797,,,1674903006
cancel,20495,,,1674903006
cancel,24999,,,1674903006
newOrder,19797,0,34935,1674903013
newOrder,20493,1,34935,1674903013
newOrder,11878,0,139741,1674903013
newOrder,24999,1,139741,1674903013
cancel,11878,,,1674903558
cancel,19797,,,1674903558
cancel,20493,,,1674903558
cancel,24999,,,1674903558
newOrder,19797,0,34950,1674903563
newOrder,20495,1,34950,1674903563
newOrder,11878,0,139798,1674903563
newOrder,24999,1,139798,1674903563
cancel,11878,,,1674904108
cancel,19797,,,1674904108
cancel,20495,,,1674904108
cancel,24999,,,1674904108
newOrder,19797,0,34971,1674904114
newOrder,20495,1,34971,1674904114
newOrder,11878,0,139885,1674904114
newOrder,24999,1,139885,1674904114
cancel,11878,,,1674904658
cancel,19797,,,1674904658
cancel,20495,,,1674904658
cancel,24999,,,1674904658
newOrder,19797,0,34992,1674904665
newOrder,20495,1,34992,1674904665
newOrder,11878,0,139969,1674904665
newOrder,24999,1,139969,1674904665
cancel,11878,,,1674905209
cancel,19797,,,1674905209
cancel,20495,,,1674905209
cancel,24999,,,1674905209
newOrder,19797,0,34924,1674905216
newOrder,20519,1,34924,1674905216
newOrder,11878,0,139695,1674905216
newOrder,24999,1,139695,1674905216
cancel,11878,,,1674905760
cancel,19797,,,1674905760
cancel,20519,,,1674905760
cancel,24999,,,1674905760
newOrder,19797,0,35034,1674905766
newOrder,20495,1,35034,1674905766
newOrder,11878,0,140137,1674905766
newOrder,24999,1,140137,1674905766
cancel,11878,,,1674906311
cancel,19797,,,1674906311
cancel,20495,,,1674906311
cancel,24999,,,1674906311
newOrder,19797,0,35055,1674906317
newOrder,20495,1,35055,1674906317
newOrder,11878,0,140221,1674906317
newOrder,24999,1,140221,1674906317
cancel,11878,,,1674906860
cancel,19797,,,1674906860
cancel,20495,,,1674906860
cancel,24999,,,1674906860
newOrder,19797,0,35076,1674906866
newOrder,20495,1,35076,1674906866
newOrder,11878,0,140306,1674906866
newOrder,24999,1,140306,1674906866
cancel,11878,,,1674907411
cancel,19797,,,1674907411
cancel,20495,,,1674907411
cancel,24999,,,1674907411
newOrder,19797,0,34933,1674907418
newOrder,20538,1,34933,1674907418
newOrder,11878,0,139734,1674907418
newOrder,24999,1,139734,1674907418