instruction,price,side,qty,time
cancel,12001,,,1680610289
cancel,18934,,,1680610289
cancel,19654,,,1680610289
cancel,24999,,,1680610289
newOrder,18934,0,6013,1680610328
newOrder,19654,1,6013,1680610328
newOrder,13501,0,14471,1680610328
newOrder,24999,1,14471,1680610328
cancel,13501,,,1680610889
cancel,18934,,,1680610889
cancel,19654,,,1680610889
cancel,24999,,,1680610889
newOrder,18934,0,6013,1680610917
newOrder,19654,1,6013,1680610917
newOrder,11953,0,24360,1680610917
newOrder,24999,1,24360,1680610917
cancel,11953,,,1680611489
cancel,18934,,,1680611489
cancel,19654,,,1680611489
cancel,24999,,,1680611489
newOrder,18934,0,6014,1680611516
newOrder,19654,1,6014,1680611516
newOrder,12001,0,21107,1680611516
newOrder,24999,1,21107,1680611516
cancel,12001,,,1680612088
cancel,18934,,,1680612088
cancel,19654,,,1680612088
cancel,24999,,,1680612088
newOrder,18934,0,6015,1680612117
newOrder,19654,1,6015,1680612117
newOrder,22584,1,5823,1680612117
cancel,18934,,,1680612689
cancel,19654,,,1680612689
cancel,22584,,,1680612689
newOrder,18934,0,6015,1680612717
newOrder,19654,1,6015,1680612717
newOrder,13501,0,9424,1680612717
newOrder,24999,1,9424,1680612717
cancel,13501,,,1680613290
cancel,18934,,,1680613290
cancel,19654,,,1680613290
cancel,24999,,,1680613290
newOrder,18934,0,6016,1680613316
newOrder,19654,1,6016,1680613316
newOrder,24997,1,6196,1680613316
cancel,18934,,,1680613888
cancel,19654,,,1680613888
cancel,24997,,,1680613888
newOrder,18934,0,6016,1680613920
newOrder,19654,1,6016,1680613920
newOrder,11360,0,30213,1680613920
newOrder,24999,1,30213,1680613920
cancel,11360,,,1680614489
cancel,18934,,,1680614489
cancel,19654,,,1680614489
cancel,24999,,,1680614489
newOrder,18934,0,6017,1680614516
newOrder,19654,1,6017,1680614516
newOrder,11360,0,28917,1680614516
newOrder,24999,1,28917,1680614516
cancel,11360,,,1680615090
cancel,18934,,,1680615090
cancel,19654,,,1680615090
cancel,24999,,,1680615090
newOrder,18934,0,6017,1680615117
newOrder,19654,1,6017,1680615117
newOrder,11893,0,28293,1680615117
newOrder,24999,1,28293,1680615117
cancel,11893,,,1680615690
cancel,18934,,,1680615690
cancel,19654,,,1680615690
cancel,24999,,,1680615690
newOrder,18934,0,6018,1680615720
newOrder,19654,1,6018,1680615720
newOrder,13501,0,9230,1680615720
newOrder,24999,1,9230,1680615720
cancel,13501,,,1680616288
cancel,18934,,,1680616288
cancel,19654,,,1680616288
cancel,24999,,,1680616288
newOrder,18934,0,6019,1680616326
newOrder,19654,1,6019,1680616326
newOrder,13501,0,9878,1680616326
newOrder,24999,1,9878,1680616326
cancel,13501,,,1680616889
cancel,18934,,,1680616889
cancel,19654,,,1680616889
cancel,24999,,,1680616889
newOrder,18934,0,6019,1680616915
newOrder,19654,1,6019,1680616915
newOrder,12001,0,21201,1680616915
newOrder,24999,1,21201,1680616915
cancel,12001,,,1680617490
cancel,18934,,,1680617490
cancel,19654,,,1680617490
cancel,24999,,,1680617490
newOrder,18934,0,6020,1680617518
newOrder,19654,1,6020,1680617518
newOrder,18001,0,7472,1680617518
newOrder,24999,1,7472,1680617518
cancel,18001,,,1680618089
cancel,18934,,,1680618089
cancel,19654,,,1680618089
cancel,24999,,,1680618089
newOrder,18934,0,6020,1680618116
newOrder,19654,1,6020,1680618116
newOrder,12001,0,23484,1680618116
newOrder,24999,1,23484,1680618116
cancel,12001,,,1680618689
cancel,18934,,,1680618689
cancel,19654,,,1680618689
cancel,24999,,,1680618689
newOrder,18934,0,6021,1680618717
newOrder,19654,1,6021,1680618717
newOrder,13501,0,8235,1680618717
newOrder,24999,1,8235,1680618717
cancel,13501,,,1680619290
cancel,18934,,,1680619290
cancel,19654,,,1680619290
cancel,24999,,,1680619290
newOrder,18934,0,6021,1680619316
newOrder,19654,1,6021,1680619316
newOrder,13501,0,9238,1680619316
newOrder,24999,1,9238,1680619316
cancel,13501,,,1680619888
cancel,18934,,,1680619888
cancel,19654,,,1680619888
cancel,24999,,,1680619888
newOrder,18934,0,6022,1680619915
newOrder,19654,1,6022,1680619915
newOrder,22584,1,4265,1680619915
cancel,18934,,,1680620489
cancel,19654,,,1680620489
cancel,22584,,,1680620489
newOrder,18934,0,6033,1680620516
newOrder,19634,1,6033,1680620516
newOrder,13501,0,15075,1680620516
newOrder,24999,1,15075,1680620516
cancel,13501,,,1680621090
cancel,18934,,,1680621090
cancel,19634,,,1680621090
cancel,24999,,,1680621090
newOrder,18934,0,6044,1680621117
newOrder,19616,1,6044,1680621117
newOrder,13501,0,8713,1680621117
newOrder,24999,1,8713,1680621117
cancel,13501,,,1680621689
cancel,18934,,,1680621689
cancel,19616,,,1680621689
cancel,24999,,,1680621689
newOrder,18934,0,6035,1680621716
newOrder,19634,1,6035,1680621716
newOrder,13501,0,11052,1680621716
newOrder,24999,1,11052,1680621716
cancel,13501,,,1680622289
cancel,18934,,,1680622289
cancel,19634,,,1680622289
cancel,24999,,,1680622289
newOrder,18934,0,6035,1680622317
newOrder,19634,1,6035,1680622317
newOrder,12001,0,23762,1680622317
newOrder,24999,1,23762,1680622317
cancel,12001,,,1680622889
cancel,18934,,,1680622889
cancel,19634,,,1680622889
cancel,24999,,,1680622889
newOrder,18934,0,6035,1680622916
newOrder,19634,1,6035,1680622916
newOrder,13501,0,10389,1680622916
newOrder,24999,1,10389,1680622916
cancel,13501,,,1680623488
cancel,18934,,,1680623488
cancel,19634,,,1680623488
cancel,24999,,,1680623488
newOrder,18934,0,6036,1680623516
newOrder,19634,1,6036,1680623516
newOrder,12001,0,19881,1680623516
newOrder,24999,1,19881,1680623516
cancel,12001,,,1680624090
cancel,18934,,,1680624090
cancel,19634,,,1680624090
cancel,24999,,,1680624090
newOrder,18934,0,6036,1680624117
newOrder,19635,1,6036,1680624117
newOrder,11953,0,25671,1680624117
newOrder,24999,1,25671,1680624117
cancel,11953,,,1680624689
cancel,18934,,,1680624689
cancel,19635,,,1680624689
cancel,24999,,,1680624689
newOrder,18934,0,6037,1680624718
newOrder,19635,1,6037,1680624718
newOrder,13501,0,9984,1680624718
newOrder,24999,1,9984,1680624718
cancel,13501,,,1680625289
cancel,18934,,,1680625289
cancel,19635,,,1680625289
cancel,24999,,,1680625289
newOrder,18934,0,6037,1680625317
newOrder,19635,1,6037,1680625317
newOrder,13501,0,9477,1680625317
newOrder,24999,1,9477,1680625317
cancel,13501,,,1680625889
cancel,18934,,,1680625889
cancel,19635,,,1680625889
cancel,24999,,,1680625889
newOrder,18934,0,6038,1680625915
newOrder,19635,1,6038,1680625915
newOrder,11952,0,26623,1680625915
newOrder,24999,1,26623,1680625915
cancel,11952,,,1680626489
cancel,18934,,,1680626489
cancel,19635,,,1680626489
cancel,24999,,,1680626489
newOrder,18934,0,6039,1680626516
newOrder,19635,1,6039,1680626516
newOrder,13501,0,10547,1680626516
newOrder,24999,1,10547,1680626516
cancel,13501,,,1680627089
cancel,18934,,,1680627089
cancel,19635,,,1680627089
cancel,24999,,,1680627089
newOrder,18934,0,6039,1680627117
newOrder,19635,1,6039,1680627117
newOrder,12001,0,21937,1680627117
newOrder,24999,1,21937,1680627117
cancel,12001,,,1680627689
cancel,18934,,,1680627689
cancel,19635,,,1680627689
cancel,24999,,,1680627689
newOrder,18934,0,6040,1680627716
newOrder,19635,1,6040,1680627716
newOrder,11360,0,28553,1680627716
newOrder,24999,1,28553,1680627716
cancel,11360,,,1680628289
cancel,18934,,,1680628289
cancel,19635,,,1680628289
cancel,24999,,,1680628289
newOrder,18934,0,6040,1680628329
newOrder,19635,1,6040,1680628329
newOrder,11360,0,28960,1680628329
newOrder,24999,1,28960,1680628329
cancel,11360,,,1680628889
cancel,18934,,,1680628889
cancel,19635,,,1680628889
cancel,24999,,,1680628889
newOrder,18934,0,6041,1680628918
newOrder,19635,1,6041,1680628918
newOrder,24997,1,6132,1680628918
cancel,18934,,,1680629489
cancel,19635,,,1680629489
cancel,24997,,,1680629489
newOrder,18934,0,6041,1680629517
newOrder,19635,1,6041,1680629517
newOrder,13501,0,9719,1680629517
newOrder,24999,1,9719,1680629517
cancel,13501,,,1680630089
cancel,18934,,,1680630089
cancel,19635,,,1680630089
cancel,24999,,,1680630089
newOrder,18934,0,6042,1680630116
newOrder,19635,1,6042,1680630116
newOrder,12001,0,22090,1680630116
newOrder,24999,1,22090,1680630116
cancel,12001,,,1680630689
cancel,18934,,,1680630689
cancel,19635,,,1680630689
cancel,24999,,,1680630689
newOrder,18934,0,6043,1680630716
newOrder,19635,1,6043,1680630716
newOrder,11952,0,25927,1680630716
newOrder,24999,1,25927,1680630716
cancel,11952,,,1680631289
cancel,18934,,,1680631289
cancel,19635,,,1680631289
cancel,24999,,,1680631289
newOrder,18934,0,6043,1680631317
newOrder,19635,1,6043,1680631317
newOrder,12001,0,21712,1680631317
newOrder,24999,1,21712,1680631317
cancel,12001,,,1680631889
cancel,18934,,,1680631889
cancel,19635,,,1680631889
cancel,24999,,,1680631889
newOrder,18934,0,6044,1680631915
newOrder,19635,1,6044,1680631915
newOrder,13501,0,16080,1680631915
newOrder,24999,1,16080,1680631915
cancel,13501,,,1680632490
cancel,18934,,,1680632490
cancel,19635,,,1680632490
cancel,24999,,,1680632490
newOrder,18934,0,6044,1680632517
newOrder,19635,1,6044,1680632517
newOrder,18001,0,7226,1680632517
newOrder,24999,1,7226,1680632517
cancel,18001,,,1680633089
cancel,18934,,,1680633089
cancel,19635,,,1680633089
cancel,24999,,,1680633089
newOrder,18934,0,5979,1680633115
newOrder,19752,1,5979,1680633115
newOrder,18001,0,5180,1680633115
newOrder,22584,1,5180,1680633115
cancel,18001,,,1680633689
cancel,18934,,,1680633689
cancel,19752,,,1680633689
cancel,22584,,,1680633689
newOrder,18934,0,5979,1680633718
newOrder,19753,1,5979,1680633718
newOrder,11360,0,30226,1680633718
newOrder,24999,1,30226,1680633718
cancel,11360,,,1680634293
cancel,18934,,,1680634293
cancel,19753,,,1680634293
cancel,24999,,,1680634293
newOrder,18934,0,5979,1680634323
newOrder,19753,1,5979,1680634323
newOrder,13501,0,7657,1680634323
newOrder,24999,1,7657,1680634323
cancel,13501,,,1680634889
cancel,18934,,,1680634889
cancel,19753,,,1680634889
cancel,24999,,,1680634889
newOrder,18934,0,5986,1680634916
newOrder,19742,1,5986,1680634916
newOrder,13003,0,18430,1680634916
newOrder,24999,1,18430,1680634916
cancel,13003,,,1680635489
cancel,18934,,,1680635489
cancel,19742,,,1680635489
cancel,24999,,,1680635489
newOrder,18934,0,5987,1680635517
newOrder,19742,1,5987,1680635517
newOrder,13501,0,16162,1680635517
newOrder,24999,1,16162,1680635517
cancel,13501,,,1680636089
cancel,18934,,,1680636089
cancel,19742,,,1680636089
cancel,24999,,,1680636089
newOrder,18934,0,5987,1680636116
newOrder,19741,1,5987,1680636116
newOrder,11360,0,32127,1680636116
newOrder,24999,1,32127,1680636116
cancel,11360,,,1680636689
cancel,18934,,,1680636689
cancel,19741,,,1680636689
cancel,24999,,,1680636689
newOrder,18934,0,5987,1680636717
newOrder,19742,1,5987,1680636717
newOrder,13501,0,9832,1680636717
newOrder,24999,1,9832,1680636717
cancel,13501,,,1680637289
cancel,18934,,,1680637289
cancel,19742,,,1680637289
cancel,24999,,,1680637289
newOrder,18934,0,5988,1680637323
newOrder,19742,1,5988,1680637323
newOrder,12001,0,22933,1680637323
newOrder,24999,1,22933,1680637323
cancel,12001,,,1680637889
cancel,18934,,,1680637889
cancel,19742,,,1680637889
cancel,24999,,,1680637889
newOrder,18934,0,5989,1680637917
newOrder,19741,1,5989,1680637917
newOrder,13501,0,16088,1680637917
newOrder,24999,1,16088,1680637917
cancel,13501,,,1680638489
cancel,18934,,,1680638489
cancel,19741,,,1680638489
cancel,24999,,,1680638489
newOrder,18934,0,5989,1680638516
newOrder,19743,1,5989,1680638516
newOrder,12001,0,23354,1680638516
newOrder,24999,1,23354,1680638516
cancel,12001,,,1680639089
cancel,18934,,,1680639089
cancel,19743,,,1680639089
cancel,24999,,,1680639089
newOrder,18934,0,5990,1680639115
newOrder,19741,1,5990,1680639115
newOrder,18001,0,4794,1680639115
newOrder,22584,1,4794,1680639115
cancel,18001,,,1680639689
cancel,18934,,,1680639689
cancel,19741,,,1680639689
cancel,22584,,,1680639689
newOrder,18934,0,5991,1680639717
newOrder,19741,1,5991,1680639717
newOrder,12001,0,19800,1680639717
newOrder,24999,1,19800,1680639717
cancel,12001,,,1680640289
cancel,18934,,,1680640289
cancel,19741,,,1680640289
cancel,24999,,,1680640289
newOrder,18934,0,5991,1680640317
newOrder,19741,1,5991,1680640317
newOrder,11360,0,31787,1680640317
newOrder,24999,1,31787,1680640317
cancel,11360,,,1680640889
cancel,18934,,,1680640889
cancel,19741,,,1680640889
cancel,24999,,,1680640889
newOrder,18934,0,5991,1680640917
newOrder,19742,1,5991,1680640917
newOrder,11952,0,27847,1680640917
newOrder,24999,1,27847,1680640917
cancel,11952,,,1680641488
cancel,18934,,,1680641488
cancel,19742,,,1680641488
cancel,24999,,,1680641488
newOrder,18934,0,5991,1680641516
newOrder,19744,1,5991,1680641516
newOrder,11953,0,24587,1680641516
newOrder,24999,1,24587,1680641516
cancel,11953,,,1680642089
cancel,18934,,,1680642089
cancel,19744,,,1680642089
cancel,24999,,,1680642089
newOrder,18934,0,5992,1680642116
newOrder,19743,1,5992,1680642116
newOrder,11952,0,27216,1680642116
newOrder,24999,1,27216,1680642116
cancel,11952,,,1680642689
cancel,18934,,,1680642689
cancel,19743,,,1680642689
cancel,24999,,,1680642689
newOrder,18934,0,5992,1680642717
newOrder,19744,1,5992,1680642717
newOrder,13501,0,10793,1680642717
newOrder,24999,1,10793,1680642717
cancel,13501,,,1680643289
cancel,18934,,,1680643289
cancel,19744,,,1680643289
cancel,24999,,,1680643289
newOrder,18934,0,5993,1680643316
newOrder,19743,1,5993,1680643316
newOrder,11360,0,31580,1680643316
newOrder,24999,1,31580,1680643316
cancel,11360,,,1680643889
cancel,18934,,,1680643889
cancel,19743,,,1680643889
cancel,24999,,,1680643889
newOrder,18934,0,5994,1680643916
newOrder,19742,1,5994,1680643916
newOrder,13501,0,7884,1680643916
newOrder,24999,1,7884,1680643916
cancel,13501,,,1680644489
cancel,18934,,,1680644489
cancel,19742,,,1680644489
cancel,24999,,,1680644489
newOrder,18934,0,5993,1680644515
newOrder,19745,1,5993,1680644515
newOrder,11952,0,25864,1680644515
newOrder,24999,1,25864,1680644515
cancel,11952,,,1680645089
cancel,18934,,,1680645089
cancel,19745,,,1680645089
cancel,24999,,,1680645089
newOrder,18934,0,5994,1680645115
newOrder,19745,1,5994,1680645115
newOrder,11360,0,32127,1680645115
newOrder,24999,1,32127,1680645115
cancel,11360,,,1680645688
cancel,18934,,,1680645688
cancel,19745,,,1680645688
cancel,24999,,,1680645688
newOrder,18934,0,5995,1680645727
newOrder,19744,1,5995,1680645727
newOrder,13501,0,9344,1680645727
newOrder,24999,1,9344,1680645727
cancel,13501,,,1680646289
cancel,18934,,,1680646289
cancel,19744,,,1680646289
cancel,24999,,,1680646289
newOrder,18934,0,5996,1680646316
newOrder,19743,1,5996,1680646316
newOrder,18001,0,3929,1680646316
newOrder,19743,1,84,1680646316
cancel,18001,,,1680646888
cancel,18934,,,1680646888
cancel,19743,,,1680646888
cancel,19743,,,1680646888
newOrder,18934,0,5997,1680646915
newOrder,19742,1,5997,1680646915
newOrder,18001,0,3614,1680646915
newOrder,19743,1,135,1680646915
cancel,18001,,,1680647489
cancel,18934,,,1680647489
cancel,19742,,,1680647489
cancel,19743,,,1680647489
newOrder,18934,0,5998,1680647517
newOrder,19742,1,5998,1680647517
newOrder,13501,0,11446,1680647517
newOrder,24999,1,11446,1680647517
cancel,13501,,,1680648088
cancel,18934,,,1680648088
cancel,19742,,,1680648088
cancel,24999,,,1680648088
newOrder,18934,0,5998,1680648117
newOrder,19743,1,5998,1680648117
newOrder,12001,0,23552,1680648117
newOrder,24999,1,23552,1680648117
cancel,12001,,,1680648689
cancel,18934,,,1680648689
cancel,19743,,,1680648689
cancel,24999,,,1680648689
newOrder,18934,0,5999,1680648716
newOrder,19742,1,5999,1680648716
newOrder,11952,0,27332,1680648716
newOrder,24999,1,27332,1680648716
cancel,11952,,,1680649289
cancel,18934,,,1680649289
cancel,19742,,,1680649289
cancel,24999,,,1680649289
newOrder,18934,0,5999,1680649316
newOrder,19742,1,5999,1680649316
newOrder,13501,0,8724,1680649316
newOrder,24999,1,8724,1680649316
cancel,13501,,,1680649889
cancel,18934,,,1680649889
cancel,19742,,,1680649889
cancel,24999,,,1680649889
newOrder,18934,0,5999,1680649916
newOrder,19743,1,5999,1680649916
newOrder,11953,0,24960,1680649916
newOrder,24999,1,24960,1680649916
cancel,11953,,,1680650489
cancel,18934,,,1680650489
cancel,19743,,,1680650489
cancel,24999,,,1680650489
newOrder,18934,0,6053,1680650518
newOrder,19650,1,6053,1680650518
newOrder,12001,0,19162,1680650518
newOrder,24999,1,19162,1680650518
cancel,12001,,,1680651089
cancel,18934,,,1680651089
cancel,19650,,,1680651089
cancel,24999,,,1680651089
newOrder,18934,0,6053,1680651115
newOrder,19651,1,6053,1680651115
newOrder,13501,0,14407,1680651115
newOrder,24999,1,14407,1680651115
cancel,13501,,,1680651689
cancel,18934,,,1680651689
cancel,19651,,,1680651689
cancel,24999,,,1680651689
newOrder,18934,0,6053,1680651715
newOrder,19651,1,6053,1680651715
newOrder,13501,0,9779,1680651715
newOrder,24999,1,9779,1680651715
cancel,13501,,,1680652289
cancel,18934,,,1680652289
cancel,19651,,,1680652289
cancel,24999,,,1680652289
newOrder,18934,0,6054,1680652317
newOrder,19650,1,6054,1680652317
newOrder,11953,0,24110,1680652317
newOrder,24999,1,24110,1680652317
cancel,11953,,,1680652889
cancel,18934,,,1680652889
cancel,19650,,,1680652889
cancel,24999,,,1680652889
newOrder,18934,0,6055,1680652916
newOrder,19651,1,6055,1680652916
newOrder,11952,0,27551,1680652916
newOrder,24999,1,27551,1680652916
cancel,11952,,,1680653488
cancel,18934,,,1680653488
cancel,19651,,,1680653488
cancel,24999,,,1680653488
newOrder,18934,0,6055,1680653516
newOrder,19651,1,6055,1680653516
newOrder,18001,0,4286,1680653516
newOrder,22584,1,4286,1680653516
cancel,18001,,,1680654089
cancel,18934,,,1680654089
cancel,19651,,,1680654089
cancel,22584,,,1680654089
newOrder,18934,0,6056,1680654116
newOrder,19650,1,6056,1680654116
newOrder,13501,0,8991,1680654116
newOrder,24999,1,8991,1680654116
cancel,13501,,,1680654689
cancel,18934,,,1680654689
cancel,19650,,,1680654689
cancel,24999,,,1680654689
newOrder,18934,0,6056,1680654717
newOrder,19651,1,6056,1680654717
newOrder,18001,0,5773,1680654717
newOrder,22584,1,5773,1680654717
cancel,18001,,,1680655289
cancel,18934,,,1680655289
cancel,19651,,,1680655289
cancel,22584,,,1680655289
newOrder,18934,0,6057,1680655317
newOrder,19651,1,6057,1680655317
newOrder,13501,0,7894,1680655317
newOrder,24999,1,7894,1680655317
cancel,13501,,,1680655889
cancel,18934,,,1680655889
cancel,19651,,,1680655889
cancel,24999,,,1680655889
newOrder,18934,0,6059,1680655916
newOrder,19649,1,6059,1680655916
newOrder,11952,0,27115,1680655916
newOrder,24999,1,27115,1680655916
cancel,11952,,,1680656489
cancel,18934,,,1680656489
cancel,19649,,,1680656489
cancel,24999,,,1680656489
newOrder,18934,0,6059,1680656516
newOrder,19650,1,6059,1680656516
newOrder,11953,0,23954,1680656516
newOrder,24999,1,23954,1680656516
cancel,11953,,,1680657089
cancel,18934,,,1680657089
cancel,19650,,,1680657089
cancel,24999,,,1680657089
newOrder,18934,0,6059,1680657116
newOrder,19651,1,6059,1680657116
newOrder,12001,0,23305,1680657116
newOrder,24999,1,23305,1680657116
cancel,12001,,,1680657690
cancel,18934,,,1680657690
cancel,19651,,,1680657690
cancel,24999,,,1680657690
newOrder,18934,0,6059,1680657716
newOrder,19651,1,6059,1680657716
newOrder,18001,0,5602,1680657716
newOrder,22584,1,5602,1680657716
cancel,18001,,,1680658289
cancel,18934,,,1680658289
cancel,19651,,,1680658289
cancel,22584,,,1680658289
newOrder,18934,0,6060,1680658321
newOrder,19650,1,6060,1680658321
newOrder,18001,0,4358,1680658321
newOrder,22584,1,4358,1680658321
cancel,18001,,,1680658888
cancel,18934,,,1680658888
cancel,19650,,,1680658888
cancel,22584,,,1680658888
newOrder,18934,0,6061,1680658917
newOrder,19650,1,6061,1680658917
newOrder,13501,0,11816,1680658917
newOrder,24999,1,11816,1680658917
cancel,13501,,,1680659489
cancel,18934,,,1680659489
cancel,19650,,,1680659489
cancel,24999,,,1680659489
newOrder,18934,0,6061,1680659516
newOrder,19651,1,6061,1680659516
newOrder,11953,0,24530,1680659516
newOrder,24999,1,24530,1680659516
cancel,11953,,,1680660088
cancel,18934,,,1680660088
cancel,19651,,,1680660088
cancel,24999,,,1680660088
newOrder,18934,0,6062,1680660117
newOrder,19651,1,6062,1680660117
newOrder,12001,0,21054,1680660117
newOrder,24999,1,21054,1680660117
cancel,12001,,,1680660689
cancel,18934,,,1680660689
cancel,19651,,,1680660689
cancel,24999,,,1680660689
newOrder,18934,0,6062,1680660715
newOrder,19652,1,6062,1680660715
newOrder,12001,0,22479,1680660715
newOrder,24999,1,22479,1680660715
cancel,12001,,,1680661291
cancel,18934,,,1680661291
cancel,19652,,,1680661291
cancel,24999,,,1680661291
newOrder,18934,0,6063,1680661319
newOrder,19651,1,6063,1680661319
newOrder,13501,0,11515,1680661319
newOrder,24999,1,11515,1680661319
cancel,13501,,,1680661889
cancel,18934,,,1680661889
cancel,19651,,,1680661889
cancel,24999,,,1680661889
newOrder,18934,0,6062,1680661916
newOrder,19653,1,6062,1680661916
newOrder,13501,0,17538,1680661916
newOrder,24999,1,17538,1680661916
cancel,13501,,,1680662489
cancel,18934,,,1680662489
cancel,19653,,,1680662489
cancel,24999,,,1680662489
newOrder,18934,0,6063,1680662519
newOrder,19652,1,6063,1680662519
newOrder,18001,0,7372,1680662519
newOrder,24999,1,7372,1680662519
cancel,18001,,,1680663089
cancel,18934,,,1680663089
cancel,19652,,,1680663089
cancel,24999,,,1680663089
newOrder,18934,0,6064,1680663116
newOrder,19651,1,6064,1680663116
newOrder,18001,0,7616,1680663116
newOrder,24999,1,7616,1680663116
cancel,18001,,,1680663689
cancel,18934,,,1680663689
cancel,19651,,,1680663689
cancel,24999,,,1680663689
newOrder,18934,0,6065,1680663714
newOrder,19651,1,6065,1680663714
newOrder,13003,0,18428,1680663714
newOrder,24999,1,18428,1680663714
cancel,13003,,,1680664289
cancel,18934,,,1680664289
cancel,19651,,,1680664289
cancel,24999,,,1680664289
newOrder,18934,0,6066,1680664316
newOrder,19650,1,6066,1680664316
newOrder,11360,0,32669,1680664316
newOrder,24999,1,32669,1680664316
cancel,11360,,,1680664888
cancel,18934,,,1680664888
cancel,19650,,,1680664888
cancel,24999,,,1680664888
newOrder,18934,0,6067,1680664916
newOrder,19650,1,6067,1680664916
newOrder,11952,0,25680,1680664916
newOrder,24999,1,25680,1680664916
cancel,11952,,,1680665490
cancel,18934,,,1680665490
cancel,19650,,,1680665490
cancel,24999,,,1680665490
newOrder,18934,0,6068,1680665516
newOrder,19650,1,6068,1680665516
newOrder,12001,0,22804,1680665516
newOrder,24999,1,22804,1680665516
cancel,12001,,,1680666089
cancel,18934,,,1680666089
cancel,19650,,,1680666089
cancel,24999,,,1680666089
newOrder,18934,0,6068,1680666118
newOrder,19650,1,6068,1680666118
newOrder,18001,0,6088,1680666118
newOrder,22999,1,6088,1680666118
cancel,18001,,,1680666689
cancel,18934,,,1680666689
cancel,19650,,,1680666689
cancel,22999,,,1680666689
newOrder,18934,0,6068,1680666717
newOrder,19650,1,6068,1680666717
newOrder,11953,0,25325,1680666717
newOrder,24999,1,25325,1680666717
cancel,11953,,,1680667289
cancel,18934,,,1680667289
cancel,19650,,,1680667289
cancel,24999,,,1680667289
newOrder,18934,0,6070,1680667318
newOrder,19649,1,6070,1680667318
newOrder,18001,0,6805,1680667318
newOrder,24999,1,6805,1680667318
cancel,18001,,,1680667889
cancel,18934,,,1680667889
cancel,19649,,,1680667889
cancel,24999,,,1680667889
newOrder,18934,0,6073,1680667916
newOrder,19644,1,6073,1680667916
newOrder,13501,0,12309,1680667916
newOrder,24999,1,12309,1680667916
cancel,13501,,,1680668489
cancel,18934,,,1680668489
cancel,19644,,,1680668489
cancel,24999,,,1680668489
newOrder,18934,0,6071,1680668517
newOrder,19648,1,6071,1680668517
newOrder,11952,0,26423,1680668517
newOrder,24999,1,26423,1680668517
cancel,11952,,,1680669089
cancel,18934,,,1680669089
cancel,19648,,,1680669089
cancel,24999,,,1680669089
newOrder,18934,0,6316,1680669116
newOrder,19179,1,6316,1680669116
newOrder,18001,0,4929,1680669116
newOrder,22584,1,4929,1680669116
cancel,18001,,,1680669689
cancel,18934,,,1680669689
cancel,19179,,,1680669689
cancel,22584,,,1680669689
newOrder,18934,0,6317,1680669716
newOrder,19179,1,6317,1680669716
newOrder,13501,0,12770,1680669716
newOrder,24999,1,12770,1680669716
cancel,13501,,,1680670289
cancel,18934,,,1680670289
cancel,19179,,,1680670289
cancel,24999,,,1680670289
newOrder,18934,0,6317,1680670316
newOrder,19179,1,6317,1680670316
newOrder,11953,0,24270,1680670316
newOrder,24999,1,24270,1680670316
cancel,11953,,,1680670889
cancel,18934,,,1680670889
cancel,19179,,,1680670889
cancel,24999,,,1680670889
newOrder,18934,0,6318,1680670916
newOrder,19179,1,6318,1680670916
newOrder,13501,0,16722,1680670916
newOrder,24999,1,16722,1680670916
cancel,13501,,,1680671488
cancel,18934,,,1680671488
cancel,19179,,,1680671488
cancel,24999,,,1680671488
newOrder,18934,0,6319,1680671516
newOrder,19179,1,6319,1680671516
newOrder,13501,0,11102,1680671516
newOrder,24999,1,11102,1680671516
cancel,13501,,,1680672089
cancel,18934,,,1680672089
cancel,19179,,,1680672089
cancel,24999,,,1680672089
newOrder,18934,0,6319,1680672116
newOrder,19179,1,6319,1680672116
newOrder,13501,0,12911,1680672116
newOrder,24999,1,12911,1680672116
cancel,13501,,,1680672689
cancel,18934,,,1680672689
cancel,19179,,,1680672689
cancel,24999,,,1680672689
newOrder,18934,0,6320,1680672718
newOrder,19179,1,6320,1680672718
newOrder,11360,0,31011,1680672718
newOrder,24999,1,31011,1680672718
cancel,11360,,,1680673291
cancel,18934,,,1680673291
cancel,19179,,,1680673291
cancel,24999,,,1680673291
newOrder,18934,0,6321,1680673322
newOrder,19179,1,6321,1680673322
newOrder,12001,0,20966,1680673322
newOrder,24999,1,20966,1680673322
cancel,12001,,,1680673889
cancel,18934,,,1680673889
cancel,19179,,,1680673889
cancel,24999,,,1680673889
newOrder,18934,0,6321,1680673931
newOrder,19179,1,6321,1680673931
newOrder,11360,0,28808,1680673931
newOrder,24999,1,28808,1680673931
cancel,11360,,,1680674489
cancel,18934,,,1680674489
cancel,19179,,,1680674489
cancel,24999,,,1680674489
newOrder,18934,0,6322,1680674516
newOrder,19179,1,6322,1680674516
newOrder,13501,0,12951,1680674516
newOrder,24999,1,12951,1680674516
cancel,13501,,,1680675089
cancel,18934,,,1680675089
cancel,19179,,,1680675089
cancel,24999,,,1680675089
newOrder,18934,0,6323,1680675116
newOrder,19179,1,6323,1680675116
newOrder,11360,0,29545,1680675116
newOrder,24999,1,29545,1680675116
cancel,11360,,,1680675689
cancel,18934,,,1680675689
cancel,19179,,,1680675689
cancel,24999,,,1680675689
newOrder,18934,0,6323,1680675718
newOrder,19179,1,6323,1680675718
newOrder,12001,0,20942,1680675718
newOrder,24999,1,20942,1680675718
cancel,12001,,,1680676289
cancel,18934,,,1680676289
cancel,19179,,,1680676289
cancel,24999,,,1680676289
newOrder,18934,0,6322,1680676315
newOrder,19183,1,6322,1680676315
newOrder,11360,0,30083,1680676315
newOrder,24999,1,30083,1680676315
cancel,11360,,,1680676889
cancel,18934,,,1680676889
cancel,19183,,,1680676889
cancel,24999,,,1680676889
newOrder,18934,0,6323,1680676916
newOrder,19183,1,6323,1680676916
newOrder,11360,0,29071,1680676916
newOrder,24999,1,29071,1680676916
cancel,11360,,,1680677489
cancel,18934,,,1680677489
cancel,19183,,,1680677489
cancel,24999,,,1680677489
newOrder,18934,0,6324,1680677519
newOrder,19183,1,6324,1680677519
newOrder,13501,0,10585,1680677519
newOrder,24999,1,10585,1680677519
cancel,13501,,,1680678089
cancel,18934,,,1680678089
cancel,19183,,,1680678089
cancel,24999,,,1680678089
newOrder,18934,0,6324,1680678116
newOrder,19183,1,6324,1680678116
newOrder,13501,0,16972,1680678116
newOrder,24999,1,16972,1680678116
cancel,13501,,,1680678689
cancel,18934,,,1680678689
cancel,19183,,,1680678689
cancel,24999,,,1680678689
newOrder,18934,0,6325,1680678716
newOrder,19183,1,6325,1680678716
newOrder,11952,0,27839,1680678716
newOrder,24999,1,27839,1680678716
cancel,11952,,,1680679289
cancel,18934,,,1680679289
cancel,19183,,,1680679289
cancel,24999,,,1680679289
newOrder,18934,0,6325,1680679317
newOrder,19183,1,6325,1680679317
newOrder,18001,0,3927,1680679317
newOrder,22584,1,3927,1680679317
cancel,18001,,,1680679889
cancel,18934,,,1680679889
cancel,19183,,,1680679889
cancel,22584,,,1680679889
newOrder,18934,0,6326,1680679916
newOrder,19183,1,6326,1680679916
newOrder,11360,0,31763,1680679916
newOrder,24999,1,31763,1680679916
cancel,11360,,,1680680489
cancel,18934,,,1680680489
cancel,19183,,,1680680489
cancel,24999,,,1680680489
newOrder,18934,0,6327,1680680515
newOrder,19183,1,6327,1680680515
newOrder,18001,0,4618,1680680515
newOrder,22584,1,4618,1680680515
cancel,18001,,,1680681089
cancel,18934,,,1680681089
cancel,19183,,,1680681089
cancel,22584,,,1680681089
newOrder,18934,0,6327,1680681115
newOrder,19183,1,6327,1680681115
newOrder,12001,0,20963,1680681115
newOrder,24999,1,20963,1680681115
cancel,12001,,,1680681688
cancel,18934,,,1680681688
cancel,19183,,,1680681688
cancel,24999,,,1680681688
newOrder,18934,0,6328,1680681715
newOrder,19183,1,6328,1680681715
newOrder,13501,0,13486,1680681715
newOrder,24999,1,13486,1680681715
cancel,13501,,,1680682289
cancel,18934,,,1680682289
cancel,19183,,,1680682289
cancel,24999,,,1680682289
newOrder,18934,0,6329,1680682316
newOrder,19183,1,6329,1680682316
newOrder,11360,0,32218,1680682316
newOrder,24999,1,32218,1680682316
cancel,11360,,,1680682523
cancel,19183,,,1680682523
cancel,24999,,,1680682523
newOrder,18861,0,6411,1680682530
newOrder,19073,1,6411,1680682530
newOrder,11952,0,24718,1680682530
newOrder,24999,1,24718,1680682530
cancel,11952,,,1680682888
cancel,18861,,,1680682888
cancel,19073,,,1680682888
cancel,24999,,,1680682888
newOrder,18925,0,6386,1680682917
newOrder,19066,1,6386,1680682917
newOrder,13501,0,15851,1680682917
newOrder,24999,1,15851,1680682917
cancel,13501,,,1680683489
cancel,18925,,,1680683489
cancel,19066,,,1680683489
cancel,24999,,,1680683489
newOrder,18934,0,6377,1680683517
newOrder,19079,1,6377,1680683517
newOrder,12001,0,18351,1680683517
newOrder,24999,1,18351,1680683517
cancel,12001,,,1680684028
cancel,19079,,,1680684028
cancel,24999,,,1680684028
newOrder,18861,0,6413,1680684035
newOrder,19073,1,6413,1680684035
newOrder,11953,0,24084,1680684035
newOrder,24999,1,24084,1680684035
cancel,11953,,,1680684089
cancel,18861,,,1680684089
cancel,19073,,,1680684089
cancel,24999,,,1680684089
newOrder,18911,0,6394,1680684117
newOrder,19066,1,6394,1680684117
newOrder,13501,0,4349,1680684117
newOrder,22584,1,4349,1680684117
cancel,13501,,,1680684689
cancel,18911,,,1680684689
cancel,19066,,,1680684689
cancel,22584,,,1680684689
newOrder,18917,0,6392,1680684717
newOrder,19066,1,6392,1680684717
newOrder,13509,0,12229,1680684717
newOrder,24999,1,12229,1680684717
cancel,13509,,,1680685290
cancel,18917,,,1680685290
cancel,19066,,,1680685290
cancel,24999,,,1680685290
newOrder,18917,0,6393,1680685318
newOrder,19066,1,6393,1680685318
newOrder,13517,0,25626,1680685318
newOrder,24999,1,25626,1680685318
cancel,13517,,,1680685889
cancel,18917,,,1680685889
cancel,19066,,,1680685889
cancel,24999,,,1680685889
newOrder,18917,0,6393,1680685916
newOrder,19066,1,6393,1680685916
newOrder,13523,0,5396,1680685916
newOrder,22584,1,5396,1680685916
cancel,13523,,,1680686489
cancel,18917,,,1680686489
cancel,19066,,,1680686489
cancel,22584,,,1680686489
newOrder,18917,0,6394,1680686515
newOrder,19066,1,6394,1680686515
newOrder,13525,0,22040,1680686515
newOrder,24999,1,22040,1680686515
cancel,13525,,,1680687089
cancel,18917,,,1680687089
cancel,19066,,,1680687089
cancel,24999,,,1680687089
newOrder,18917,0,6395,1680687116
newOrder,19066,1,6395,1680687116
newOrder,13528,0,7776,1680687116
newOrder,24999,1,7776,1680687116
cancel,13528,,,1680687688
cancel,18917,,,1680687688
cancel,19066,,,1680687688
cancel,24999,,,1680687688
newOrder,18917,0,6395,1680687716
newOrder,19066,1,6395,1680687716
newOrder,13532,0,19494,1680687716
newOrder,24999,1,19494,1680687716
cancel,13532,,,1680688289
cancel,18917,,,1680688289
cancel,19066,,,1680688289
cancel,24999,,,1680688289
newOrder,18917,0,6396,1680688315
newOrder,19066,1,6396,1680688315
newOrder,13535,0,11657,1680688315
newOrder,24999,1,11657,1680688315
cancel,13535,,,1680688889
cancel,18917,,,1680688889
cancel,19066,,,1680688889
cancel,24999,,,1680688889
newOrder,18917,0,6397,1680688915
newOrder,19066,1,6397,1680688915
newOrder,13538,0,14876,1680688915
newOrder,24999,1,14876,1680688915
cancel,13538,,,1680689489
cancel,18917,,,1680689489
cancel,19066,,,1680689489
cancel,24999,,,1680689489
newOrder,18917,0,6397,1680689516
newOrder,19066,1,6397,1680689516
newOrder,13540,0,20194,1680689516
newOrder,24999,1,20194,1680689516
cancel,13540,,,1680690088
cancel,18917,,,1680690088
cancel,19066,,,1680690088
cancel,24999,,,1680690088
newOrder,18917,0,6398,1680690117
newOrder,19066,1,6398,1680690117
newOrder,13557,0,29088,1680690117
newOrder,24999,1,29088,1680690117
cancel,13557,,,1680690689
cancel,18917,,,1680690689
cancel,19066,,,1680690689
cancel,24999,,,1680690689
newOrder,18914,0,6400,1680690716
newOrder,19066,1,6400,1680690716
newOrder,13560,0,26481,1680690716
newOrder,24999,1,26481,1680690716
cancel,13560,,,1680691289
cancel,18914,,,1680691289
cancel,19066,,,1680691289
cancel,24999,,,1680691289
newOrder,18914,0,6401,1680691316
newOrder,19066,1,6401,1680691316
newOrder,13571,0,16699,1680691316
newOrder,24999,1,16699,1680691316
cancel,13571,,,1680691888
cancel,18914,,,1680691888
cancel,19066,,,1680691888
cancel,24999,,,1680691888
newOrder,18914,0,6402,1680691915
newOrder,19066,1,6402,1680691915
newOrder,13574,0,9141,1680691915
newOrder,24999,1,9141,1680691915
cancel,13574,,,1680692489
cancel,18914,,,1680692489
cancel,19066,,,1680692489
cancel,24999,,,1680692489
newOrder,18914,0,6402,1680692517
newOrder,19066,1,6402,1680692517
newOrder,13578,0,19853,1680692517
newOrder,24999,1,19853,1680692517
cancel,13578,,,1680693088
cancel,18914,,,1680693088
cancel,19066,,,1680693088
cancel,24999,,,1680693088
newOrder,18914,0,6403,1680693115
newOrder,19066,1,6403,1680693115
newOrder,13585,0,7350,1680693115
newOrder,24999,1,7350,1680693115
cancel,13585,,,1680693689
cancel,18914,,,1680693689
cancel,19066,,,1680693689
cancel,24999,,,1680693689
newOrder,18914,0,6404,1680693716
newOrder,19066,1,6404,1680693716
newOrder,13587,0,32537,1680693716
newOrder,24999,1,32537,1680693716
cancel,13587,,,1680694289
cancel,18914,,,1680694289
cancel,19066,,,1680694289
cancel,24999,,,1680694289
newOrder,18914,0,6404,1680694317
newOrder,19066,1,6404,1680694317
newOrder,13591,0,22292,1680694317
newOrder,24999,1,22292,1680694317
cancel,13591,,,1680694889
cancel,18914,,,1680694889
cancel,19066,,,1680694889
cancel,24999,,,1680694889
newOrder,18914,0,6405,1680694916
newOrder,19066,1,6405,1680694916
newOrder,13595,0,17642,1680694916
newOrder,24999,1,17642,1680694916
cancel,13595,,,1680695490
cancel,18914,,,1680695490
cancel,19066,,,1680695490
cancel,24999,,,1680695490
newOrder,18914,0,6406,1680695516
newOrder,19066,1,6406,1680695516
newOrder,13600,0,31855,1680695516
newOrder,24999,1,31855,1680695516
cancel,13600,,,1680696089
cancel,18914,,,1680696089
cancel,19066,,,1680696089
cancel,24999,,,1680696089
newOrder,18914,0,6406,1680696117
newOrder,19066,1,6406,1680696117
newOrder,13602,0,22020,1680696117
newOrder,24999,1,22020,1680696117