instruction,price,side,qty,time
cancel,15742,,,1691583092
cancel,17835,,,1691583092
cancel,18075,,,1691583092
cancel,24999,,,1691583092
newOrder,17835,0,5693,1691583111
newOrder,18075,1,5693,1691583111
newOrder,15770,0,3576,1691583111
newOrder,19999,1,3576,1691583111
cancel,15770,,,1691583683
cancel,17835,,,1691583683
cancel,18075,,,1691583683
cancel,19999,,,1691583683
newOrder,17857,0,5689,1691583699
newOrder,18075,1,5689,1691583699
newOrder,15770,0,5163,1691583699
newOrder,19999,1,5163,1691583699
cancel,15770,,,1691584283
cancel,17857,,,1691584283
cancel,18075,,,1691584283
cancel,19999,,,1691584283
newOrder,17868,0,5687,1691584298
newOrder,18075,1,5687,1691584298
newOrder,15742,0,14064,1691584298
newOrder,24999,1,14064,1691584298
cancel,15742,,,1691584882
cancel,17868,,,1691584882
cancel,18075,,,1691584882
cancel,24999,,,1691584882
newOrder,17861,0,5690,1691584896
newOrder,18075,1,5690,1691584896
newOrder,15742,0,19469,1691584896
newOrder,24999,1,19469,1691584896
cancel,15742,,,1691585482
cancel,17861,,,1691585482
cancel,18075,,,1691585482
cancel,24999,,,1691585482
newOrder,17835,0,5696,1691585497
newOrder,18075,1,5696,1691585497
newOrder,15742,0,18103,1691585497
newOrder,24999,1,18103,1691585497
cancel,15742,,,1691586082
cancel,17835,,,1691586082
cancel,18075,,,1691586082
cancel,24999,,,1691586082
newOrder,17869,0,5690,1691586098
newOrder,18075,1,5690,1691586098
newOrder,12310,0,25301,1691586098
newOrder,24999,1,25301,1691586098
cancel,12310,,,1691586346
cancel,17869,,,1691586346
cancel,18075,,,1691586346
cancel,24999,,,1691586346
newOrder,17917,0,5659,1691586354
newOrder,18158,1,5659,1691586354
newOrder,15742,0,23756,1691586354
newOrder,24999,1,23756,1691586354
cancel,15742,,,1691586684
cancel,17917,,,1691586684
cancel,18158,,,1691586684
cancel,24999,,,1691586684
newOrder,17912,0,5681,1691586701
newOrder,18075,1,5681,1691586701
newOrder,15770,0,3734,1691586701
newOrder,19999,1,3734,1691586701
cancel,15770,,,1691587283
cancel,17912,,,1691587283
cancel,18075,,,1691587283
cancel,19999,,,1691587283
newOrder,17885,0,5688,1691587298
newOrder,18075,1,5688,1691587298
newOrder,15770,0,3710,1691587298
newOrder,19999,1,3710,1691587298
cancel,15770,,,1691587883
cancel,17885,,,1691587883
cancel,18075,,,1691587883
cancel,19999,,,1691587883
newOrder,17908,0,5684,1691587898
newOrder,18075,1,5684,1691587898
newOrder,15742,0,16785,1691587898
newOrder,24999,1,16785,1691587898
cancel,15742,,,1691588482
cancel,17908,,,1691588482
cancel,18075,,,1691588482
cancel,24999,,,1691588482
newOrder,17910,0,5684,1691588498
newOrder,18075,1,5684,1691588498
newOrder,15742,0,13261,1691588498
newOrder,24999,1,13261,1691588498
cancel,15742,,,1691589083
cancel,17910,,,1691589083
cancel,18075,,,1691589083
cancel,24999,,,1691589083
newOrder,17917,0,5684,1691589098
newOrder,18075,1,5684,1691589098
newOrder,15742,0,15899,1691589098
newOrder,24999,1,15899,1691589098
cancel,15742,,,1691589683
cancel,17917,,,1691589683
cancel,18075,,,1691589683
cancel,24999,,,1691589683
newOrder,17888,0,5691,1691589699
newOrder,18075,1,5691,1691589699
newOrder,12310,0,28584,1691589699
newOrder,24999,1,28584,1691589699
cancel,12310,,,1691590283
cancel,17888,,,1691590283
cancel,18075,,,1691590283
cancel,24999,,,1691590283
newOrder,17925,0,5676,1691590298
newOrder,18105,1,5676,1691590298
newOrder,12310,0,27443,1691590298
newOrder,24999,1,27443,1691590298
cancel,12310,,,1691590883
cancel,17925,,,1691590883
cancel,18105,,,1691590883
cancel,24999,,,1691590883
newOrder,17925,0,5677,1691590897
newOrder,18105,1,5677,1691590897
newOrder,15762,0,7023,1691590897
newOrder,24999,1,7023,1691590897
cancel,15762,,,1691591483
cancel,17925,,,1691591483
cancel,18105,,,1691591483
cancel,24999,,,1691591483
newOrder,17925,0,5678,1691591501
newOrder,18105,1,5678,1691591501
newOrder,15742,0,23630,1691591501
newOrder,24999,1,23630,1691591501
cancel,15742,,,1691592082
cancel,17925,,,1691592082
cancel,18105,,,1691592082
cancel,24999,,,1691592082
newOrder,17925,0,5679,1691592097
newOrder,18104,1,5679,1691592097
newOrder,15770,0,4109,1691592097
newOrder,19999,1,4109,1691592097
cancel,15770,,,1691592683
cancel,17925,,,1691592683
cancel,18104,,,1691592683
cancel,19999,,,1691592683
newOrder,17925,0,5681,1691592698
newOrder,18099,1,5681,1691592698
newOrder,15742,0,12091,1691592698
newOrder,24999,1,12091,1691592698
cancel,15742,,,1691593283
cancel,17925,,,1691593283
cancel,18099,,,1691593283
cancel,24999,,,1691593283
newOrder,17925,0,5682,1691593298
newOrder,18100,1,5682,1691593298
newOrder,15770,0,4541,1691593298
newOrder,19999,1,4541,1691593298
cancel,15770,,,1691593882
cancel,17925,,,1691593882
cancel,18100,,,1691593882
cancel,19999,,,1691593882
newOrder,17925,0,5682,1691593897
newOrder,18105,1,5682,1691593897
newOrder,15762,0,6856,1691593897
newOrder,24999,1,6856,1691593897
cancel,15762,,,1691594484
cancel,17925,,,1691594484
cancel,18105,,,1691594484
cancel,24999,,,1691594484
newOrder,17925,0,5683,1691594499
newOrder,18104,1,5683,1691594499
newOrder,15742,0,22592,1691594499
newOrder,24999,1,22592,1691594499
cancel,15742,,,1691595083
cancel,17925,,,1691595083
cancel,18104,,,1691595083
cancel,24999,,,1691595083
newOrder,17925,0,5687,1691595100
newOrder,18092,1,5687,1691595100
newOrder,15742,0,22442,1691595100
newOrder,24999,1,22442,1691595100
cancel,15742,,,1691595683
cancel,17925,,,1691595683
cancel,18092,,,1691595683
cancel,24999,,,1691595683
newOrder,17925,0,5686,1691595699
newOrder,18100,1,5686,1691595699
newOrder,15770,0,4932,1691595699
newOrder,19999,1,4932,1691595699
cancel,15770,,,1691596283
cancel,17925,,,1691596283
cancel,18100,,,1691596283
cancel,19999,,,1691596283
newOrder,17925,0,5687,1691596298
newOrder,18097,1,5687,1691596298
newOrder,15770,0,4018,1691596298
newOrder,19999,1,4018,1691596298
cancel,15770,,,1691596882
cancel,17925,,,1691596882
cancel,18097,,,1691596882
cancel,19999,,,1691596882
newOrder,17925,0,5688,1691596898
newOrder,18099,1,5688,1691596898
newOrder,12310,0,27787,1691596898
newOrder,24999,1,27787,1691596898
cancel,12310,,,1691597482
cancel,17925,,,1691597482
cancel,18099,,,1691597482
cancel,24999,,,1691597482
newOrder,17925,0,5689,1691597498
newOrder,18099,1,5689,1691597498
newOrder,15742,0,11530,1691597498
newOrder,24999,1,11530,1691597498
cancel,15742,,,1691598082
cancel,17925,,,1691598082
cancel,18099,,,1691598082
cancel,24999,,,1691598082
newOrder,17925,0,5689,1691598099
newOrder,18099,1,5689,1691598099
newOrder,12310,0,28790,1691598099
newOrder,24999,1,28790,1691598099
cancel,12310,,,1691598682
cancel,17925,,,1691598682
cancel,18099,,,1691598682
cancel,24999,,,1691598682
newOrder,17925,0,5682,1691598699
newOrder,18131,1,5682,1691598699
newOrder,12310,0,29233,1691598699
newOrder,24999,1,29233,1691598699
cancel,12310,,,1691599283
cancel,17925,,,1691599283
cancel,18131,,,1691599283
cancel,24999,,,1691599283
newOrder,17925,0,5691,1691599299
newOrder,18101,1,5691,1691599299
newOrder,15762,0,7431,1691599299
newOrder,24999,1,7431,1691599299
cancel,15762,,,1691599882
cancel,17925,,,1691599882
cancel,18101,,,1691599882
cancel,24999,,,1691599882
newOrder,17925,0,5693,1691599899
newOrder,18096,1,5693,1691599899
newOrder,15762,0,9063,1691599899
newOrder,24999,1,9063,1691599899
cancel,15762,,,1691600483
cancel,17925,,,1691600483
cancel,18096,,,1691600483
cancel,24999,,,1691600483
newOrder,17925,0,5686,1691600501
newOrder,18129,1,5686,1691600501
newOrder,12310,0,25326,1691600501
newOrder,24999,1,25326,1691600501
cancel,12310,,,1691601083
cancel,17925,,,1691601083
cancel,18129,,,1691601083
cancel,24999,,,1691601083
newOrder,17925,0,5693,1691601099
newOrder,18105,1,5693,1691601099
newOrder,15762,0,9863,1691601099
newOrder,24999,1,9863,1691601099
cancel,15762,,,1691601683
cancel,17925,,,1691601683
cancel,18105,,,1691601683
cancel,24999,,,1691601683
newOrder,17925,0,5695,1691601700
newOrder,18100,1,5695,1691601700
newOrder,15742,0,18204,1691601700
newOrder,24999,1,18204,1691601700
cancel,15742,,,1691602282
cancel,17925,,,1691602282
cancel,18100,,,1691602282
cancel,24999,,,1691602282
newOrder,17925,0,5696,1691602298
newOrder,18099,1,5696,1691602298
newOrder,12310,0,25988,1691602298
newOrder,24999,1,25988,1691602298
cancel,12310,,,1691602882
cancel,17925,,,1691602882
cancel,18099,,,1691602882
cancel,24999,,,1691602882
newOrder,17925,0,5690,1691602898
newOrder,18125,1,5690,1691602898
newOrder,15742,0,22745,1691602898
newOrder,24999,1,22745,1691602898
cancel,15742,,,1691603483
cancel,17925,,,1691603483
cancel,18125,,,1691603483
cancel,24999,,,1691603483
newOrder,17925,0,5701,1691603499
newOrder,18084,1,5701,1691603499
newOrder,15762,0,10141,1691603499
newOrder,24999,1,10141,1691603499
cancel,15762,,,1691604084
cancel,17925,,,1691604084
cancel,18084,,,1691604084
cancel,24999,,,1691604084
newOrder,17925,0,5702,1691604101
newOrder,18084,1,5702,1691604101
newOrder,15742,0,24293,1691604101
newOrder,24999,1,24293,1691604101
cancel,15742,,,1691604683
cancel,17925,,,1691604683
cancel,18084,,,1691604683
cancel,24999,,,1691604683
newOrder,17925,0,5699,1691604698
newOrder,18099,1,5699,1691604698
newOrder,15762,0,8233,1691604698
newOrder,24999,1,8233,1691604698
cancel,15762,,,1691605282
cancel,17925,,,1691605282
cancel,18099,,,1691605282
cancel,24999,,,1691605282
newOrder,17925,0,5699,1691605297
newOrder,18104,1,5699,1691605297
newOrder,12310,0,29673,1691605297
newOrder,24999,1,29673,1691605297
cancel,12310,,,1691605882
cancel,17925,,,1691605882
cancel,18104,,,1691605882
cancel,24999,,,1691605882
newOrder,17925,0,5700,1691605897
newOrder,18104,1,5700,1691605897
newOrder,12310,0,27689,1691605897
newOrder,24999,1,27689,1691605897
cancel,12310,,,1691606482
cancel,17925,,,1691606482
cancel,18104,,,1691606482
cancel,24999,,,1691606482
newOrder,17925,0,5702,1691606498
newOrder,18099,1,5702,1691606498
newOrder,12310,0,25516,1691606498
newOrder,24999,1,25516,1691606498
cancel,12310,,,1691607083
cancel,17925,,,1691607083
cancel,18099,,,1691607083
cancel,24999,,,1691607083
newOrder,17925,0,5703,1691607098
newOrder,18100,1,5703,1691607098
newOrder,15770,0,5922,1691607098
newOrder,19999,1,5922,1691607098
cancel,15770,,,1691607682
cancel,17925,,,1691607682
cancel,18100,,,1691607682
cancel,19999,,,1691607682
newOrder,17925,0,5702,1691607698
newOrder,18105,1,5702,1691607698
newOrder,12310,0,30583,1691607698
newOrder,24999,1,30583,1691607698
cancel,12310,,,1691608282
cancel,17925,,,1691608282
cancel,18105,,,1691608282
cancel,24999,,,1691608282
newOrder,17925,0,5703,1691608299
newOrder,18105,1,5703,1691608299
newOrder,15742,0,13371,1691608299
newOrder,24999,1,13371,1691608299
cancel,15742,,,1691608883
cancel,17925,,,1691608883
cancel,18105,,,1691608883
cancel,24999,,,1691608883
newOrder,17925,0,5698,1691608899
newOrder,18128,1,5698,1691608899
newOrder,15742,0,23373,1691608899
newOrder,24999,1,23373,1691608899
cancel,15742,,,1691609482
cancel,17925,,,1691609482
cancel,18128,,,1691609482
cancel,24999,,,1691609482
newOrder,17925,0,5705,1691609497
newOrder,18104,1,5705,1691609497
newOrder,15742,0,18282,1691609497
newOrder,24999,1,18282,1691609497
cancel,15742,,,1691610082
cancel,17925,,,1691610082
cancel,18104,,,1691610082
cancel,24999,,,1691610082
newOrder,17925,0,5710,1691610099
newOrder,18089,1,5710,1691610099
newOrder,15742,0,24094,1691610099
newOrder,24999,1,24094,1691610099
cancel,15742,,,1691610683
cancel,17925,,,1691610683
cancel,18089,,,1691610683
cancel,24999,,,1691610683
newOrder,17925,0,5710,1691610698
newOrder,18094,1,5710,1691610698
newOrder,12310,0,26643,1691610698
newOrder,24999,1,26643,1691610698
cancel,12310,,,1691611283
cancel,17925,,,1691611283
cancel,18094,,,1691611283
cancel,24999,,,1691611283
newOrder,17925,0,5711,1691611298
newOrder,18094,1,5711,1691611298
newOrder,15742,0,22098,1691611298
newOrder,24999,1,22098,1691611298
cancel,15742,,,1691611882
cancel,17925,,,1691611882
cancel,18094,,,1691611882
cancel,24999,,,1691611882
newOrder,17925,0,5712,1691611898
newOrder,18092,1,5712,1691611898
newOrder,15742,0,13449,1691611898
newOrder,24999,1,13449,1691611898
cancel,15742,,,1691612482
cancel,17925,,,1691612482
cancel,18092,,,1691612482
cancel,24999,,,1691612482
newOrder,17925,0,5712,1691612498
newOrder,18094,1,5712,1691612498
newOrder,15742,0,22786,1691612498
newOrder,24999,1,22786,1691612498
cancel,15742,,,1691613082
cancel,17925,,,1691613082
cancel,18094,,,1691613082
cancel,24999,,,1691613082
newOrder,17925,0,5713,1691613098
newOrder,18094,1,5713,1691613098
newOrder,15762,0,6568,1691613098
newOrder,21999,1,6568,1691613098
cancel,15762,,,1691613682
cancel,17925,,,1691613682
cancel,18094,,,1691613682
cancel,21999,,,1691613682
newOrder,17925,0,5714,1691613698
newOrder,18094,1,5714,1691613698
newOrder,12310,0,29273,1691613698
newOrder,24999,1,29273,1691613698
cancel,12310,,,1691614283
cancel,17925,,,1691614283
cancel,18094,,,1691614283
cancel,24999,,,1691614283
newOrder,17925,0,5715,1691614298
newOrder,18094,1,5715,1691614298
newOrder,12310,0,29067,1691614298
newOrder,24999,1,29067,1691614298
cancel,12310,,,1691614884
cancel,17925,,,1691614884
cancel,18094,,,1691614884
cancel,24999,,,1691614884
newOrder,17925,0,5716,1691614899
newOrder,18092,1,5716,1691614899
newOrder,15742,0,17927,1691614899
newOrder,24999,1,17927,1691614899
cancel,15742,,,1691615483
cancel,17925,,,1691615483
cancel,18092,,,1691615483
cancel,24999,,,1691615483
newOrder,17925,0,5717,1691615499
newOrder,18094,1,5717,1691615499
newOrder,12310,0,26791,1691615499
newOrder,24999,1,26791,1691615499
cancel,12310,,,1691616083
cancel,17925,,,1691616083
cancel,18094,,,1691616083
cancel,24999,,,1691616083
newOrder,17925,0,5714,1691616097
newOrder,18108,1,5714,1691616097
newOrder,12310,0,28602,1691616097
newOrder,24999,1,28602,1691616097
cancel,12310,,,1691616683
cancel,17925,,,1691616683
cancel,18108,,,1691616683
cancel,24999,,,1691616683
newOrder,17925,0,5719,1691616699
newOrder,18094,1,5719,1691616699
newOrder,15742,0,15944,1691616699
newOrder,24999,1,15944,1691616699
cancel,15742,,,1691617282
cancel,17925,,,1691617282
cancel,18094,,,1691617282
cancel,24999,,,1691617282
newOrder,17925,0,5720,1691617297
newOrder,18094,1,5720,1691617297
newOrder,15770,0,5693,1691617297
newOrder,19999,1,5693,1691617297
cancel,15770,,,1691617883
cancel,17925,,,1691617883
cancel,18094,,,1691617883
cancel,19999,,,1691617883
newOrder,17925,0,5721,1691617898
newOrder,18092,1,5721,1691617898
newOrder,15742,0,11391,1691617898
newOrder,24999,1,11391,1691617898
cancel,15742,,,1691618482
cancel,17925,,,1691618482
cancel,18092,,,1691618482
cancel,24999,,,1691618482
newOrder,17925,0,5722,1691618498
newOrder,18092,1,5722,1691618498
newOrder,15742,0,13011,1691618498
newOrder,24999,1,13011,1691618498
cancel,15742,,,1691619083
cancel,17925,,,1691619083
cancel,18092,,,1691619083
cancel,24999,,,1691619083
newOrder,17925,0,5722,1691619099
newOrder,18094,1,5722,1691619099
newOrder,12310,0,30136,1691619099
newOrder,24999,1,30136,1691619099
cancel,12310,,,1691619683
cancel,17925,,,1691619683
cancel,18094,,,1691619683
cancel,24999,,,1691619683
newOrder,17925,0,5721,1691619698
newOrder,18102,1,5721,1691619698
newOrder,15762,0,8476,1691619698
newOrder,24999,1,8476,1691619698
cancel,15762,,,1691620283
cancel,17925,,,1691620283
cancel,18102,,,1691620283
cancel,24999,,,1691620283
newOrder,17925,0,5722,1691620297
newOrder,18102,1,5722,1691620297
newOrder,15742,0,20525,1691620297
newOrder,24999,1,20525,1691620297
cancel,15742,,,1691620882
cancel,17925,,,1691620882
cancel,18102,,,1691620882
cancel,24999,,,1691620882
newOrder,17925,0,5724,1691620897
newOrder,18097,1,5724,1691620897
newOrder,12310,0,29577,1691620897
newOrder,24999,1,29577,1691620897
cancel,12310,,,1691621483
cancel,17925,,,1691621483
cancel,18097,,,1691621483
cancel,24999,,,1691621483
newOrder,17925,0,5724,1691621499
newOrder,18102,1,5724,1691621499
newOrder,15762,0,9230,1691621499
newOrder,24999,1,9230,1691621499
cancel,15762,,,1691622083
cancel,17925,,,1691622083
cancel,18102,,,1691622083
cancel,24999,,,1691622083
newOrder,17925,0,5725,1691622098
newOrder,18102,1,5725,1691622098
newOrder,15770,0,5140,1691622098
newOrder,19999,1,5140,1691622098
cancel,15770,,,1691622683
cancel,17925,,,1691622683
cancel,18102,,,1691622683
cancel,19999,,,1691622683
newOrder,17925,0,5726,1691622698
newOrder,18103,1,5726,1691622698
newOrder,15742,0,19445,1691622698
newOrder,24999,1,19445,1691622698
cancel,15742,,,1691623282
cancel,17925,,,1691623282
cancel,18103,,,1691623282
cancel,24999,,,1691623282
newOrder,17925,0,5721,1691623298
newOrder,18126,1,5721,1691623298
newOrder,15742,0,15836,1691623298
newOrder,24999,1,15836,1691623298
cancel,15742,,,1691623882
cancel,17925,,,1691623882
cancel,18126,,,1691623882
cancel,24999,,,1691623882
newOrder,17925,0,5720,1691623898
newOrder,18134,1,5720,1691623898
newOrder,15770,0,3831,1691623898
newOrder,19999,1,3831,1691623898
cancel,15770,,,1691624484
cancel,17925,,,1691624484
cancel,18134,,,1691624484
cancel,19999,,,1691624484
newOrder,17925,0,5720,1691624499
newOrder,18134,1,5720,1691624499
newOrder,15770,0,6013,1691624499
newOrder,19999,1,6013,1691624499
cancel,15770,,,1691625083
cancel,17925,,,1691625083
cancel,18134,,,1691625083
cancel,19999,,,1691625083
newOrder,17925,0,5723,1691625097
newOrder,18126,1,5723,1691625097
newOrder,12310,0,30528,1691625097
newOrder,24999,1,30528,1691625097
cancel,12310,,,1691625682
cancel,17925,,,1691625682
cancel,18126,,,1691625682
cancel,24999,,,1691625682
newOrder,17925,0,5722,1691625699
newOrder,18133,1,5722,1691625699
newOrder,15762,0,7203,1691625699
newOrder,24999,1,7203,1691625699
cancel,15762,,,1691626283
cancel,17925,,,1691626283
cancel,18133,,,1691626283
cancel,24999,,,1691626283
newOrder,17925,0,5725,1691626299
newOrder,18127,1,5725,1691626299
newOrder,15770,0,4591,1691626299
newOrder,19999,1,4591,1691626299
cancel,15770,,,1691626883
cancel,17925,,,1691626883
cancel,18127,,,1691626883
cancel,19999,,,1691626883
newOrder,17925,0,5724,1691626898
newOrder,18133,1,5724,1691626898
newOrder,12310,0,27238,1691626898
newOrder,24999,1,27238,1691626898
cancel,12310,,,1691627483
cancel,17925,,,1691627483
cancel,18133,,,1691627483
cancel,24999,,,1691627483
newOrder,17925,0,5732,1691627499
newOrder,18105,1,5732,1691627499
newOrder,15742,0,17962,1691627499
newOrder,24999,1,17962,1691627499
cancel,15742,,,1691628082
cancel,17925,,,1691628082
cancel,18105,,,1691628082
cancel,24999,,,1691628082
newOrder,17925,0,5728,1691628098
newOrder,18125,1,5728,1691628098
newOrder,12310,0,28041,1691628098
newOrder,24999,1,28041,1691628098
cancel,12310,,,1691628683
cancel,17925,,,1691628683
cancel,18125,,,1691628683
cancel,24999,,,1691628683
newOrder,17925,0,5727,1691628700
newOrder,18133,1,5727,1691628700
newOrder,15770,0,3792,1691628700
newOrder,19999,1,3792,1691628700
cancel,15770,,,1691629282
cancel,17925,,,1691629282
cancel,18133,,,1691629282
cancel,19999,,,1691629282
newOrder,17925,0,5742,1691629297
newOrder,18076,1,5742,1691629297
newOrder,12310,0,26523,1691629297
newOrder,24999,1,26523,1691629297
cancel,12310,,,1691629883
cancel,17925,,,1691629883
cancel,18076,,,1691629883
cancel,24999,,,1691629883
newOrder,17925,0,5730,1691629898
newOrder,18128,1,5730,1691629898
newOrder,15762,0,8313,1691629898
newOrder,24999,1,8313,1691629898
cancel,15762,,,1691630483
cancel,17925,,,1691630483
cancel,18128,,,1691630483
cancel,24999,,,1691630483
newOrder,17925,0,5729,1691630498
newOrder,18134,1,5729,1691630498
newOrder,15742,0,11807,1691630498
newOrder,24999,1,11807,1691630498
cancel,15742,,,1691631083
cancel,17925,,,1691631083
cancel,18134,,,1691631083
cancel,24999,,,1691631083
newOrder,17925,0,5733,1691631099
newOrder,18125,1,5733,1691631099
newOrder,15742,0,15662,1691631099
newOrder,24999,1,15662,1691631099
cancel,15742,,,1691631682
cancel,17925,,,1691631682
cancel,18125,,,1691631682
cancel,24999,,,1691631682
newOrder,17925,0,5746,1691631698
newOrder,18076,1,5746,1691631698
newOrder,15742,0,15320,1691631698
newOrder,24999,1,15320,1691631698
cancel,15742,,,1691631864
cancel,17925,,,1691631864
cancel,18076,,,1691631864
cancel,24999,,,1691631864
newOrder,17917,0,5727,1691631872
newOrder,18159,1,5727,1691631872
newOrder,15742,0,18502,1691631872
newOrder,24999,1,18502,1691631872
cancel,15742,,,1691632283
cancel,17917,,,1691632283
cancel,18159,,,1691632283
cancel,24999,,,1691632283
newOrder,17925,0,5734,1691632298
newOrder,18129,1,5734,1691632298
newOrder,15770,0,4336,1691632298
newOrder,19999,1,4336,1691632298
cancel,15770,,,1691632882
cancel,17925,,,1691632882
cancel,18129,,,1691632882
cancel,19999,,,1691632882
newOrder,17925,0,5735,1691632898
newOrder,18129,1,5735,1691632898
newOrder,15742,0,23401,1691632898
newOrder,24999,1,23401,1691632898
cancel,15742,,,1691633483
cancel,17925,,,1691633483
cancel,18129,,,1691633483
cancel,24999,,,1691633483
newOrder,17925,0,5734,1691633498
newOrder,18134,1,5734,1691633498
newOrder,15742,0,21208,1691633498
newOrder,24999,1,21208,1691633498
cancel,15742,,,1691634082
cancel,17925,,,1691634082
cancel,18134,,,1691634082
cancel,24999,,,1691634082
newOrder,17925,0,5741,1691634097
newOrder,18112,1,5741,1691634097
newOrder,15762,0,10520,1691634097
newOrder,24999,1,10520,1691634097
cancel,15762,,,1691634682
cancel,17925,,,1691634682
cancel,18112,,,1691634682
cancel,24999,,,1691634682
newOrder,17925,0,5740,1691634698
newOrder,18120,1,5740,1691634698
newOrder,15742,0,20900,1691634698
newOrder,24999,1,20900,1691634698
cancel,15742,,,1691635283
cancel,17925,,,1691635283
cancel,18120,,,1691635283
cancel,24999,,,1691635283
newOrder,17925,0,5737,1691635298
newOrder,18133,1,5737,1691635298
newOrder,12310,0,29614,1691635298
newOrder,24999,1,29614,1691635298
cancel,12310,,,1691635883
cancel,17925,,,1691635883
cancel,18133,,,1691635883
cancel,24999,,,1691635883
newOrder,17925,0,5741,1691635898
newOrder,18121,1,5741,1691635898
newOrder,15742,0,22386,1691635898
newOrder,24999,1,22386,1691635898
cancel,15742,,,1691636482
cancel,17925,,,1691636482
cancel,18121,,,1691636482
cancel,24999,,,1691636482
newOrder,17925,0,5742,1691636497
newOrder,18122,1,5742,1691636497
newOrder,15762,0,7332,1691636497
newOrder,24999,1,7332,1691636497
cancel,15762,,,1691637082
cancel,17925,,,1691637082
cancel,18122,,,1691637082
cancel,24999,,,1691637082
newOrder,17925,0,5741,1691637097
newOrder,18128,1,5741,1691637097
newOrder,15762,0,9585,1691637097
newOrder,24999,1,9585,1691637097
cancel,15762,,,1691637683
cancel,17925,,,1691637683
cancel,18128,,,1691637683
cancel,24999,,,1691637683
newOrder,17925,0,5741,1691637698
newOrder,18131,1,5741,1691637698
newOrder,12310,0,28234,1691637698
newOrder,24999,1,28234,1691637698
cancel,12310,,,1691638282
cancel,17925,,,1691638282
cancel,18131,,,1691638282
cancel,24999,,,1691638282
newOrder,17925,0,5742,1691638297
newOrder,18130,1,5742,1691638297
newOrder,15742,0,17960,1691638297
newOrder,24999,1,17960,1691638297
cancel,15742,,,1691638882
cancel,17925,,,1691638882
cancel,18130,,,1691638882
cancel,24999,,,1691638882
newOrder,17925,0,5741,1691638898
newOrder,18140,1,5741,1691638898
newOrder,12310,0,26148,1691638898
newOrder,24999,1,26148,1691638898
cancel,12310,,,1691639482
cancel,17925,,,1691639482
cancel,18140,,,1691639482
cancel,24999,,,1691639482
newOrder,17925,0,5744,1691639498
newOrder,18132,1,5744,1691639498
newOrder,15742,0,14517,1691639498
newOrder,24999,1,14517,1691639498
cancel,15742,,,1691640083
cancel,17925,,,1691640083
cancel,18132,,,1691640083
cancel,24999,,,1691640083
newOrder,17925,0,5746,1691640099
newOrder,18126,1,5746,1691640099
newOrder,15742,0,17071,1691640099
newOrder,24999,1,17071,1691640099
cancel,15742,,,1691640683
cancel,17925,,,1691640683
cancel,18126,,,1691640683
cancel,24999,,,1691640683
newOrder,17925,0,5755,1691640700
newOrder,18094,1,5755,1691640700
newOrder,12311,0,25189,1691640700
newOrder,24999,1,25189,1691640700
cancel,12311,,,1691641282
cancel,17925,,,1691641282
cancel,18094,,,1691641282
cancel,24999,,,1691641282
newOrder,17925,0,5755,1691641297
newOrder,18099,1,5755,1691641297
newOrder,15762,0,9176,1691641297
newOrder,24999,1,9176,1691641297
cancel,15762,,,1691641883
cancel,17925,,,1691641883
cancel,18099,,,1691641883
cancel,24999,,,1691641883
newOrder,17800,0,5788,1691641898
newOrder,18075,1,5788,1691641898
newOrder,15742,0,17149,1691641898
newOrder,24999,1,17149,1691641898
cancel,15742,,,1691642483
cancel,17800,,,1691642483
cancel,18075,,,1691642483
cancel,24999,,,1691642483
newOrder,17791,0,5791,1691642498
newOrder,18075,1,5791,1691642498
newOrder,15742,0,15412,1691642498
newOrder,24999,1,15412,1691642498
cancel,15742,,,1691643082
cancel,17791,,,1691643082
cancel,18075,,,1691643082
cancel,24999,,,1691643082
newOrder,17800,0,5790,1691643097
newOrder,18075,1,5790,1691643097
newOrder,12310,0,27539,1691643097
newOrder,24999,1,27539,1691643097
cancel,12310,,,1691643683
cancel,17800,,,1691643683
cancel,18075,,,1691643683
cancel,24999,,,1691643683
newOrder,17805,0,5790,1691643698
newOrder,18075,1,5790,1691643698
newOrder,15770,0,5196,1691643698
newOrder,19999,1,5196,1691643698
cancel,15770,,,1691644283
cancel,17805,,,1691644283
cancel,18075,,,1691644283
cancel,19999,,,1691644283
newOrder,17815,0,5789,1691644299
newOrder,18075,1,5789,1691644299
newOrder,15742,0,11652,1691644299
newOrder,24999,1,11652,1691644299
cancel,15742,,,1691644883
cancel,17815,,,1691644883
cancel,18075,,,1691644883
cancel,24999,,,1691644883
newOrder,17835,0,5786,1691644898
newOrder,18075,1,5786,1691644898
newOrder,15742,0,19436,1691644898
newOrder,24999,1,19436,1691644898
cancel,15742,,,1691645482
cancel,17835,,,1691645482
cancel,18075,,,1691645482
cancel,24999,,,1691645482
newOrder,17854,0,5783,1691645497
newOrder,18075,1,5783,1691645497
newOrder,15742,0,20485,1691645497
newOrder,24999,1,20485,1691645497
cancel,15742,,,1691646083
cancel,17854,,,1691646083
cancel,18075,,,1691646083
cancel,24999,,,1691646083
newOrder,17852,0,5785,1691646099
newOrder,18075,1,5785,1691646099
newOrder,15742,0,21868,1691646099
newOrder,24999,1,21868,1691646099
cancel,15742,,,1691646683
cancel,17852,,,1691646683
cancel,18075,,,1691646683
cancel,24999,,,1691646683
newOrder,17825,0,5791,1691646698
newOrder,18075,1,5791,1691646698
newOrder,15762,0,10286,1691646698
newOrder,24999,1,10286,1691646698
cancel,15762,,,1691647283
cancel,17825,,,1691647283
cancel,18075,,,1691647283
cancel,24999,,,1691647283
newOrder,17801,0,5797,1691647298
newOrder,18075,1,5797,1691647298
newOrder,15742,0,21579,1691647298
newOrder,24999,1,21579,1691647298
cancel,15742,,,1691647883
cancel,17801,,,1691647883
cancel,18075,,,1691647883
cancel,24999,,,1691647883
newOrder,17791,0,5800,1691647898
newOrder,18075,1,5800,1691647898
newOrder,15762,0,6824,1691647898
newOrder,24999,1,6824,1691647898
cancel,15762,,,1691648483
cancel,17791,,,1691648483
cancel,18075,,,1691648483
cancel,24999,,,1691648483
newOrder,17835,0,5792,1691648499
newOrder,18075,1,5792,1691648499
newOrder,15742,0,12768,1691648499
newOrder,24999,1,12768,1691648499
cancel,15742,,,1691649083
cancel,17835,,,1691649083
cancel,18075,,,1691649083
cancel,24999,,,1691649083
newOrder,17820,0,5796,1691649100
newOrder,18075,1,5796,1691649100
newOrder,15762,0,9113,1691649100
newOrder,24999,1,9113,1691649100
cancel,15762,,,1691649682
cancel,17820,,,1691649682
cancel,18075,,,1691649682
cancel,24999,,,1691649682
newOrder,17849,0,5791,1691649698
newOrder,18075,1,5791,1691649698
newOrder,15770,0,4567,1691649698
newOrder,19999,1,4567,1691649698
cancel,15770,,,1691650282
cancel,17849,,,1691650282
cancel,18075,,,1691650282
cancel,19999,,,1691650282
newOrder,17848,0,5792,1691650298
newOrder,18075,1,5792,1691650298
newOrder,12310,0,28204,1691650298
newOrder,24999,1,28204,1691650298
cancel,12310,,,1691650883
cancel,17848,,,1691650883
cancel,18075,,,1691650883
cancel,24999,,,1691650883
newOrder,17818,0,5799,1691650898
newOrder,18075,1,5799,1691650898
newOrder,15762,0,7330,1691650898
newOrder,24999,1,7330,1691650898
cancel,15762,,,1691651483
cancel,17818,,,1691651483
cancel,18075,,,1691651483
cancel,24999,,,1691651483
newOrder,17814,0,5801,1691651498
newOrder,18075,1,5801,1691651498
newOrder,15742,0,23024,1691651498
newOrder,24999,1,23024,1691651498
cancel,15742,,,1691652080
cancel,17814,,,1691652080
cancel,18075,,,1691652080
cancel,24999,,,1691652080
newOrder,17849,0,5795,1691652099
newOrder,18075,1,5795,1691652099
newOrder,15742,0,23527,1691652099
newOrder,24999,1,23527,1691652099
cancel,15742,,,1691652683
cancel,17849,,,1691652683
cancel,18075,,,1691652683
cancel,24999,,,1691652683
newOrder,17843,0,5797,1691652697
newOrder,18075,1,5797,1691652697
newOrder,15742,0,13170,1691652697
newOrder,24999,1,13170,1691652697
cancel,15742,,,1691653283
cancel,17843,,,1691653283
cancel,18075,,,1691653283
cancel,24999,,,1691653283
newOrder,17835,0,5800,1691653299
newOrder,18075,1,5800,1691653299
newOrder,15762,0,9901,1691653299
newOrder,24999,1,9901,1691653299
cancel,15762,,,1691653883
cancel,17835,,,1691653883
cancel,18075,,,1691653883
cancel,24999,,,1691653883
newOrder,17845,0,5798,1691653899
newOrder,18075,1,5798,1691653899
newOrder,12310,0,29245,1691653899
newOrder,24999,1,29245,1691653899
cancel,12310,,,1691654483
cancel,17845,,,1691654483
cancel,18075,,,1691654483
cancel,24999,,,1691654483
newOrder,17861,0,5796,1691654498
newOrder,18075,1,5796,1691654498
newOrder,15762,0,8271,1691654498
newOrder,24999,1,8271,1691654498
cancel,15762,,,1691655083
cancel,17861,,,1691655083
cancel,18075,,,1691655083
cancel,24999,,,1691655083
newOrder,17833,0,5803,1691655098
newOrder,18075,1,5803,1691655098
newOrder,12310,0,26467,1691655098
newOrder,24999,1,26467,1691655098
cancel,12310,,,1691655683
cancel,17833,,,1691655683
cancel,18075,,,1691655683
cancel,24999,,,1691655683
newOrder,17841,0,5802,1691655701
newOrder,18075,1,5802,1691655701
newOrder,12310,0,25905,1691655701
newOrder,24999,1,25905,1691655701
cancel,12310,,,1691656283
cancel,17841,,,1691656283
cancel,18075,,,1691656283
cancel,24999,,,1691656283
newOrder,17862,0,5798,1691656298
newOrder,18075,1,5798,1691656298
newOrder,15742,0,16467,1691656298
newOrder,24999,1,16467,1691656298
cancel,15742,,,1691656882
cancel,17862,,,1691656882
cancel,18075,,,1691656882
cancel,24999,,,1691656882
newOrder,17827,0,5807,1691656899
newOrder,18075,1,5807,1691656899
newOrder,15742,0,15349,1691656899
newOrder,24999,1,15349,1691656899
cancel,15742,,,1691657483
cancel,17827,,,1691657483
cancel,18075,,,1691657483
cancel,24999,,,1691657483
newOrder,17848,0,5803,1691657497
newOrder,18075,1,5803,1691657497
newOrder,12310,0,29935,1691657497
newOrder,24999,1,29935,1691657497
cancel,12310,,,1691658083
cancel,17848,,,1691658083
cancel,18075,,,1691658083
cancel,24999,,,1691658083
newOrder,17842,0,5806,1691658098
newOrder,18075,1,5806,1691658098
newOrder,15742,0,13566,1691658098
newOrder,24999,1,13566,1691658098
cancel,15742,,,1691658682
cancel,17842,,,1691658682
cancel,18075,,,1691658682
cancel,24999,,,1691658682
newOrder,17820,0,5811,1691658698
newOrder,18075,1,5811,1691658698
newOrder,15742,0,22995,1691658698
newOrder,24999,1,22995,1691658698
cancel,15742,,,1691659283
cancel,17820,,,1691659283
cancel,18075,,,1691659283
cancel,24999,,,1691659283
newOrder,17820,0,5812,1691659297
newOrder,18075,1,5812,1691659297
newOrder,15762,0,10407,1691659297
newOrder,24999,1,10407,1691659297
cancel,15762,,,1691659882
cancel,17820,,,1691659882
cancel,18075,,,1691659882
cancel,24999,,,1691659882
newOrder,17828,0,5811,1691659898
newOrder,18075,1,5811,1691659898
newOrder,15742,0,22696,1691659898
newOrder,24999,1,22696,1691659898
cancel,15742,,,1691660482
cancel,17828,,,1691660482
cancel,18075,,,1691660482
cancel,24999,,,1691660482
newOrder,17823,0,5813,1691660498
newOrder,18075,1,5813,1691660498
newOrder,15770,0,5444,1691660498
newOrder,19999,1,5444,1691660498
cancel,15770,,,1691661084
cancel,17823,,,1691661084
cancel,18075,,,1691661084
cancel,19999,,,1691661084
newOrder,17816,0,5816,1691661099
newOrder,18075,1,5816,1691661099
newOrder,15742,0,11904,1691661099
newOrder,24999,1,11904,1691661099
cancel,15742,,,1691661683
cancel,17816,,,1691661683
cancel,18075,,,1691661683
cancel,24999,,,1691661683
newOrder,17864,0,5807,1691661699
newOrder,18075,1,5807,1691661699
newOrder,15742,0,12898,1691661699
newOrder,24999,1,12898,1691661699
cancel,15742,,,1691662282
cancel,17864,,,1691662282
cancel,18075,,,1691662282
cancel,24999,,,1691662282
newOrder,17824,0,5816,1691662298
newOrder,18075,1,5816,1691662298
newOrder,15742,0,20350,1691662298
newOrder,24999,1,20350,1691662298
cancel,15742,,,1691662882
cancel,17824,,,1691662882
cancel,18075,,,1691662882
cancel,24999,,,1691662882
newOrder,17820,0,5818,1691662898
newOrder,18075,1,5818,1691662898
newOrder,15770,0,5782,1691662898
newOrder,19999,1,5782,1691662898
cancel,15770,,,1691663483
cancel,17820,,,1691663483
cancel,18075,,,1691663483
cancel,19999,,,1691663483
newOrder,17830,0,5817,1691663498
newOrder,18075,1,5817,1691663498
newOrder,12310,0,28579,1691663498
newOrder,24999,1,28579,1691663498
cancel,12310,,,1691664083
cancel,17830,,,1691664083
cancel,18075,,,1691664083
cancel,24999,,,1691664083
newOrder,17825,0,5818,1691664097
newOrder,18075,1,5818,1691664097
newOrder,12310,0,25403,1691664097
newOrder,24999,1,25403,1691664097
cancel,12310,,,1691664682
cancel,17825,,,1691664682
cancel,18075,,,1691664682
cancel,24999,,,1691664682
newOrder,17830,0,5818,1691664697
newOrder,18075,1,5818,1691664697
newOrder,15762,0,8491,1691664697
newOrder,24999,1,8491,1691664697
cancel,15762,,,1691665282
cancel,17830,,,1691665282
cancel,18075,,,1691665282
cancel,24999,,,1691665282
newOrder,17820,0,5821,1691665298
newOrder,18075,1,5821,1691665298
newOrder,15762,0,10125,1691665298
newOrder,24999,1,10125,1691665298
cancel,15762,,,1691665883
cancel,17820,,,1691665883
cancel,18075,,,1691665883
cancel,24999,,,1691665883
newOrder,17821,0,5822,1691665898
newOrder,18075,1,5822,1691665898
newOrder,15762,0,7887,1691665898
newOrder,24999,1,7887,1691665898
cancel,15762,,,1691666483
cancel,17821,,,1691666483
cancel,18075,,,1691666483
cancel,24999,,,1691666483
newOrder,17826,0,5822,1691666499
newOrder,18075,1,5822,1691666499
newOrder,12310,0,27033,1691666499
newOrder,24999,1,27033,1691666499
cancel,12310,,,1691667082
cancel,17826,,,1691667082
cancel,18075,,,1691667082
cancel,24999,,,1691667082
newOrder,17843,0,5819,1691667098
newOrder,18075,1,5819,1691667098
newOrder,15742,0,19374,1691667098
newOrder,24999,1,19374,1691667098
cancel,15742,,,1691667683
cancel,17843,,,1691667683
cancel,18075,,,1691667683
cancel,24999,,,1691667683
newOrder,17777,0,5833,1691667700
newOrder,18075,1,5833,1691667700
newOrder,12312,0,25001,1691667700
newOrder,24999,1,25001,1691667700
cancel,12312,,,1691668282
cancel,17777,,,1691668282
cancel,18075,,,1691668282
cancel,24999,,,1691668282
newOrder,17820,0,5826,1691668298
newOrder,18075,1,5826,1691668298
newOrder,15742,0,23436,1691668298
newOrder,24999,1,23436,1691668298
cancel,15742,,,1691668883
cancel,17820,,,1691668883
cancel,18075,,,1691668883
cancel,24999,,,1691668883
newOrder,17829,0,5825,1691668898
newOrder,18075,1,5825,1691668898
newOrder,15742,0,21151,1691668898
newOrder,24999,1,21151,1691668898