instruction,price,side,qty,time
cancel,12005,,,1678450439
cancel,19916,,,1678450439
cancel,20150,,,1678450439
cancel,24999,,,1678450439
newOrder,19916,0,13900,1678450447
newOrder,20150,1,13900,1678450447
newOrder,12006,0,50344,1678450447
newOrder,24999,1,50344,1678450447
cancel,12006,,,1678451038
cancel,19916,,,1678451038
cancel,20150,,,1678451038
cancel,24999,,,1678451038
newOrder,19916,0,13924,1678451047
newOrder,20113,1,13924,1678451047
newOrder,11950,0,63462,1678451047
newOrder,24999,1,63462,1678451047
cancel,11950,,,1678451637
cancel,19916,,,1678451637
cancel,20113,,,1678451637
cancel,24999,,,1678451637
newOrder,19916,0,13926,1678451644
newOrder,20114,1,13926,1678451644
newOrder,13502,0,29961,1678451644
newOrder,24999,1,29961,1678451644
cancel,13502,,,1678452237
cancel,19916,,,1678452237
cancel,20114,,,1678452237
cancel,24999,,,1678452237
newOrder,19916,0,13927,1678452245
newOrder,20115,1,13927,1678452245
newOrder,11950,0,74350,1678452245
newOrder,24999,1,74350,1678452245
cancel,11950,,,1678452837
cancel,19916,,,1678452837
cancel,20115,,,1678452837
cancel,24999,,,1678452837
newOrder,19916,0,13930,1678452845
newOrder,20114,1,13930,1678452845
newOrder,12007,0,43134,1678452845
newOrder,24999,1,43134,1678452845
cancel,12007,,,1678453438
cancel,19916,,,1678453438
cancel,20114,,,1678453438
cancel,24999,,,1678453438
newOrder,19916,0,13932,1678453446
newOrder,20113,1,13932,1678453446
newOrder,11950,0,71133,1678453446
newOrder,24999,1,71133,1678453446
cancel,11950,,,1678454037
cancel,19916,,,1678454037
cancel,20113,,,1678454037
cancel,24999,,,1678454037
newOrder,19916,0,13934,1678454044
newOrder,20113,1,13934,1678454044
newOrder,12007,0,46516,1678454044
newOrder,24999,1,46516,1678454044
cancel,12007,,,1678454639
cancel,19916,,,1678454639
cancel,20113,,,1678454639
cancel,24999,,,1678454639
newOrder,19916,0,13918,1678454647
newOrder,20142,1,13918,1678454647
newOrder,15301,0,8978,1678454647
newOrder,22584,1,8978,1678454647
cancel,15301,,,1678455236
cancel,19916,,,1678455236
cancel,20142,,,1678455236
cancel,22584,,,1678455236
newOrder,19916,0,13938,1678455244
newOrder,20113,1,13938,1678455244
newOrder,12007,0,46212,1678455244
newOrder,24999,1,46212,1678455244
cancel,12007,,,1678455839
cancel,19916,,,1678455839
cancel,20113,,,1678455839
cancel,24999,,,1678455839
newOrder,19916,0,13922,1678455848
newOrder,20142,1,13922,1678455848
newOrder,12007,0,40659,1678455848
newOrder,24999,1,40659,1678455848
cancel,12007,,,1678456438
cancel,19916,,,1678456438
cancel,20142,,,1678456438
cancel,24999,,,1678456438
newOrder,19916,0,13940,1678456446
newOrder,20115,1,13940,1678456446
newOrder,15202,0,17420,1678456446
newOrder,23388,1,17420,1678456446
cancel,15202,,,1678457038
cancel,19916,,,1678457038
cancel,20115,,,1678457038
cancel,23388,,,1678457038
newOrder,19916,0,13942,1678457047
newOrder,20116,1,13942,1678457047
newOrder,12007,0,38586,1678457047
newOrder,24999,1,38586,1678457047
cancel,12007,,,1678457640
cancel,19916,,,1678457640
cancel,20116,,,1678457640
cancel,24999,,,1678457640
newOrder,19916,0,13928,1678457648
newOrder,20142,1,13928,1678457648
newOrder,13502,0,34521,1678457648
newOrder,24999,1,34521,1678457648
cancel,13502,,,1678458239
cancel,19916,,,1678458239
cancel,20142,,,1678458239
cancel,24999,,,1678458239
newOrder,19916,0,13947,1678458250
newOrder,20113,1,13947,1678458250
newOrder,12007,0,43763,1678458250
newOrder,24999,1,43763,1678458250
cancel,12007,,,1678458838
cancel,19916,,,1678458838
cancel,20113,,,1678458838
cancel,24999,,,1678458838
newOrder,19916,0,13932,1678458855
newOrder,20142,1,13932,1678458855
newOrder,12007,0,44779,1678458855
newOrder,24999,1,44779,1678458855
cancel,12007,,,1678459437
cancel,19916,,,1678459437
cancel,20142,,,1678459437
cancel,24999,,,1678459437
newOrder,19916,0,13950,1678459445
newOrder,20115,1,13950,1678459445
newOrder,15202,0,21141,1678459445
newOrder,24999,1,21141,1678459445
cancel,15202,,,1678460037
cancel,19916,,,1678460037
cancel,20115,,,1678460037
cancel,24999,,,1678460037
newOrder,19916,0,13935,1678460047
newOrder,20142,1,13935,1678460047
newOrder,15301,0,12870,1678460047
newOrder,22584,1,12870,1678460047
cancel,15301,,,1678460639
cancel,19916,,,1678460639
cancel,20142,,,1678460639
cancel,22584,,,1678460639
newOrder,19916,0,13953,1678460647
newOrder,20115,1,13953,1678460647
newOrder,15202,0,22306,1678460647
newOrder,24999,1,22306,1678460647
cancel,15202,,,1678461237
cancel,19916,,,1678461237
cancel,20115,,,1678461237
cancel,24999,,,1678461237
newOrder,19916,0,13955,1678461244
newOrder,20116,1,13955,1678461244
newOrder,11950,0,65847,1678461244
newOrder,24999,1,65847,1678461244
cancel,11950,,,1678461840
cancel,19916,,,1678461840
cancel,20116,,,1678461840
cancel,24999,,,1678461840
newOrder,19916,0,13957,1678461848
newOrder,20115,1,13957,1678461848
newOrder,11950,0,64009,1678461848
newOrder,24999,1,64009,1678461848
cancel,11950,,,1678462438
cancel,19916,,,1678462438
cancel,20115,,,1678462438
cancel,24999,,,1678462438
newOrder,19916,0,13959,1678462445
newOrder,20115,1,13959,1678462445
newOrder,11950,0,63305,1678462445
newOrder,24999,1,63305,1678462445
cancel,11950,,,1678463037
cancel,19916,,,1678463037
cancel,20115,,,1678463037
cancel,24999,,,1678463037
newOrder,19916,0,13962,1678463045
newOrder,20115,1,13962,1678463045
newOrder,12007,0,43576,1678463045
newOrder,24999,1,43576,1678463045
cancel,12007,,,1678463638
cancel,19916,,,1678463638
cancel,20115,,,1678463638
cancel,24999,,,1678463638
newOrder,19916,0,13963,1678463649
newOrder,20115,1,13963,1678463649
newOrder,12006,0,47702,1678463649
newOrder,24999,1,47702,1678463649
cancel,12006,,,1678464236
cancel,19916,,,1678464236
cancel,20115,,,1678464236
cancel,24999,,,1678464236
newOrder,19916,0,13965,1678464247
newOrder,20115,1,13965,1678464247
newOrder,12007,0,37537,1678464247
newOrder,24999,1,37537,1678464247
cancel,12007,,,1678464837
cancel,19916,,,1678464837
cancel,20115,,,1678464837
cancel,24999,,,1678464837
newOrder,19916,0,13967,1678464847
newOrder,20115,1,13967,1678464847
newOrder,12005,0,53588,1678464847
newOrder,24999,1,53588,1678464847
cancel,12005,,,1678465437
cancel,19916,,,1678465437
cancel,20115,,,1678465437
cancel,24999,,,1678465437
newOrder,19916,0,13947,1678465446
newOrder,20150,1,13947,1678465446
newOrder,11950,0,72536,1678465446
newOrder,24999,1,72536,1678465446
cancel,11950,,,1678466038
cancel,19916,,,1678466038
cancel,20150,,,1678466038
cancel,24999,,,1678466038
newOrder,19916,0,13952,1678466047
newOrder,20146,1,13952,1678466047
newOrder,13502,0,29113,1678466047
newOrder,24999,1,29113,1678466047
cancel,13502,,,1678466637
cancel,19916,,,1678466637
cancel,20146,,,1678466637
cancel,24999,,,1678466637
newOrder,19916,0,13972,1678466645
newOrder,20117,1,13972,1678466645
newOrder,12005,0,60277,1678466645
newOrder,24999,1,60277,1678466645
cancel,12005,,,1678467237
cancel,19916,,,1678467237
cancel,20117,,,1678467237
cancel,24999,,,1678467237
newOrder,19916,0,13956,1678467246
newOrder,20146,1,13956,1678467246
newOrder,11950,0,69535,1678467246
newOrder,24999,1,69535,1678467246
cancel,11950,,,1678467838
cancel,19916,,,1678467838
cancel,20146,,,1678467838
cancel,24999,,,1678467838
newOrder,19916,0,13975,1678467845
newOrder,20117,1,13975,1678467845
newOrder,12005,0,58491,1678467845
newOrder,24999,1,58491,1678467845
cancel,12005,,,1678468438
cancel,19916,,,1678468438
cancel,20117,,,1678468438
cancel,24999,,,1678468438
newOrder,19916,0,13978,1678468446
newOrder,20117,1,13978,1678468446
newOrder,12007,0,41203,1678468446
newOrder,24999,1,41203,1678468446
cancel,12007,,,1678469037
cancel,19916,,,1678469037
cancel,20117,,,1678469037
cancel,24999,,,1678469037
newOrder,19916,0,13979,1678469048
newOrder,20117,1,13979,1678469048
newOrder,11950,0,61691,1678469048
newOrder,24999,1,61691,1678469048
cancel,11950,,,1678469637
cancel,19916,,,1678469637
cancel,20117,,,1678469637
cancel,24999,,,1678469637
newOrder,19916,0,13963,1678469648
newOrder,20146,1,13963,1678469648
newOrder,15202,0,17544,1678469648
newOrder,23388,1,17544,1678469648
cancel,15202,,,1678470238
cancel,19916,,,1678470238
cancel,20146,,,1678470238
cancel,23388,,,1678470238
newOrder,19916,0,13983,1678470246
newOrder,20118,1,13983,1678470246
newOrder,15202,0,24726,1678470246
newOrder,24999,1,24726,1678470246
cancel,15202,,,1678470838
cancel,19916,,,1678470838
cancel,20118,,,1678470838
cancel,24999,,,1678470838
newOrder,19916,0,13985,1678470846
newOrder,20116,1,13985,1678470846
newOrder,13502,0,28323,1678470846
newOrder,24999,1,28323,1678470846
cancel,13502,,,1678471440
cancel,19916,,,1678471440
cancel,20116,,,1678471440
cancel,24999,,,1678471440
newOrder,19916,0,13987,1678471448
newOrder,20117,1,13987,1678471448
newOrder,12005,0,56119,1678471448
newOrder,24999,1,56119,1678471448
cancel,12005,,,1678472036
cancel,19916,,,1678472036
cancel,20117,,,1678472036
cancel,24999,,,1678472036
newOrder,19916,0,13989,1678472044
newOrder,20117,1,13989,1678472044
newOrder,11950,0,68333,1678472044
newOrder,24999,1,68333,1678472044
cancel,11950,,,1678472637
cancel,19916,,,1678472637
cancel,20117,,,1678472637
cancel,24999,,,1678472637
newOrder,19916,0,13991,1678472644
newOrder,20117,1,13991,1678472644
newOrder,15301,0,14745,1678472644
newOrder,23386,1,14745,1678472644
cancel,15301,,,1678473239
cancel,19916,,,1678473239
cancel,20117,,,1678473239
cancel,23386,,,1678473239
newOrder,19916,0,13993,1678473245
newOrder,20117,1,13993,1678473245
newOrder,15202,0,18920,1678473245
newOrder,23388,1,18920,1678473245
cancel,15202,,,1678473836
cancel,19916,,,1678473836
cancel,20117,,,1678473836
cancel,23388,,,1678473836
newOrder,19916,0,13977,1678473843
newOrder,20146,1,13977,1678473843
newOrder,12007,0,46691,1678473843
newOrder,24999,1,46691,1678473843
cancel,12007,,,1678474439
cancel,19916,,,1678474439
cancel,20146,,,1678474439
cancel,24999,,,1678474439
newOrder,19916,0,13979,1678474446
newOrder,20146,1,13979,1678474446
newOrder,13502,0,30500,1678474446
newOrder,24999,1,30500,1678474446
cancel,13502,,,1678475037
cancel,19916,,,1678475037
cancel,20146,,,1678475037
cancel,24999,,,1678475037
newOrder,19916,0,13969,1678475045
newOrder,20165,1,13969,1678475045
newOrder,15301,0,12788,1678475045
newOrder,22584,1,12788,1678475045
cancel,15301,,,1678475637
cancel,19916,,,1678475637
cancel,20165,,,1678475637
cancel,22584,,,1678475637
newOrder,19916,0,13971,1678475644
newOrder,20165,1,13971,1678475644
newOrder,12007,0,38895,1678475644
newOrder,24999,1,38895,1678475644
cancel,12007,,,1678476239
cancel,19916,,,1678476239
cancel,20165,,,1678476239
cancel,24999,,,1678476239
newOrder,19916,0,13972,1678476248
newOrder,20165,1,13972,1678476248
newOrder,12006,0,49292,1678476248
newOrder,24999,1,49292,1678476248
cancel,12006,,,1678476836
cancel,19916,,,1678476836
cancel,20165,,,1678476836
cancel,24999,,,1678476836
newOrder,19916,0,13974,1678476844
newOrder,20165,1,13974,1678476844
newOrder,12006,0,50491,1678476844
newOrder,24999,1,50491,1678476844
cancel,12006,,,1678476931
cancel,19916,,,1678476931
cancel,20165,,,1678476931
cancel,24999,,,1678476931
newOrder,19916,0,13975,1678476939
newOrder,20165,1,13975,1678476939
newOrder,15202,0,22834,1678476939
newOrder,24999,1,22834,1678476939
cancel,15202,,,1678477562
cancel,19916,,,1678477562
cancel,20165,,,1678477562
cancel,24999,,,1678477562
newOrder,19916,0,13977,1678477568
newOrder,20165,1,13977,1678477568
newOrder,15202,0,21215,1678477568
newOrder,24999,1,21215,1678477568
cancel,15202,,,1678478159
cancel,19916,,,1678478159
cancel,20165,,,1678478159
cancel,24999,,,1678478159
newOrder,19916,0,13979,1678478169
newOrder,20165,1,13979,1678478169
newOrder,12007,0,42901,1678478169
newOrder,24999,1,42901,1678478169
cancel,12007,,,1678478760
cancel,19916,,,1678478760
cancel,20165,,,1678478760
cancel,24999,,,1678478760
newOrder,19916,0,13981,1678478770
newOrder,20165,1,13981,1678478770
newOrder,15301,0,9440,1678478770
newOrder,22584,1,9440,1678478770
cancel,15301,,,1678479360
cancel,19916,,,1678479360
cancel,20165,,,1678479360
cancel,22584,,,1678479360
newOrder,19916,0,13982,1678479368
newOrder,20165,1,13982,1678479368
newOrder,11950,0,61721,1678479368
newOrder,24999,1,61721,1678479368
cancel,11950,,,1678479960
cancel,19916,,,1678479960
cancel,20165,,,1678479960
cancel,24999,,,1678479960
newOrder,19916,0,13986,1678480567
newOrder,20165,1,13986,1678480567
newOrder,11950,0,68122,1678480567
newOrder,24999,1,68122,1678480567
cancel,11950,,,1678481161
cancel,19916,,,1678481161
cancel,20165,,,1678481161
cancel,24999,,,1678481161
newOrder,19916,0,13988,1678481168
newOrder,20165,1,13988,1678481168
newOrder,12005,0,54587,1678481168
newOrder,24999,1,54587,1678481168
cancel,12005,,,1678481761
cancel,19916,,,1678481761
cancel,20165,,,1678481761
cancel,24999,,,1678481761
newOrder,19916,0,13998,1678481773
newOrder,20153,1,13998,1678481773
newOrder,13502,0,35334,1678481773
newOrder,24999,1,35334,1678481773
cancel,13502,,,1678482360
cancel,19916,,,1678482360
cancel,20153,,,1678482360
cancel,24999,,,1678482360
newOrder,19916,0,14000,1678482370
newOrder,20153,1,14000,1678482370
newOrder,15202,0,19055,1678482370
newOrder,23388,1,19055,1678482370
cancel,15202,,,1678482958
cancel,19916,,,1678482958
cancel,20153,,,1678482958
cancel,23388,,,1678482958
newOrder,19916,0,14002,1678482980
newOrder,20153,1,14002,1678482980
newOrder,11950,0,68071,1678482980
newOrder,24999,1,68071,1678482980
cancel,11950,,,1678483562
cancel,19916,,,1678483562
cancel,20153,,,1678483562
cancel,24999,,,1678483562
newOrder,19916,0,14004,1678483572
newOrder,20153,1,14004,1678483572
newOrder,12007,0,46264,1678483572
newOrder,24999,1,46264,1678483572
cancel,12007,,,1678484159
cancel,19916,,,1678484159
cancel,20153,,,1678484159
cancel,24999,,,1678484159
newOrder,19916,0,14006,1678484169
newOrder,20153,1,14006,1678484169
newOrder,12006,0,47506,1678484169
newOrder,24999,1,47506,1678484169
cancel,12006,,,1678484760
cancel,19916,,,1678484760
cancel,20153,,,1678484760
cancel,24999,,,1678484760
newOrder,19916,0,14008,1678484769
newOrder,20153,1,14008,1678484769
newOrder,15301,0,12628,1678484769
newOrder,22584,1,12628,1678484769
cancel,15301,,,1678485360
cancel,19916,,,1678485360
cancel,20153,,,1678485360
cancel,22584,,,1678485360
newOrder,19916,0,14010,1678485370
newOrder,20153,1,14010,1678485370
newOrder,15202,0,19572,1678485370
newOrder,23388,1,19572,1678485370
cancel,15202,,,1678485958
cancel,19916,,,1678485958
cancel,20153,,,1678485958
cancel,23388,,,1678485958
newOrder,19916,0,14012,1678485966
newOrder,20153,1,14012,1678485966
newOrder,12005,0,53278,1678485966
newOrder,24999,1,53278,1678485966
cancel,12005,,,1678487160
cancel,19916,,,1678487160
cancel,20153,,,1678487160
cancel,24999,,,1678487160
newOrder,19916,0,14015,1678487169
newOrder,20153,1,14015,1678487169
newOrder,12005,0,58856,1678487169
newOrder,24999,1,58856,1678487169
cancel,12005,,,1678487760
cancel,19916,,,1678487760
cancel,20153,,,1678487760
cancel,24999,,,1678487760
newOrder,19916,0,14017,1678487769
newOrder,20153,1,14017,1678487769
newOrder,15301,0,13570,1678487769
newOrder,22584,1,13570,1678487769
cancel,15301,,,1678488360
cancel,19916,,,1678488360
cancel,20153,,,1678488360
cancel,22584,,,1678488360
newOrder,19916,0,14019,1678488367
newOrder,20153,1,14019,1678488367
newOrder,13502,0,26451,1678488367
newOrder,24999,1,26451,1678488367
cancel,13502,,,1678488961
cancel,19916,,,1678488961
cancel,20153,,,1678488961
cancel,24999,,,1678488961
newOrder,19916,0,14033,1678488970
newOrder,20134,1,14033,1678488970
newOrder,12006,0,49349,1678488970
newOrder,24999,1,49349,1678488970
cancel,12006,,,1678489561
cancel,19916,,,1678489561
cancel,20134,,,1678489561
cancel,24999,,,1678489561
newOrder,19916,0,14032,1678489568
newOrder,20138,1,14032,1678489568
newOrder,12007,0,39686,1678489568
newOrder,24999,1,39686,1678489568
cancel,12007,,,1678490160
cancel,19916,,,1678490160
cancel,20138,,,1678490160
cancel,24999,,,1678490160
newOrder,19916,0,14031,1678490170
newOrder,20143,1,14031,1678490170
newOrder,12005,0,58504,1678490170
newOrder,24999,1,58504,1678490170
cancel,12005,,,1678490760
cancel,19916,,,1678490760
cancel,20143,,,1678490760
cancel,24999,,,1678490760
newOrder,19916,0,14026,1678490769
newOrder,20155,1,14026,1678490769
newOrder,11950,0,63272,1678490769
newOrder,24999,1,63272,1678490769
cancel,11950,,,1678491360
cancel,19916,,,1678491360
cancel,20155,,,1678491360
cancel,24999,,,1678491360
newOrder,19916,0,14042,1678491369
newOrder,20132,1,14042,1678491369
newOrder,12005,0,55155,1678491369
newOrder,24999,1,55155,1678491369
cancel,12005,,,1678491961
cancel,19916,,,1678491961
cancel,20132,,,1678491961
cancel,24999,,,1678491961
newOrder,19916,0,14028,1678491969
newOrder,20157,1,14028,1678491969
newOrder,15301,0,9607,1678491969
newOrder,22584,1,9607,1678491969
cancel,15301,,,1678492561
cancel,19916,,,1678492561
cancel,20157,,,1678492561
cancel,22584,,,1678492561
newOrder,19916,0,14029,1678492568
newOrder,20158,1,14029,1678492568
newOrder,15301,0,10123,1678492568
newOrder,22584,1,10123,1678492568
cancel,15301,,,1678493160
cancel,19916,,,1678493160
cancel,20158,,,1678493160
cancel,22584,,,1678493160
newOrder,19916,0,14031,1678493168
newOrder,20158,1,14031,1678493168
newOrder,13502,0,33420,1678493168
newOrder,24999,1,33420,1678493168
cancel,13502,,,1678493760
cancel,19916,,,1678493760
cancel,20158,,,1678493760
cancel,24999,,,1678493760
newOrder,19916,0,14026,1678493767
newOrder,20169,1,14026,1678493767
newOrder,12007,0,45991,1678493767
newOrder,24999,1,45991,1678493767
cancel,12007,,,1678494360
cancel,19916,,,1678494360
cancel,20169,,,1678494360
cancel,24999,,,1678494360
newOrder,19916,0,14026,1678494368
newOrder,20173,1,14026,1678494368
newOrder,11950,0,64558,1678494368
newOrder,24999,1,64558,1678494368
cancel,11950,,,1678494960
cancel,19916,,,1678494960
cancel,20173,,,1678494960
cancel,24999,,,1678494960
newOrder,19916,0,14028,1678494968
newOrder,20173,1,14028,1678494968
newOrder,11950,0,70878,1678494968
newOrder,24999,1,70878,1678494968
cancel,11950,,,1678495560
cancel,19916,,,1678495560
cancel,20173,,,1678495560
cancel,24999,,,1678495560
newOrder,19916,0,14030,1678495568
newOrder,20173,1,14030,1678495568
newOrder,11950,0,68312,1678495568
newOrder,24999,1,68312,1678495568
cancel,11950,,,1678496160
cancel,19916,,,1678496160
cancel,20173,,,1678496160
cancel,24999,,,1678496160
newOrder,19916,0,14032,1678496172
newOrder,20173,1,14032,1678496172
newOrder,15202,0,18546,1678496172
newOrder,23388,1,18546,1678496172
cancel,15202,,,1678496760
cancel,19916,,,1678496760
cancel,20173,,,1678496760
cancel,23388,,,1678496760
newOrder,19916,0,14034,1678496767
newOrder,20173,1,14034,1678496767
newOrder,12005,0,52785,1678496767
newOrder,24999,1,52785,1678496767
cancel,12005,,,1678497361
cancel,19916,,,1678497361
cancel,20173,,,1678497361
cancel,24999,,,1678497361
newOrder,19916,0,14036,1678497369
newOrder,20173,1,14036,1678497369
newOrder,12006,0,47687,1678497369
newOrder,24999,1,47687,1678497369
cancel,12006,,,1678497960
cancel,19916,,,1678497960
cancel,20173,,,1678497960
cancel,24999,,,1678497960
newOrder,19916,0,14050,1678497971
newOrder,20154,1,14050,1678497971
newOrder,15202,0,19512,1678497971
newOrder,23388,1,19512,1678497971
cancel,15202,,,1678498561
cancel,19916,,,1678498561
cancel,20154,,,1678498561
cancel,23388,,,1678498561
newOrder,19916,0,14040,1678498573
newOrder,20173,1,14040,1678498573
newOrder,15301,0,10388,1678498573
newOrder,22584,1,10388,1678498573
cancel,15301,,,1678499160
cancel,19916,,,1678499160
cancel,20173,,,1678499160
cancel,22584,,,1678499160
newOrder,19916,0,14042,1678499168
newOrder,20173,1,14042,1678499168
newOrder,15202,0,18331,1678499168
newOrder,23388,1,18331,1678499168
cancel,15202,,,1678499760
cancel,19916,,,1678499760
cancel,20173,,,1678499760
cancel,23388,,,1678499760
newOrder,19916,0,14044,1678499769
newOrder,20173,1,14044,1678499769
newOrder,11950,0,73320,1678499769
newOrder,24999,1,73320,1678499769
cancel,11950,,,1678500360
cancel,19916,,,1678500360
cancel,20173,,,1678500360
cancel,24999,,,1678500360
newOrder,19916,0,14046,1678500368
newOrder,20173,1,14046,1678500368
newOrder,11950,0,67455,1678500368
newOrder,24999,1,67455,1678500368
cancel,11950,,,1678500960
cancel,19916,,,1678500960
cancel,20173,,,1678500960
cancel,24999,,,1678500960
newOrder,19916,0,14048,1678500968
newOrder,20173,1,14048,1678500968
newOrder,13502,0,34352,1678500968
newOrder,24999,1,34352,1678500968
cancel,13502,,,1678501560
cancel,19916,,,1678501560
cancel,20173,,,1678501560
cancel,24999,,,1678501560
newOrder,19916,0,14061,1678501569
newOrder,20154,1,14061,1678501569
newOrder,13502,0,31395,1678501569
newOrder,24999,1,31395,1678501569
cancel,13502,,,1678502159
cancel,19916,,,1678502159
cancel,20154,,,1678502159
cancel,24999,,,1678502159
newOrder,19916,0,14051,1678502167
newOrder,20173,1,14051,1678502167
newOrder,11950,0,71893,1678502167
newOrder,24999,1,71893,1678502167
cancel,11950,,,1678502760
cancel,19916,,,1678502760
cancel,20173,,,1678502760
cancel,24999,,,1678502760
newOrder,19916,0,14053,1678502767
newOrder,20173,1,14053,1678502767
newOrder,13502,0,34728,1678502767
newOrder,24999,1,34728,1678502767
cancel,13502,,,1678503360
cancel,19916,,,1678503360
cancel,20173,,,1678503360
cancel,24999,,,1678503360
newOrder,19916,0,14053,1678503369
newOrder,20177,1,14053,1678503369
newOrder,12006,0,48709,1678503369
newOrder,24999,1,48709,1678503369
cancel,12006,,,1678503960
cancel,19916,,,1678503960
cancel,20177,,,1678503960
cancel,24999,,,1678503960
newOrder,19916,0,14055,1678503968
newOrder,20177,1,14055,1678503968
newOrder,11950,0,63793,1678503968
newOrder,24999,1,63793,1678503968
cancel,11950,,,1678504561
cancel,19916,,,1678504561
cancel,20177,,,1678504561
cancel,24999,,,1678504561
newOrder,19916,0,14065,1678504572
newOrder,20164,1,14065,1678504572
newOrder,15301,0,13991,1678504572
newOrder,22584,1,13991,1678504572
cancel,15301,,,1678505161
cancel,19916,,,1678505161
cancel,20164,,,1678505161
cancel,22584,,,1678505161
newOrder,19916,0,14059,1678505171
newOrder,20177,1,14059,1678505171
newOrder,12005,0,25303,1678505171
newOrder,24999,1,25303,1678505171
cancel,12005,,,1678505760
cancel,19916,,,1678505760
cancel,20177,,,1678505760
cancel,24999,,,1678505760
newOrder,19916,0,14061,1678505767
newOrder,20177,1,14061,1678505767
newOrder,12006,0,19961,1678505767
newOrder,24999,1,19961,1678505767
cancel,12006,,,1678506359
cancel,19916,,,1678506359
cancel,20177,,,1678506359
cancel,24999,,,1678506359
newOrder,19916,0,14063,1678506369
newOrder,20177,1,14063,1678506369
newOrder,11950,0,61404,1678506369
newOrder,24999,1,61404,1678506369
cancel,11950,,,1678506961
cancel,19916,,,1678506961
cancel,20177,,,1678506961
cancel,24999,,,1678506961
newOrder,19916,0,14065,1678506971
newOrder,20177,1,14065,1678506971
newOrder,11950,0,46984,1678506971
newOrder,24999,1,46984,1678506971
cancel,11950,,,1678507561
cancel,19916,,,1678507561
cancel,20177,,,1678507561
cancel,24999,,,1678507561
newOrder,19916,0,14068,1678507572
newOrder,20174,1,14068,1678507572
newOrder,11950,0,57443,1678507572
newOrder,24999,1,57443,1678507572
cancel,11950,,,1678508162
cancel,19916,,,1678508162
cancel,20174,,,1678508162
cancel,24999,,,1678508162
newOrder,19916,0,14066,1678508170
newOrder,20181,1,14066,1678508170
newOrder,11950,0,35168,1678508170
newOrder,24999,1,35168,1678508170
cancel,11950,,,1678508762
cancel,19916,,,1678508762
cancel,20181,,,1678508762
cancel,24999,,,1678508762
newOrder,19916,0,14066,1678508773
newOrder,20183,1,14066,1678508773
newOrder,11950,0,70640,1678508773
newOrder,24999,1,70640,1678508773
cancel,11950,,,1678509362
cancel,19916,,,1678509362
cancel,20183,,,1678509362
cancel,24999,,,1678509362
newOrder,19916,0,14068,1678509373
newOrder,20183,1,14068,1678509373
newOrder,11950,0,40922,1678509373
newOrder,24999,1,40922,1678509373
cancel,11950,,,1678509961
cancel,19916,,,1678509961
cancel,20183,,,1678509961
cancel,24999,,,1678509961
newOrder,19916,0,14070,1678509970
newOrder,20183,1,14070,1678509970
newOrder,15301,0,9380,1678509970
newOrder,22584,1,9380,1678509970
cancel,15301,,,1678510562
cancel,19916,,,1678510562
cancel,20183,,,1678510562
cancel,22584,,,1678510562
newOrder,19916,0,14072,1678510571
newOrder,20183,1,14072,1678510571
newOrder,11950,0,50232,1678510571
newOrder,24999,1,50232,1678510571
cancel,11950,,,1678511163
cancel,19916,,,1678511163
cancel,20183,,,1678511163
cancel,24999,,,1678511163
newOrder,19916,0,14074,1678511172
newOrder,20183,1,14074,1678511172
newOrder,12005,0,26599,1678511172
newOrder,24999,1,26599,1678511172
cancel,12005,,,1678511760
cancel,19916,,,1678511760
cancel,20183,,,1678511760
cancel,24999,,,1678511760
newOrder,19916,0,14076,1678511767
newOrder,20183,1,14076,1678511767
newOrder,11950,0,55122,1678511767
newOrder,24999,1,55122,1678511767
cancel,11950,,,1678512365
cancel,19916,,,1678512365
cancel,20183,,,1678512365
cancel,24999,,,1678512365
newOrder,19916,0,14078,1678512373
newOrder,20183,1,14078,1678512373
newOrder,11950,0,64946,1678512373
newOrder,24999,1,64946,1678512373
cancel,11950,,,1678512960
cancel,19916,,,1678512960
cancel,20183,,,1678512960
cancel,24999,,,1678512960
newOrder,19916,0,14012,1678512969
newOrder,20282,1,14012,1678512969
newOrder,11950,0,65765,1678512969
newOrder,24999,1,65765,1678512969
cancel,11950,,,1678513560
cancel,19916,,,1678513560
cancel,20282,,,1678513560
cancel,24999,,,1678513560
newOrder,19916,0,14014,1678513571
newOrder,20282,1,14014,1678513571
newOrder,11950,0,31469,1678513571
newOrder,24999,1,31469,1678513571
cancel,11950,,,1678514160
cancel,19916,,,1678514160
cancel,20282,,,1678514160
cancel,24999,,,1678514160
newOrder,19916,0,14016,1678514167
newOrder,20282,1,14016,1678514167
newOrder,11950,0,71627,1678514167
newOrder,24999,1,71627,1678514167
cancel,11950,,,1678514761
cancel,19916,,,1678514761
cancel,20282,,,1678514761
cancel,24999,,,1678514761
newOrder,19916,0,14018,1678514768
newOrder,20282,1,14018,1678514768
newOrder,12006,0,18342,1678514768
newOrder,23388,1,18342,1678514768
cancel,12006,,,1678515361
cancel,19916,,,1678515361
cancel,20282,,,1678515361
cancel,23388,,,1678515361
newOrder,19916,0,14020,1678515369
newOrder,20282,1,14020,1678515369
newOrder,11950,0,73340,1678515369
newOrder,24999,1,73340,1678515369
cancel,11950,,,1678515960
cancel,19916,,,1678515960
cancel,20282,,,1678515960
cancel,24999,,,1678515960
newOrder,19916,0,14024,1678515968
newOrder,20279,1,14024,1678515968
newOrder,11950,0,59130,1678515968
newOrder,24999,1,59130,1678515968
cancel,11950,,,1678516566
cancel,19916,,,1678516566
cancel,20279,,,1678516566
cancel,24999,,,1678516566
newOrder,19916,0,14026,1678516573
newOrder,20279,1,14026,1678516573
newOrder,11950,0,33345,1678516573
newOrder,24999,1,33345,1678516573
cancel,11950,,,1678517166
cancel,19916,,,1678517166
cancel,20279,,,1678517166
cancel,24999,,,1678517166
newOrder,19916,0,14028,1678517175
newOrder,20279,1,14028,1678517175
newOrder,11950,0,47473,1678517175
newOrder,24999,1,47473,1678517175
cancel,11950,,,1678517765
cancel,19916,,,1678517765
cancel,20279,,,1678517765
cancel,24999,,,1678517765
newOrder,19916,0,14030,1678517773
newOrder,20279,1,14030,1678517773
newOrder,11950,0,67126,1678517773
newOrder,24999,1,67126,1678517773
cancel,11950,,,1678518368
cancel,19916,,,1678518368
cancel,20279,,,1678518368
cancel,24999,,,1678518368
newOrder,19916,0,14032,1678518378
newOrder,20279,1,14032,1678518378
newOrder,11950,0,32506,1678518378
newOrder,24999,1,32506,1678518378
cancel,11950,,,1678518965
cancel,19916,,,1678518965
cancel,20279,,,1678518965
cancel,24999,,,1678518965
newOrder,19916,0,14032,1678518973
newOrder,20281,1,14032,1678518973
newOrder,11950,0,42843,1678518973
newOrder,24999,1,42843,1678518973
cancel,11950,,,1678519564
cancel,19916,,,1678519564
cancel,20281,,,1678519564
cancel,24999,,,1678519564
newOrder,19916,0,14034,1678519573
newOrder,20281,1,14034,1678519573
newOrder,11950,0,69883,1678519573
newOrder,24999,1,69883,1678519573
cancel,11950,,,1678520164
cancel,19916,,,1678520164
cancel,20281,,,1678520164
cancel,24999,,,1678520164
newOrder,19916,0,14036,1678520171
newOrder,20281,1,14036,1678520171
newOrder,11950,0,56628,1678520171
newOrder,24999,1,56628,1678520171
cancel,11950,,,1678520764
cancel,19916,,,1678520764
cancel,20281,,,1678520764
cancel,24999,,,1678520764
newOrder,19916,0,14038,1678520773
newOrder,20281,1,14038,1678520773
newOrder,11950,0,49764,1678520773
newOrder,24999,1,49764,1678520773
cancel,11950,,,1678521366
cancel,19916,,,1678521366
cancel,20281,,,1678521366
cancel,24999,,,1678521366
newOrder,19916,0,14021,1678521374
newOrder,20307,1,14021,1678521374
newOrder,11950,0,67945,1678521374
newOrder,24999,1,67945,1678521374
cancel,11950,,,1678521964
cancel,19916,,,1678521964
cancel,20307,,,1678521964
cancel,24999,,,1678521964
newOrder,19916,0,14023,1678521974
newOrder,20307,1,14023,1678521974
newOrder,11950,0,70523,1678521974
newOrder,24999,1,70523,1678521974
cancel,11950,,,1678522566
cancel,19916,,,1678522566
cancel,20307,,,1678522566
cancel,24999,,,1678522566
newOrder,19916,0,14025,1678522582
newOrder,20307,1,14025,1678522582
newOrder,11950,0,48613,1678522582
newOrder,24999,1,48613,1678522582
cancel,11950,,,1678523164
cancel,19916,,,1678523164
cancel,20307,,,1678523164
cancel,24999,,,1678523164
newOrder,19916,0,14027,1678523174
newOrder,20307,1,14027,1678523174
newOrder,11950,0,61826,1678523174
newOrder,24999,1,61826,1678523174
cancel,11950,,,1678523766
cancel,19916,,,1678523766
cancel,20307,,,1678523766
cancel,24999,,,1678523766
newOrder,19916,0,14029,1678523775
newOrder,20307,1,14029,1678523775
newOrder,12005,0,27293,1678523775
newOrder,24999,1,27293,1678523775
cancel,12005,,,1678524365
cancel,19916,,,1678524365
cancel,20307,,,1678524365
cancel,24999,,,1678524365
newOrder,19916,0,14030,1678524375
newOrder,20307,1,14030,1678524375
newOrder,11950,0,31617,1678524375
newOrder,24999,1,31617,1678524375
cancel,11950,,,1678524965
cancel,19916,,,1678524965
cancel,20307,,,1678524965
cancel,24999,,,1678524965
newOrder,19916,0,14032,1678524975
newOrder,20307,1,14032,1678524975
newOrder,12005,0,24704,1678524975
newOrder,24999,1,24704,1678524975
cancel,12005,,,1678525564
cancel,19916,,,1678525564
cancel,20307,,,1678525564
cancel,24999,,,1678525564
newOrder,19916,0,14032,1678525572
newOrder,20311,1,14032,1678525572
newOrder,11950,0,60242,1678525572
newOrder,24999,1,60242,1678525572
cancel,11950,,,1678526164
cancel,19916,,,1678526164
cancel,20311,,,1678526164
cancel,24999,,,1678526164
newOrder,19916,0,14037,1678526172
newOrder,20307,1,14037,1678526172
newOrder,11950,0,43699,1678526172
newOrder,24999,1,43699,1678526172
cancel,11950,,,1678526766
cancel,19916,,,1678526766
cancel,20307,,,1678526766
cancel,24999,,,1678526766
newOrder,19916,0,14039,1678526777
newOrder,20307,1,14039,1678526777
newOrder,11950,0,65563,1678526777
newOrder,24999,1,65563,1678526777
cancel,11950,,,1678527365
cancel,19916,,,1678527365
cancel,20307,,,1678527365
cancel,24999,,,1678527365
newOrder,19916,0,14016,1678527373
newOrder,20340,1,14016,1678527373
newOrder,11950,0,44272,1678527373
newOrder,24999,1,44272,1678527373
cancel,11950,,,1678527965
cancel,19916,,,1678527965
cancel,20340,,,1678527965
cancel,24999,,,1678527965
newOrder,19916,0,14047,1678527973
newOrder,20301,1,14047,1678527973
newOrder,12005,0,29304,1678527973
newOrder,24999,1,29304,1678527973
cancel,12005,,,1678528565
cancel,19916,,,1678528565
cancel,20301,,,1678528565
cancel,24999,,,1678528565
newOrder,19916,0,14049,1678528572
newOrder,20301,1,14049,1678528572
newOrder,11950,0,34345,1678528572
newOrder,24999,1,34345,1678528572
cancel,11950,,,1678529165
cancel,19916,,,1678529165
cancel,20301,,,1678529165
cancel,24999,,,1678529165
newOrder,19916,0,14051,1678529174
newOrder,20301,1,14051,1678529174
newOrder,11950,0,38314,1678529174
newOrder,24999,1,38314,1678529174
cancel,11950,,,1678529764
cancel,19916,,,1678529764
cancel,20301,,,1678529764
cancel,24999,,,1678529764
newOrder,19916,0,14053,1678529774
newOrder,20301,1,14053,1678529774
newOrder,11950,0,58687,1678529774
newOrder,24999,1,58687,1678529774
cancel,11950,,,1678530366
cancel,19916,,,1678530366
cancel,20301,,,1678530366
cancel,24999,,,1678530366
newOrder,19916,0,14032,1678530373
newOrder,20331,1,14032,1678530373
newOrder,12005,0,28143,1678530373
newOrder,24999,1,28143,1678530373
cancel,12005,,,1678530965
cancel,19916,,,1678530965
cancel,20331,,,1678530965
cancel,24999,,,1678530965
newOrder,19916,0,14099,1678530974
newOrder,20242,1,14099,1678530974
newOrder,11950,0,52379,1678530974
newOrder,24999,1,52379,1678530974
cancel,11950,,,1678531565
cancel,19916,,,1678531565
cancel,20242,,,1678531565
cancel,24999,,,1678531565
newOrder,19916,0,14101,1678531574
newOrder,20242,1,14101,1678531574
newOrder,15301,0,12238,1678531574
newOrder,22584,1,12238,1678531574
cancel,15301,,,1678532164
cancel,19916,,,1678532164
cancel,20242,,,1678532164
cancel,22584,,,1678532164
newOrder,19916,0,14103,1678532174
newOrder,20242,1,14103,1678532174
newOrder,12005,0,31263,1678532174
newOrder,24999,1,31263,1678532174
cancel,12005,,,1678532764
cancel,19916,,,1678532764
cancel,20242,,,1678532764
cancel,24999,,,1678532764
newOrder,19916,0,14105,1678532775
newOrder,20242,1,14105,1678532775
newOrder,12006,0,19749,1678532775
newOrder,23388,1,19749,1678532775
cancel,12006,,,1678533364
cancel,19916,,,1678533364
cancel,20242,,,1678533364
cancel,23388,,,1678533364
newOrder,19916,0,14107,1678533371
newOrder,20242,1,14107,1678533371
newOrder,11950,0,67340,1678533371
newOrder,24999,1,67340,1678533371
cancel,11950,,,1678533966
cancel,19916,,,1678533966
cancel,20242,,,1678533966
cancel,24999,,,1678533966
newOrder,19819,0,14265,1678533977
newOrder,20084,1,14265,1678533977
newOrder,12005,0,27333,1678533977
newOrder,24999,1,27333,1678533977
cancel,12005,,,1678534566
cancel,19819,,,1678534566
cancel,20084,,,1678534566
cancel,24999,,,1678534566
newOrder,19819,0,14267,1678534576
newOrder,20084,1,14267,1678534576
newOrder,12005,0,27821,1678534576
newOrder,24999,1,27821,1678534576
cancel,12005,,,1678535164
cancel,19819,,,1678535164
cancel,20084,,,1678535164
cancel,24999,,,1678535164
newOrder,19819,0,14269,1678535175
newOrder,20084,1,14269,1678535175
newOrder,11892,0,62933,1678535175
newOrder,24999,1,62933,1678535175
cancel,11892,,,1678535766
cancel,19819,,,1678535766
cancel,20084,,,1678535766
cancel,24999,,,1678535766
newOrder,19819,0,14271,1678535776
newOrder,20084,1,14271,1678535776
newOrder,11892,0,68723,1678535776
newOrder,24999,1,68723,1678535776
cancel,11892,,,1678536365
cancel,19819,,,1678536365
cancel,20084,,,1678536365
cancel,24999,,,1678536365
newOrder,19819,0,14273,1678536374
newOrder,20084,1,14273,1678536374
newOrder,11892,0,60179,1678536374
newOrder,24999,1,60179,1678536374