instruction,price,side,qty,time
cancel,13030,,,1678710366
cancel,19916,,,1678710366
cancel,20429,,,1678710366
cancel,24999,,,1678710366
newOrder,19916,0,14584,1678710377
newOrder,20429,1,14584,1678710377
newOrder,13004,0,53490,1678710377
newOrder,24999,1,53490,1678710377
cancel,13004,,,1678710966
cancel,19916,,,1678710966
cancel,20429,,,1678710966
cancel,24999,,,1678710966
newOrder,19916,0,14586,1678710973
newOrder,20429,1,14586,1678710973
newOrder,13030,0,21747,1678710973
cancel,13030,,,1678711566
cancel,19916,,,1678711566
cancel,20429,,,1678711566
newOrder,19916,0,14588,1678711575
newOrder,20429,1,14588,1678711575
newOrder,13030,0,46197,1678711575
newOrder,24999,1,46197,1678711575
cancel,13030,,,1678712161
cancel,19916,,,1678712161
cancel,20429,,,1678712161
cancel,24999,,,1678712161
newOrder,19916,0,14586,1678712170
newOrder,20434,1,14586,1678712170
newOrder,13004,0,56022,1678712170
newOrder,24999,1,56022,1678712170
cancel,13004,,,1678712761
cancel,19916,,,1678712761
cancel,20434,,,1678712761
cancel,24999,,,1678712761
newOrder,19916,0,14580,1678712767
newOrder,20443,1,14580,1678712767
newOrder,11950,0,65489,1678712767
newOrder,24999,1,65489,1678712767
cancel,11950,,,1678713362
cancel,19916,,,1678713362
cancel,20443,,,1678713362
cancel,24999,,,1678713362
newOrder,19916,0,14563,1678713371
newOrder,20464,1,14563,1678713371
newOrder,11950,0,74028,1678713371
newOrder,24999,1,74028,1678713371
cancel,11950,,,1678713963
cancel,19916,,,1678713963
cancel,20464,,,1678713963
cancel,24999,,,1678713963
newOrder,19916,0,14582,1678713973
newOrder,20445,1,14582,1678713973
newOrder,13034,0,40799,1678713973
newOrder,24999,1,40799,1678713973
cancel,13034,,,1678714561
cancel,19916,,,1678714561
cancel,20445,,,1678714561
cancel,24999,,,1678714561
newOrder,19916,0,14674,1678714569
newOrder,20344,1,14674,1678714569
newOrder,11950,0,71145,1678714569
newOrder,24999,1,71145,1678714569
cancel,11950,,,1678715161
cancel,19916,,,1678715161
cancel,20344,,,1678715161
cancel,24999,,,1678715161
newOrder,19916,0,14811,1678715170
newOrder,20168,1,14811,1678715170
newOrder,11950,0,76080,1678715170
newOrder,24999,1,76080,1678715170
cancel,11950,,,1678715761
cancel,19916,,,1678715761
cancel,20168,,,1678715761
cancel,24999,,,1678715761
newOrder,19916,0,14814,1678715769
newOrder,20168,1,14814,1678715769
newOrder,13034,0,19170,1678715769
newOrder,24999,1,19170,1678715769
cancel,13034,,,1678716362
cancel,19916,,,1678716362
cancel,20168,,,1678716362
cancel,24999,,,1678716362
newOrder,19916,0,14816,1678716373
newOrder,20168,1,14816,1678716373
newOrder,11950,0,66347,1678716373
newOrder,24999,1,66347,1678716373
cancel,11950,,,1678716962
cancel,19916,,,1678716962
cancel,20168,,,1678716962
cancel,24999,,,1678716962
newOrder,19916,0,14818,1678716971
newOrder,20168,1,14818,1678716971
newOrder,13034,0,26785,1678716971
newOrder,24999,1,26785,1678716971
cancel,13034,,,1678717562
cancel,19916,,,1678717562
cancel,20168,,,1678717562
cancel,24999,,,1678717562
newOrder,19916,0,14820,1678717573
newOrder,20168,1,14820,1678717573
newOrder,13034,0,41873,1678717573
newOrder,24999,1,41873,1678717573
cancel,13034,,,1678718162
cancel,19916,,,1678718162
cancel,20168,,,1678718162
cancel,24999,,,1678718162
newOrder,19916,0,14875,1678718170
newOrder,20088,1,14875,1678718170
newOrder,13034,0,25900,1678718170
newOrder,24999,1,25900,1678718170
cancel,13034,,,1678718763
cancel,19916,,,1678718763
cancel,20088,,,1678718763
cancel,24999,,,1678718763
newOrder,19916,0,14872,1678718771
newOrder,20096,1,14872,1678718771
newOrder,13701,0,8963,1678718771
newOrder,20419,1,8963,1678718771
cancel,13701,,,1678719361
cancel,19916,,,1678719361
cancel,20096,,,1678719361
cancel,20419,,,1678719361
newOrder,19916,0,14876,1678719369
newOrder,20095,1,14876,1678719369
newOrder,13034,0,30874,1678719369
newOrder,24999,1,30874,1678719369
cancel,13034,,,1678719962
cancel,19916,,,1678719962
cancel,20095,,,1678719962
cancel,24999,,,1678719962
newOrder,19916,0,14876,1678719970
newOrder,20098,1,14876,1678719970
newOrder,13034,0,24415,1678719970
newOrder,24999,1,24415,1678719970
cancel,13034,,,1678720562
cancel,19916,,,1678720562
cancel,20098,,,1678720562
cancel,24999,,,1678720562
newOrder,19916,0,14854,1678720573
newOrder,20136,1,14854,1678720573
newOrder,11950,0,75136,1678720573
newOrder,24999,1,75136,1678720573
cancel,11950,,,1678721944
cancel,19916,,,1678721944
cancel,20136,,,1678721944
cancel,24999,,,1678721944
newOrder,19916,0,14893,1678721957
newOrder,20084,1,14893,1678721957
newOrder,24999,1,18403,1678721957
cancel,19916,,,1678722576
cancel,20084,,,1678722576
cancel,24999,,,1678722576
newOrder,19916,0,14895,1678722587
newOrder,20084,1,14895,1678722587
newOrder,20419,1,11906,1678722587
cancel,19916,,,1678723175
cancel,20084,,,1678723175
cancel,20419,,,1678723175
newOrder,19916,0,14898,1678723184
newOrder,20084,1,14898,1678723184
newOrder,11950,0,71833,1678723184
newOrder,24999,1,71833,1678723184
cancel,11950,,,1678723774
cancel,19916,,,1678723774
cancel,20084,,,1678723774
cancel,24999,,,1678723774
newOrder,19916,0,14900,1678723786
newOrder,20084,1,14900,1678723786
newOrder,13034,0,33784,1678723786
newOrder,24999,1,33784,1678723786
cancel,13034,,,1678724374
cancel,19916,,,1678724374
cancel,20084,,,1678724374
cancel,24999,,,1678724374
newOrder,19916,0,14902,1678724383
newOrder,20084,1,14902,1678724383
newOrder,13004,0,55005,1678724383
newOrder,24999,1,55005,1678724383
cancel,13004,,,1678724975
cancel,19916,,,1678724975
cancel,20084,,,1678724975
cancel,24999,,,1678724975
newOrder,19916,0,14905,1678724986
newOrder,20084,1,14905,1678724986
newOrder,13034,0,39159,1678724986
newOrder,24999,1,39159,1678724986
cancel,13034,,,1678725575
cancel,19916,,,1678725575
cancel,20084,,,1678725575
cancel,24999,,,1678725575
newOrder,19916,0,14907,1678725585
newOrder,20084,1,14907,1678725585
newOrder,11950,0,73899,1678725585
newOrder,24999,1,73899,1678725585
cancel,11950,,,1678726173
cancel,19916,,,1678726173
cancel,20084,,,1678726173
cancel,24999,,,1678726173
newOrder,19916,0,14909,1678726183
newOrder,20084,1,14909,1678726183
newOrder,11950,0,68896,1678726183
newOrder,24999,1,68896,1678726183
cancel,11950,,,1678726773
cancel,19916,,,1678726773
cancel,20084,,,1678726773
cancel,24999,,,1678726773
newOrder,19916,0,14912,1678726783
newOrder,20084,1,14912,1678726783
newOrder,13003,0,62479,1678726783
newOrder,24999,1,62479,1678726783
cancel,13003,,,1678727376
cancel,19916,,,1678727376
cancel,20084,,,1678727376
cancel,24999,,,1678727376
newOrder,19916,0,14914,1678727387
newOrder,20084,1,14914,1678727387
newOrder,13034,0,43291,1678727387
newOrder,24999,1,43291,1678727387
cancel,13034,,,1678727974
cancel,19916,,,1678727974
cancel,20084,,,1678727974
cancel,24999,,,1678727974
newOrder,19916,0,14880,1678727986
newOrder,20140,1,14880,1678727986
newOrder,13004,0,57094,1678727986
newOrder,24999,1,57094,1678727986
cancel,13004,,,1678728576
cancel,19916,,,1678728576
cancel,20140,,,1678728576
cancel,24999,,,1678728576
newOrder,19916,0,14882,1678728585
newOrder,20140,1,14882,1678728585
newOrder,13034,0,31798,1678728585
newOrder,24999,1,31798,1678728585
cancel,13034,,,1678729173
cancel,19916,,,1678729173
cancel,20140,,,1678729173
cancel,24999,,,1678729173
newOrder,19916,0,14885,1678729188
newOrder,20140,1,14885,1678729188
newOrder,13034,0,22495,1678729188
newOrder,24999,1,22495,1678729188
cancel,13034,,,1678729774
cancel,19916,,,1678729774
cancel,20140,,,1678729774
cancel,24999,,,1678729774
newOrder,19916,0,14887,1678729789
newOrder,20140,1,14887,1678729789
newOrder,13034,0,48330,1678729789
newOrder,24999,1,48330,1678729789
cancel,13034,,,1678730376
cancel,19916,,,1678730376
cancel,20140,,,1678730376
cancel,24999,,,1678730376
newOrder,19916,0,14889,1678730385
newOrder,20140,1,14889,1678730385
newOrder,13034,0,28784,1678730385
newOrder,24999,1,28784,1678730385
cancel,13034,,,1678730973
cancel,19916,,,1678730973
cancel,20140,,,1678730973
cancel,24999,,,1678730973
newOrder,19916,0,14892,1678730986
newOrder,20140,1,14892,1678730986
newOrder,11950,0,66479,1678730986
newOrder,24999,1,66479,1678730986
cancel,11950,,,1678731573
cancel,19916,,,1678731573
cancel,20140,,,1678731573
cancel,24999,,,1678731573
newOrder,19916,0,14894,1678731582
newOrder,20140,1,14894,1678731582
newOrder,22349,1,19008,1678731582
cancel,19916,,,1678732173
cancel,20140,,,1678732173
cancel,22349,,,1678732173
newOrder,19916,0,14896,1678732182
newOrder,20140,1,14896,1678732182
newOrder,11950,0,74917,1678732182
newOrder,24999,1,74917,1678732182
cancel,11950,,,1678732774
cancel,19916,,,1678732774
cancel,20140,,,1678732774
cancel,24999,,,1678732774
newOrder,19916,0,14896,1678732784
newOrder,20144,1,14896,1678732784
newOrder,13034,0,22335,1678732784
newOrder,24999,1,22335,1678732784
cancel,13034,,,1678733375
cancel,19916,,,1678733375
cancel,20144,,,1678733375
cancel,24999,,,1678733375
newOrder,19916,0,14898,1678733384
newOrder,20144,1,14898,1678733384
newOrder,13034,0,50001,1678733384
newOrder,24999,1,50001,1678733384
cancel,13034,,,1678733972
cancel,19916,,,1678733972
cancel,20144,,,1678733972
cancel,24999,,,1678733972
newOrder,19916,0,14901,1678733982
newOrder,20144,1,14901,1678733982
newOrder,20419,1,14239,1678733982
cancel,19916,,,1678734574
cancel,20144,,,1678734574
cancel,20419,,,1678734574
newOrder,19916,0,14903,1678734583
newOrder,20144,1,14903,1678734583
newOrder,11950,0,79483,1678734583
newOrder,24999,1,79483,1678734583
cancel,11950,,,1678735173
cancel,19916,,,1678735173
cancel,20144,,,1678735173
cancel,24999,,,1678735173
newOrder,19916,0,14905,1678735183
newOrder,20144,1,14905,1678735183
newOrder,13034,0,43322,1678735183
newOrder,24999,1,43322,1678735183
cancel,13034,,,1678735773
cancel,19916,,,1678735773
cancel,20144,,,1678735773
cancel,24999,,,1678735773
newOrder,19916,0,14908,1678735782
newOrder,20144,1,14908,1678735782
newOrder,13034,0,51042,1678735782
newOrder,24999,1,51042,1678735782
cancel,13034,,,1678736376
cancel,19916,,,1678736376
cancel,20144,,,1678736376
cancel,24999,,,1678736376
newOrder,19916,0,14910,1678736385
newOrder,20144,1,14910,1678736385
newOrder,20419,1,16033,1678736385
cancel,19916,,,1678736557
cancel,20144,,,1678736557
cancel,20419,,,1678736557
newOrder,19916,0,14829,1678736566
newOrder,20257,1,14829,1678736566
newOrder,13034,0,33369,1678736566
newOrder,24999,1,33369,1678736566
cancel,13034,,,1678737188
cancel,19916,,,1678737188
cancel,20257,,,1678737188
cancel,24999,,,1678737188
newOrder,19916,0,14832,1678737196
newOrder,20257,1,14832,1678737196
newOrder,13004,0,51628,1678737196
newOrder,24999,1,51628,1678737196
cancel,13004,,,1678737788
cancel,19916,,,1678737788
cancel,20257,,,1678737788
cancel,24999,,,1678737788
newOrder,19916,0,14834,1678737794
newOrder,20257,1,14834,1678737794
newOrder,13034,0,40277,1678737794
newOrder,24999,1,40277,1678737794
cancel,13034,,,1678738395
cancel,19916,,,1678738395
cancel,20257,,,1678738395
cancel,24999,,,1678738395
newOrder,19916,0,14837,1678738402
newOrder,20257,1,14837,1678738402
newOrder,11950,0,69785,1678738402
newOrder,24999,1,69785,1678738402
cancel,11950,,,1678738989
cancel,19916,,,1678738989
cancel,20257,,,1678738989
cancel,24999,,,1678738989
newOrder,19916,0,14839,1678738995
newOrder,20257,1,14839,1678738995
newOrder,13034,0,34571,1678738995
newOrder,24999,1,34571,1678738995
cancel,13034,,,1678739588
cancel,19916,,,1678739588
cancel,20257,,,1678739588
cancel,24999,,,1678739588
newOrder,19916,0,14841,1678739594
newOrder,20257,1,14841,1678739594
newOrder,11950,0,66960,1678739594
newOrder,24999,1,66960,1678739594
cancel,11950,,,1678740188
cancel,19916,,,1678740188
cancel,20257,,,1678740188
cancel,24999,,,1678740188
newOrder,19916,0,14844,1678740195
newOrder,20257,1,14844,1678740195
newOrder,13034,0,46269,1678740195
newOrder,24999,1,46269,1678740195
cancel,13034,,,1678740788
cancel,19916,,,1678740788
cancel,20257,,,1678740788
cancel,24999,,,1678740788
newOrder,19916,0,14932,1678740794
newOrder,20137,1,14932,1678740794
newOrder,13004,0,56509,1678740794
newOrder,24999,1,56509,1678740794
cancel,13004,,,1678741388
cancel,19916,,,1678741388
cancel,20137,,,1678741388
cancel,24999,,,1678741388
newOrder,19916,0,14935,1678741396
newOrder,20137,1,14935,1678741396
newOrder,11950,0,80124,1678741396
newOrder,24999,1,80124,1678741396
cancel,11950,,,1678741987
cancel,19916,,,1678741987
cancel,20137,,,1678741987
cancel,24999,,,1678741987
newOrder,19916,0,14937,1678741995
newOrder,20137,1,14937,1678741995
newOrder,11950,0,70991,1678741995
newOrder,24999,1,70991,1678741995
cancel,11950,,,1678742594
cancel,19916,,,1678742594
cancel,20137,,,1678742594
cancel,24999,,,1678742594
newOrder,19916,0,14939,1678742601
newOrder,20137,1,14939,1678742601
newOrder,13034,0,42287,1678742601
newOrder,24999,1,42287,1678742601
cancel,13034,,,1678743188
cancel,19916,,,1678743188
cancel,20137,,,1678743188
cancel,24999,,,1678743188
newOrder,19916,0,14942,1678743197
newOrder,20137,1,14942,1678743197
newOrder,13034,0,34897,1678743197
newOrder,24999,1,34897,1678743197
cancel,13034,,,1678743788
cancel,19916,,,1678743788
cancel,20137,,,1678743788
cancel,24999,,,1678743788
newOrder,19916,0,14944,1678743798
newOrder,20137,1,14944,1678743798
newOrder,11950,0,78112,1678743798
newOrder,24999,1,78112,1678743798
cancel,11950,,,1678744387
cancel,19916,,,1678744387
cancel,20137,,,1678744387
cancel,24999,,,1678744387
newOrder,19916,0,14947,1678744404
newOrder,20137,1,14947,1678744404
newOrder,11950,0,77530,1678744404
newOrder,24999,1,77530,1678744404
cancel,11950,,,1678744988
cancel,19916,,,1678744988
cancel,20137,,,1678744988
cancel,24999,,,1678744988
newOrder,19916,0,14949,1678744996
newOrder,20137,1,14949,1678744996
newOrder,13034,0,35063,1678744996
newOrder,24999,1,35063,1678744996
cancel,13034,,,1678745589
cancel,19916,,,1678745589
cancel,20137,,,1678745589
cancel,24999,,,1678745589
newOrder,19916,0,14951,1678745598
newOrder,20137,1,14951,1678745598
newOrder,13034,0,34704,1678745598
newOrder,24999,1,34704,1678745598
cancel,13034,,,1678746189
cancel,19916,,,1678746189
cancel,20137,,,1678746189
cancel,24999,,,1678746189
newOrder,19916,0,14954,1678746195
newOrder,20137,1,14954,1678746195
newOrder,13034,0,38147,1678746195
newOrder,24999,1,38147,1678746195
cancel,13034,,,1678746788
cancel,19916,,,1678746788
cancel,20137,,,1678746788
cancel,24999,,,1678746788
newOrder,19916,0,14956,1678746795
newOrder,20137,1,14956,1678746795
newOrder,20419,1,16858,1678746795
cancel,19916,,,1678747388
cancel,20137,,,1678747388
cancel,20419,,,1678747388
newOrder,19916,0,14959,1678747396
newOrder,20137,1,14959,1678747396
newOrder,11950,0,37190,1678747396
newOrder,24999,1,37190,1678747396
cancel,11950,,,1678747988
cancel,19916,,,1678747988
cancel,20137,,,1678747988
cancel,24999,,,1678747988
newOrder,19916,0,14961,1678747994
newOrder,20137,1,14961,1678747994
newOrder,22349,1,18249,1678747994
cancel,19916,,,1678748589
cancel,20137,,,1678748589
cancel,22349,,,1678748589
newOrder,19916,0,14963,1678748595
newOrder,20137,1,14963,1678748595
newOrder,11950,0,61062,1678748595
newOrder,24999,1,61062,1678748595
cancel,11950,,,1678749188
cancel,19916,,,1678749188
cancel,20137,,,1678749188
cancel,24999,,,1678749188
newOrder,19916,0,14966,1678749194
newOrder,20137,1,14966,1678749194
newOrder,11950,0,72329,1678749194
newOrder,24999,1,72329,1678749194
cancel,11950,,,1678749789
cancel,19916,,,1678749789
cancel,20137,,,1678749789
cancel,24999,,,1678749789
newOrder,19916,0,14968,1678749797
newOrder,20137,1,14968,1678749797
newOrder,11950,0,73097,1678749797
newOrder,24999,1,73097,1678749797
cancel,11950,,,1678750388
cancel,19916,,,1678750388
cancel,20137,,,1678750388
cancel,24999,,,1678750388
newOrder,19916,0,14971,1678750397
newOrder,20137,1,14971,1678750397
newOrder,11950,0,55373,1678750397
newOrder,24999,1,55373,1678750397
cancel,11950,,,1678750988
cancel,19916,,,1678750988
cancel,20137,,,1678750988
cancel,24999,,,1678750988
newOrder,19916,0,14973,1678750995
newOrder,20137,1,14973,1678750995
newOrder,11950,0,37817,1678750995
newOrder,24999,1,37817,1678750995
cancel,11950,,,1678751588
cancel,19916,,,1678751588
cancel,20137,,,1678751588
cancel,24999,,,1678751588
newOrder,19916,0,14975,1678751596
newOrder,20137,1,14975,1678751596
newOrder,11950,0,53941,1678751596
newOrder,24999,1,53941,1678751596
cancel,11950,,,1678752189
cancel,19916,,,1678752189
cancel,20137,,,1678752189
cancel,24999,,,1678752189
newOrder,19916,0,14978,1678752195
newOrder,20137,1,14978,1678752195
newOrder,11950,0,58501,1678752195
newOrder,24999,1,58501,1678752195
cancel,11950,,,1678752788
cancel,19916,,,1678752788
cancel,20137,,,1678752788
cancel,24999,,,1678752788
newOrder,19916,0,14980,1678752795
newOrder,20137,1,14980,1678752795
newOrder,13004,0,28351,1678752795
newOrder,24999,1,28351,1678752795
cancel,13004,,,1678753388
cancel,19916,,,1678753388
cancel,20137,,,1678753388
cancel,24999,,,1678753388
newOrder,19916,0,15017,1678753396
newOrder,20084,1,15017,1678753396
newOrder,11950,0,43546,1678753396
newOrder,24999,1,43546,1678753396
cancel,11950,,,1678753986
cancel,19916,,,1678753986
cancel,20084,,,1678753986
cancel,24999,,,1678753986
newOrder,19916,0,15020,1678753996
newOrder,20084,1,15020,1678753996
newOrder,11950,0,78715,1678753996
newOrder,24999,1,78715,1678753996
cancel,11950,,,1678754589
cancel,19916,,,1678754589
cancel,20084,,,1678754589
cancel,24999,,,1678754589
newOrder,19916,0,15022,1678754597
newOrder,20084,1,15022,1678754597
newOrder,11950,0,53450,1678754597
newOrder,24999,1,53450,1678754597
cancel,11950,,,1678755188
cancel,19916,,,1678755188
cancel,20084,,,1678755188
cancel,24999,,,1678755188
newOrder,19916,0,15025,1678755195
newOrder,20084,1,15025,1678755195
newOrder,11950,0,40862,1678755195
newOrder,24999,1,40862,1678755195
cancel,11950,,,1678755788
cancel,19916,,,1678755788
cancel,20084,,,1678755788
cancel,24999,,,1678755788
newOrder,19916,0,15027,1678755795
newOrder,20084,1,15027,1678755795
newOrder,11950,0,55734,1678755795
newOrder,24999,1,55734,1678755795
cancel,11950,,,1678756388
cancel,19916,,,1678756388
cancel,20084,,,1678756388
cancel,24999,,,1678756388
newOrder,19916,0,15029,1678756396
newOrder,20084,1,15029,1678756396
newOrder,11950,0,43208,1678756396
newOrder,24999,1,43208,1678756396
cancel,11950,,,1678756987
cancel,19916,,,1678756987
cancel,20084,,,1678756987
cancel,24999,,,1678756987
newOrder,19916,0,15032,1678756996
newOrder,20084,1,15032,1678756996
newOrder,11950,0,31466,1678756996
newOrder,24999,1,31466,1678756996
cancel,11950,,,1678757588
cancel,19916,,,1678757588
cancel,20084,,,1678757588
cancel,24999,,,1678757588
newOrder,19916,0,15034,1678757596
newOrder,20084,1,15034,1678757596
newOrder,13004,0,29522,1678757596
newOrder,24999,1,29522,1678757596
cancel,13004,,,1678758189
cancel,19916,,,1678758189
cancel,20084,,,1678758189
cancel,24999,,,1678758189
newOrder,19916,0,15037,1678758195
newOrder,20084,1,15037,1678758195
newOrder,11950,0,52148,1678758195
newOrder,24999,1,52148,1678758195
cancel,11950,,,1678758788
cancel,19916,,,1678758788
cancel,20084,,,1678758788
cancel,24999,,,1678758788
newOrder,19916,0,15039,1678758796
newOrder,20084,1,15039,1678758796
newOrder,11950,0,72932,1678758796
newOrder,24999,1,72932,1678758796
cancel,11950,,,1678759389
cancel,19916,,,1678759389
cancel,20084,,,1678759389
cancel,24999,,,1678759389
newOrder,19916,0,15041,1678759395
newOrder,20084,1,15041,1678759395
newOrder,13004,0,22759,1678759395
newOrder,24999,1,22759,1678759395
cancel,13004,,,1678759989
cancel,19916,,,1678759989
cancel,20084,,,1678759989
cancel,24999,,,1678759989
newOrder,19916,0,15044,1678759995
newOrder,20084,1,15044,1678759995
newOrder,13004,0,28178,1678759995
newOrder,24999,1,28178,1678759995
cancel,13004,,,1678760588
cancel,19916,,,1678760588
cancel,20084,,,1678760588
cancel,24999,,,1678760588
newOrder,19916,0,14955,1678760595
newOrder,20217,1,14955,1678760595
newOrder,11950,0,66663,1678760595
newOrder,24999,1,66663,1678760595
cancel,11950,,,1678761188
cancel,19916,,,1678761188
cancel,20217,,,1678761188
cancel,24999,,,1678761188
newOrder,19916,0,14957,1678761195
newOrder,20217,1,14957,1678761195
newOrder,11950,0,60178,1678761195
newOrder,24999,1,60178,1678761195
cancel,11950,,,1678761790
cancel,19916,,,1678761790
cancel,20217,,,1678761790
cancel,24999,,,1678761790
newOrder,19916,0,14959,1678761797
newOrder,20217,1,14959,1678761797
newOrder,11950,0,60347,1678761797
newOrder,24999,1,60347,1678761797
cancel,11950,,,1678762388
cancel,19916,,,1678762388
cancel,20217,,,1678762388
cancel,24999,,,1678762388
newOrder,19916,0,14962,1678762395
newOrder,20217,1,14962,1678762395
newOrder,11950,0,43425,1678762395
newOrder,24999,1,43425,1678762395
cancel,11950,,,1678762988
cancel,19916,,,1678762988
cancel,20217,,,1678762988
cancel,24999,,,1678762988
newOrder,19916,0,14964,1678762995
newOrder,20217,1,14964,1678762995
newOrder,11950,0,53681,1678762995
newOrder,24999,1,53681,1678762995
cancel,11950,,,1678763587
cancel,19916,,,1678763587
cancel,20217,,,1678763587
cancel,24999,,,1678763587
newOrder,19916,0,14967,1678763594
newOrder,20217,1,14967,1678763594
newOrder,11950,0,56347,1678763594
newOrder,24999,1,56347,1678763594
cancel,11950,,,1678764187
cancel,19916,,,1678764187
cancel,20217,,,1678764187
cancel,24999,,,1678764187
newOrder,19916,0,14969,1678764195
newOrder,20217,1,14969,1678764195
newOrder,11950,0,36948,1678764195
newOrder,24999,1,36948,1678764195
cancel,11950,,,1678764788
cancel,19916,,,1678764788
cancel,20217,,,1678764788
cancel,24999,,,1678764788
newOrder,19916,0,14971,1678764794
newOrder,20217,1,14971,1678764794
newOrder,11950,0,58253,1678764794
newOrder,24999,1,58253,1678764794
cancel,11950,,,1678765388
cancel,19916,,,1678765388
cancel,20217,,,1678765388
cancel,24999,,,1678765388
newOrder,19916,0,14974,1678765396
newOrder,20217,1,14974,1678765396
newOrder,20419,1,16279,1678765396
cancel,19916,,,1678765988
cancel,20217,,,1678765988
cancel,20419,,,1678765988
newOrder,19916,0,14976,1678765999
newOrder,20217,1,14976,1678765999
newOrder,11950,0,47228,1678765999
newOrder,24999,1,47228,1678765999
cancel,11950,,,1678766588
cancel,19916,,,1678766588
cancel,20217,,,1678766588
cancel,24999,,,1678766588
newOrder,19916,0,14979,1678766594
newOrder,20217,1,14979,1678766594
newOrder,11950,0,80340,1678766594
newOrder,24999,1,80340,1678766594
cancel,11950,,,1678767188
cancel,19916,,,1678767188
cancel,20217,,,1678767188
cancel,24999,,,1678767188
newOrder,19916,0,14981,1678767194
newOrder,20217,1,14981,1678767194
newOrder,11950,0,58941,1678767194
newOrder,24999,1,58941,1678767194
cancel,11950,,,1678767795
cancel,19916,,,1678767795
cancel,20217,,,1678767795
cancel,24999,,,1678767795
newOrder,19916,0,15069,1678767804
newOrder,20094,1,15069,1678767804
newOrder,13007,0,19669,1678767804
newOrder,22349,1,19669,1678767804
cancel,13007,,,1678768388
cancel,19916,,,1678768388
cancel,20094,,,1678768388
cancel,22349,,,1678768388
newOrder,19916,0,15072,1678768395
newOrder,20094,1,15072,1678768395
newOrder,20419,1,16534,1678768395
cancel,19916,,,1678768988
cancel,20094,,,1678768988
cancel,20419,,,1678768988
newOrder,19916,0,15074,1678768996
newOrder,20094,1,15074,1678768996
newOrder,11950,0,72475,1678768996
newOrder,24999,1,72475,1678768996
cancel,11950,,,1678769588
cancel,19916,,,1678769588
cancel,20094,,,1678769588
cancel,24999,,,1678769588
newOrder,19916,0,15077,1678769598
newOrder,20094,1,15077,1678769598
newOrder,13003,0,40056,1678769598
newOrder,24999,1,40056,1678769598
cancel,13003,,,1678770188
cancel,19916,,,1678770188
cancel,20094,,,1678770188
cancel,24999,,,1678770188
newOrder,19916,0,15077,1678770195
newOrder,20097,1,15077,1678770195
newOrder,13006,0,38100,1678770195
newOrder,24999,1,38100,1678770195
cancel,13006,,,1678770785
cancel,19916,,,1678770785
cancel,20097,,,1678770785
cancel,24999,,,1678770785
newOrder,19916,0,15079,1678770800
newOrder,20097,1,15079,1678770800
newOrder,13006,0,32061,1678770800
newOrder,24999,1,32061,1678770800
cancel,13006,,,1678771388
cancel,19916,,,1678771388
cancel,20097,,,1678771388
cancel,24999,,,1678771388
newOrder,19916,0,15082,1678771395
newOrder,20097,1,15082,1678771395
newOrder,11950,0,62902,1678771395
newOrder,24999,1,62902,1678771395
cancel,11950,,,1678771988
cancel,19916,,,1678771988
cancel,20097,,,1678771988
cancel,24999,,,1678771988
newOrder,19916,0,15084,1678771997
newOrder,20097,1,15084,1678771997
newOrder,13008,0,26592,1678771997
newOrder,24999,1,26592,1678771997
cancel,13008,,,1678772588
cancel,19916,,,1678772588
cancel,20097,,,1678772588
cancel,24999,,,1678772588
newOrder,19916,0,15087,1678772595
newOrder,20097,1,15087,1678772595
newOrder,11950,0,55092,1678772595
newOrder,24999,1,55092,1678772595
cancel,11950,,,1678773188
cancel,19916,,,1678773188
cancel,20097,,,1678773188
cancel,24999,,,1678773188
newOrder,19916,0,15089,1678773194
newOrder,20097,1,15089,1678773194
newOrder,11950,0,53640,1678773194
newOrder,24999,1,53640,1678773194
cancel,11950,,,1678773791
cancel,19916,,,1678773791
cancel,20097,,,1678773791
cancel,24999,,,1678773791
newOrder,19916,0,15092,1678773799
newOrder,20097,1,15092,1678773799
newOrder,20419,1,18206,1678773799
cancel,19916,,,1678774388
cancel,20097,,,1678774388
cancel,20419,,,1678774388
newOrder,19916,0,15094,1678774395
newOrder,20097,1,15094,1678774395
newOrder,11950,0,58607,1678774395
newOrder,24999,1,58607,1678774395
cancel,11950,,,1678774987
cancel,19916,,,1678774987
cancel,20097,,,1678774987
cancel,24999,,,1678774987
newOrder,19916,0,15097,1678774994
newOrder,20097,1,15097,1678774994
newOrder,13006,0,35667,1678774994
newOrder,24999,1,35667,1678774994
cancel,13006,,,1678775588
cancel,19916,,,1678775588
cancel,20097,,,1678775588
cancel,24999,,,1678775588
newOrder,19916,0,15099,1678775595
newOrder,20097,1,15099,1678775595
newOrder,13006,0,35378,1678775595
newOrder,24999,1,35378,1678775595
cancel,13006,,,1678776188
cancel,19916,,,1678776188
cancel,20097,,,1678776188
cancel,24999,,,1678776188
newOrder,19916,0,15101,1678776195
newOrder,20097,1,15101,1678776195
newOrder,11950,0,75306,1678776195
newOrder,24999,1,75306,1678776195
cancel,11950,,,1678776788
cancel,19916,,,1678776788
cancel,20097,,,1678776788
cancel,24999,,,1678776788
newOrder,19891,0,15128,1678776795
newOrder,20084,1,15128,1678776795
newOrder,11935,0,67195,1678776795
newOrder,24999,1,67195,1678776795
cancel,11935,,,1678777988
cancel,19891,,,1678777988
cancel,20084,,,1678777988
cancel,24999,,,1678777988
newOrder,19891,0,15133,1678777996
newOrder,20084,1,15133,1678777996
newOrder,11935,0,57351,1678777996
newOrder,24999,1,57351,1678777996
cancel,11935,,,1678778588
cancel,19891,,,1678778588
cancel,20084,,,1678778588
cancel,24999,,,1678778588
newOrder,19891,0,15135,1678778595
newOrder,20084,1,15135,1678778595
newOrder,11935,0,51933,1678778595
newOrder,24999,1,51933,1678778595
cancel,11935,,,1678779188
cancel,19891,,,1678779188
cancel,20084,,,1678779188
cancel,24999,,,1678779188
newOrder,19891,0,15138,1678779197
newOrder,20084,1,15138,1678779197
newOrder,11935,0,73751,1678779197
newOrder,24999,1,73751,1678779197
cancel,11935,,,1678779788
cancel,19891,,,1678779788
cancel,20084,,,1678779788
cancel,24999,,,1678779788
newOrder,19891,0,15140,1678779797
newOrder,20084,1,15140,1678779797
newOrder,13008,0,25337,1678779797
newOrder,24999,1,25337,1678779797
cancel,13008,,,1678780388
cancel,19891,,,1678780388
cancel,20084,,,1678780388
cancel,24999,,,1678780388
newOrder,19891,0,15143,1678780397
newOrder,20084,1,15143,1678780397
newOrder,13006,0,35005,1678780397
newOrder,24999,1,35005,1678780397
cancel,13006,,,1678780988
cancel,19891,,,1678780988
cancel,20084,,,1678780988
cancel,24999,,,1678780988
newOrder,19891,0,15145,1678780996
newOrder,20084,1,15145,1678780996
newOrder,11935,0,41904,1678780996
newOrder,24999,1,41904,1678780996
cancel,11935,,,1678781595
cancel,19891,,,1678781595
cancel,20084,,,1678781595
cancel,24999,,,1678781595
newOrder,19891,0,15148,1678781605
newOrder,20084,1,15148,1678781605
newOrder,11935,0,61924,1678781605
newOrder,24999,1,61924,1678781605
cancel,11935,,,1678782188
cancel,19891,,,1678782188
cancel,20084,,,1678782188
cancel,24999,,,1678782188
newOrder,19891,0,15150,1678782196
newOrder,20084,1,15150,1678782196
newOrder,13006,0,31887,1678782196
newOrder,24999,1,31887,1678782196
cancel,13006,,,1678782788
cancel,19891,,,1678782788
cancel,20084,,,1678782788
cancel,24999,,,1678782788
newOrder,19891,0,15152,1678782797
newOrder,20084,1,15152,1678782797
newOrder,11935,0,58188,1678782797
newOrder,24999,1,58188,1678782797
cancel,11935,,,1678783388
cancel,19891,,,1678783388
cancel,20084,,,1678783388
cancel,24999,,,1678783388
newOrder,19891,0,15155,1678783396
newOrder,20084,1,15155,1678783396
newOrder,13008,0,24781,1678783396
newOrder,24999,1,24781,1678783396
cancel,13008,,,1678783989
cancel,19891,,,1678783989
cancel,20084,,,1678783989
cancel,24999,,,1678783989
newOrder,19891,0,15157,1678783996
newOrder,20084,1,15157,1678783996
newOrder,13006,0,29304,1678783996
newOrder,24999,1,29304,1678783996
cancel,13006,,,1678784593
cancel,19891,,,1678784593
cancel,20084,,,1678784593
cancel,24999,,,1678784593
newOrder,19891,0,15160,1678784602
newOrder,20084,1,15160,1678784602
newOrder,11935,0,45525,1678784602
newOrder,24999,1,45525,1678784602
cancel,11935,,,1678785188
cancel,19891,,,1678785188
cancel,20084,,,1678785188
cancel,24999,,,1678785188
newOrder,19891,0,15162,1678785197
newOrder,20084,1,15162,1678785197
newOrder,11935,0,81841,1678785197
newOrder,24999,1,81841,1678785197
cancel,11935,,,1678785788
cancel,19891,,,1678785788
cancel,20084,,,1678785788
cancel,24999,,,1678785788
newOrder,19891,0,15165,1678785795
newOrder,20084,1,15165,1678785795
newOrder,20419,1,10372,1678785795
cancel,19891,,,1678786390
cancel,20084,,,1678786390
cancel,20419,,,1678786390
newOrder,19891,0,15167,1678786398
newOrder,20084,1,15167,1678786398
newOrder,11935,0,64222,1678786398
newOrder,24999,1,64222,1678786398
cancel,11935,,,1678786988
cancel,19891,,,1678786988
cancel,20084,,,1678786988
cancel,24999,,,1678786988
newOrder,19891,0,15170,1678786997
newOrder,20084,1,15170,1678786997
newOrder,13006,0,33459,1678786997
newOrder,24999,1,33459,1678786997
cancel,13006,,,1678787589
cancel,19891,,,1678787589
cancel,20084,,,1678787589
cancel,24999,,,1678787589
newOrder,19891,0,15172,1678787598
newOrder,20084,1,15172,1678787598
newOrder,11935,0,48497,1678787598
newOrder,24999,1,48497,1678787598
cancel,11935,,,1678788189
cancel,19891,,,1678788189
cancel,20084,,,1678788189
cancel,24999,,,1678788189
newOrder,19891,0,15175,1678788197
newOrder,20084,1,15175,1678788197
newOrder,11935,0,65718,1678788197
newOrder,24999,1,65718,1678788197
cancel,11935,,,1678788788
cancel,19891,,,1678788788
cancel,20084,,,1678788788
cancel,24999,,,1678788788
newOrder,19891,0,15177,1678788795
newOrder,20084,1,15177,1678788795
newOrder,11935,0,42532,1678788795
newOrder,24999,1,42532,1678788795
cancel,11935,,,1678789388
cancel,19891,,,1678789388
cancel,20084,,,1678789388
cancel,24999,,,1678789388
newOrder,19890,0,15180,1678789395
newOrder,20084,1,15180,1678789395
newOrder,22584,1,11319,1678789395
cancel,19890,,,1678789988
cancel,20084,,,1678789988
cancel,22584,,,1678789988
newOrder,19890,0,15183,1678789996
newOrder,20084,1,15183,1678789996
newOrder,11934,0,77760,1678789996
newOrder,24999,1,77760,1678789996
cancel,11934,,,1678790589
cancel,19890,,,1678790589
cancel,20084,,,1678790589
cancel,24999,,,1678790589
newOrder,19890,0,15185,1678790597
newOrder,20084,1,15185,1678790597
newOrder,11934,0,51525,1678790597
newOrder,24999,1,51525,1678790597
cancel,11934,,,1678791188
cancel,19890,,,1678791188
cancel,20084,,,1678791188
cancel,24999,,,1678791188
newOrder,19890,0,15188,1678791196
newOrder,20084,1,15188,1678791196
newOrder,11934,0,54320,1678791196
newOrder,24999,1,54320,1678791196
cancel,11934,,,1678791787
cancel,19890,,,1678791787
cancel,20084,,,1678791787
cancel,24999,,,1678791787
newOrder,19890,0,15190,1678791795
newOrder,20084,1,15190,1678791795
newOrder,13006,0,34657,1678791795
newOrder,24999,1,34657,1678791795
cancel,13006,,,1678792388
cancel,19890,,,1678792388
cancel,20084,,,1678792388
cancel,24999,,,1678792388
newOrder,19890,0,15193,1678792397
newOrder,20084,1,15193,1678792397
newOrder,11934,0,72304,1678792397
newOrder,24999,1,72304,1678792397
cancel,11934,,,1678792989
cancel,19890,,,1678792989
cancel,20084,,,1678792989
cancel,24999,,,1678792989
newOrder,19890,0,15195,1678792997
newOrder,20084,1,15195,1678792997
newOrder,11934,0,59722,1678792997
newOrder,24999,1,59722,1678792997
cancel,11934,,,1678793588
cancel,19890,,,1678793588
cancel,20084,,,1678793588
cancel,24999,,,1678793588
newOrder,19890,0,15198,1678793597
newOrder,20084,1,15198,1678793597
newOrder,11934,0,47023,1678793597
newOrder,24999,1,47023,1678793597
cancel,11934,,,1678794189
cancel,19890,,,1678794189
cancel,20084,,,1678794189
cancel,24999,,,1678794189
newOrder,19890,0,15200,1678794197
newOrder,20084,1,15200,1678794197
newOrder,11934,0,50588,1678794197
newOrder,24999,1,50588,1678794197
cancel,11934,,,1678794789
cancel,19890,,,1678794789
cancel,20084,,,1678794789
cancel,24999,,,1678794789
newOrder,19896,0,15200,1678794796
newOrder,20084,1,15200,1678794796
newOrder,11937,0,45149,1678794796
newOrder,24999,1,45149,1678794796
cancel,11937,,,1678795389
cancel,19896,,,1678795389
cancel,20084,,,1678795389
cancel,24999,,,1678795389
newOrder,19896,0,15202,1678795399
newOrder,20084,1,15202,1678795399
newOrder,22584,1,10384,1678795399