instruction,price,side,qty,time
cancel,12004,,,1677759562
cancel,19909,,,1677759562
cancel,20281,,,1677759562
cancel,24999,,,1677759562
newOrder,19909,0,9729,1677759569
newOrder,20283,1,9729,1677759569
newOrder,12004,0,38916,1677759569
newOrder,24999,1,38916,1677759569
cancel,12004,,,1677760162
cancel,19909,,,1677760162
cancel,20283,,,1677760162
cancel,24999,,,1677760162
newOrder,19909,0,9730,1677760169
newOrder,20284,1,9730,1677760169
newOrder,12004,0,38919,1677760169
newOrder,24999,1,38919,1677760169
cancel,12004,,,1677760762
cancel,19909,,,1677760762
cancel,20284,,,1677760762
cancel,24999,,,1677760762
newOrder,19909,0,9730,1677760771
newOrder,20285,1,9730,1677760771
newOrder,12004,0,38922,1677760771
newOrder,24999,1,38922,1677760771
cancel,12004,,,1677761361
cancel,19909,,,1677761361
cancel,20285,,,1677761361
cancel,24999,,,1677761361
newOrder,19909,0,9732,1677761368
newOrder,20285,1,9732,1677761368
newOrder,12004,0,38927,1677761368
newOrder,24999,1,38927,1677761368
cancel,12004,,,1677761960
cancel,19909,,,1677761960
cancel,20285,,,1677761960
cancel,24999,,,1677761960
newOrder,19909,0,9733,1677761969
newOrder,20284,1,9733,1677761969
newOrder,12004,0,38932,1677761969
newOrder,24999,1,38932,1677761969
cancel,12004,,,1677762562
cancel,19909,,,1677762562
cancel,20284,,,1677762562
cancel,24999,,,1677762562
newOrder,19909,0,9735,1677762570
newOrder,20283,1,9735,1677762570
newOrder,12004,0,38938,1677762570
newOrder,24999,1,38938,1677762570
cancel,12004,,,1677763162
cancel,19909,,,1677763162
cancel,20283,,,1677763162
cancel,24999,,,1677763162
newOrder,19909,0,9735,1677763172
newOrder,20284,1,9735,1677763172
newOrder,11946,0,38942,1677763172
newOrder,24999,1,38942,1677763172
cancel,11946,,,1677763762
cancel,19909,,,1677763762
cancel,20284,,,1677763762
cancel,24999,,,1677763762
newOrder,19909,0,9737,1677763769
newOrder,20284,1,9737,1677763769
newOrder,11946,0,38946,1677763769
newOrder,24999,1,38946,1677763769
cancel,11946,,,1677764361
cancel,19909,,,1677764361
cancel,20284,,,1677764361
cancel,24999,,,1677764361
newOrder,19909,0,9738,1677764368
newOrder,20282,1,9738,1677764368
newOrder,11946,0,38954,1677764368
newOrder,24999,1,38954,1677764368
cancel,11946,,,1677764962
cancel,19909,,,1677764962
cancel,20282,,,1677764962
cancel,24999,,,1677764962
newOrder,19909,0,9739,1677764969
newOrder,20283,1,9739,1677764969
newOrder,11946,0,38957,1677764969
newOrder,24999,1,38957,1677764969
cancel,11946,,,1677765561
cancel,19909,,,1677765561
cancel,20283,,,1677765561
cancel,24999,,,1677765561
newOrder,19909,0,9740,1677765571
newOrder,20283,1,9740,1677765571
newOrder,11946,0,38961,1677765571
newOrder,24999,1,38961,1677765571
cancel,11946,,,1677766162
cancel,19909,,,1677766162
cancel,20283,,,1677766162
cancel,24999,,,1677766162
newOrder,19909,0,9742,1677766169
newOrder,20282,1,9742,1677766169
newOrder,11946,0,38967,1677766169
newOrder,24999,1,38967,1677766169
cancel,11946,,,1677766762
cancel,19909,,,1677766762
cancel,20282,,,1677766762
cancel,24999,,,1677766762
newOrder,19909,0,9743,1677766769
newOrder,20283,1,9743,1677766769
newOrder,11946,0,38971,1677766769
newOrder,24999,1,38971,1677766769
cancel,11946,,,1677767361
cancel,19909,,,1677767361
cancel,20283,,,1677767361
cancel,24999,,,1677767361
newOrder,19909,0,9744,1677767369
newOrder,20283,1,9744,1677767369
newOrder,11946,0,38975,1677767369
newOrder,24999,1,38975,1677767369
cancel,11946,,,1677767961
cancel,19909,,,1677767961
cancel,20283,,,1677767961
cancel,24999,,,1677767961
newOrder,19909,0,9745,1677767968
newOrder,20283,1,9745,1677767968
newOrder,11946,0,38979,1677767968
newOrder,24999,1,38979,1677767968
cancel,11946,,,1677768561
cancel,19909,,,1677768561
cancel,20283,,,1677768561
cancel,24999,,,1677768561
newOrder,19909,0,9746,1677768568
newOrder,20283,1,9746,1677768568
newOrder,11946,0,38984,1677768568
newOrder,24999,1,38984,1677768568
cancel,11946,,,1677769162
cancel,19909,,,1677769162
cancel,20283,,,1677769162
cancel,24999,,,1677769162
newOrder,19909,0,9747,1677769170
newOrder,20285,1,9747,1677769170
newOrder,11946,0,38987,1677769170
newOrder,24999,1,38987,1677769170
cancel,11946,,,1677769764
cancel,19909,,,1677769764
cancel,20285,,,1677769764
cancel,24999,,,1677769764
newOrder,19909,0,9748,1677769776
newOrder,20284,1,9748,1677769776
newOrder,11946,0,38993,1677769776
newOrder,24999,1,38993,1677769776
cancel,11946,,,1677770364
cancel,19909,,,1677770364
cancel,20284,,,1677770364
cancel,24999,,,1677770364
newOrder,19909,0,9749,1677770372
newOrder,20284,1,9749,1677770372
newOrder,11946,0,38997,1677770372
newOrder,24999,1,38997,1677770372
cancel,11946,,,1677770961
cancel,19909,,,1677770961
cancel,20284,,,1677770961
cancel,24999,,,1677770961
newOrder,19909,0,9751,1677770969
newOrder,20283,1,9751,1677770969
newOrder,11946,0,39003,1677770969
newOrder,24999,1,39003,1677770969
cancel,11946,,,1677771561
cancel,19909,,,1677771561
cancel,20283,,,1677771561
cancel,24999,,,1677771561
newOrder,19909,0,9751,1677771569
newOrder,20285,1,9751,1677771569
newOrder,11946,0,39005,1677771569
newOrder,24999,1,39005,1677771569
cancel,11946,,,1677772161
cancel,19909,,,1677772161
cancel,20285,,,1677772161
cancel,24999,,,1677772161
newOrder,19909,0,9753,1677772168
newOrder,20284,1,9753,1677772168
newOrder,11946,0,39011,1677772168
newOrder,24999,1,39011,1677772168
cancel,11946,,,1677772761
cancel,19909,,,1677772761
cancel,20284,,,1677772761
cancel,24999,,,1677772761
newOrder,19909,0,9754,1677772768
newOrder,20285,1,9754,1677772768
newOrder,11946,0,39014,1677772768
newOrder,24999,1,39014,1677772768
cancel,11946,,,1677773361
cancel,19909,,,1677773361
cancel,20285,,,1677773361
cancel,24999,,,1677773361
newOrder,19909,0,9755,1677773369
newOrder,20283,1,9755,1677773369
newOrder,11946,0,39021,1677773369
newOrder,24999,1,39021,1677773369
cancel,11946,,,1677773961
cancel,19909,,,1677773961
cancel,20283,,,1677773961
cancel,24999,,,1677773961
newOrder,19909,0,9756,1677773969
newOrder,20285,1,9756,1677773969
newOrder,11946,0,39024,1677773969
newOrder,24999,1,39024,1677773969
cancel,11946,,,1677774561
cancel,19909,,,1677774561
cancel,20285,,,1677774561
cancel,24999,,,1677774561
newOrder,19909,0,9757,1677774569
newOrder,20284,1,9757,1677774569
newOrder,11946,0,39029,1677774569
newOrder,24999,1,39029,1677774569
cancel,11946,,,1677775161
cancel,19909,,,1677775161
cancel,20284,,,1677775161
cancel,24999,,,1677775161
newOrder,19909,0,9759,1677775169
newOrder,20283,1,9759,1677775169
newOrder,11946,0,39036,1677775169
newOrder,24999,1,39036,1677775169
cancel,11946,,,1677775762
cancel,19909,,,1677775762
cancel,20283,,,1677775762
cancel,24999,,,1677775762
newOrder,19909,0,9760,1677775769
newOrder,20284,1,9760,1677775769
newOrder,11946,0,39039,1677775769
newOrder,24999,1,39039,1677775769
cancel,11946,,,1677776361
cancel,19909,,,1677776361
cancel,20284,,,1677776361
cancel,24999,,,1677776361
newOrder,19909,0,9761,1677776368
newOrder,20284,1,9761,1677776368
newOrder,11946,0,39043,1677776368
newOrder,24999,1,39043,1677776368
cancel,11946,,,1677776961
cancel,19909,,,1677776961
cancel,20284,,,1677776961
cancel,24999,,,1677776961
newOrder,19909,0,9762,1677776970
newOrder,20283,1,9762,1677776970
newOrder,11946,0,39050,1677776970
newOrder,24999,1,39050,1677776970
cancel,11946,,,1677777563
cancel,19909,,,1677777563
cancel,20283,,,1677777563
cancel,24999,,,1677777563
newOrder,19909,0,9768,1677777572
newOrder,20271,1,9768,1677777572
newOrder,11946,0,39070,1677777572
newOrder,24999,1,39070,1677777572
cancel,11946,,,1677778161
cancel,19909,,,1677778161
cancel,20271,,,1677778161
cancel,24999,,,1677778161
newOrder,19909,0,9765,1677778174
newOrder,20282,1,9765,1677778174
newOrder,11946,0,39059,1677778174
newOrder,24999,1,39059,1677778174
cancel,11946,,,1677779360
cancel,19909,,,1677779360
cancel,20282,,,1677779360
cancel,24999,,,1677779360
newOrder,19909,0,9767,1677779369
newOrder,20283,1,9767,1677779369
newOrder,11946,0,39067,1677779369
newOrder,24999,1,39067,1677779369
cancel,11946,,,1677779963
cancel,19909,,,1677779963
cancel,20283,,,1677779963
cancel,24999,,,1677779963
newOrder,19909,0,9772,1677779973
newOrder,20271,1,9772,1677779973
newOrder,11946,0,39089,1677779973
newOrder,24999,1,39089,1677779973
cancel,11946,,,1677780561
cancel,19909,,,1677780561
cancel,20271,,,1677780561
cancel,24999,,,1677780561
newOrder,19909,0,9769,1677780570
newOrder,20284,1,9769,1677780570
newOrder,11946,0,39075,1677780570
newOrder,24999,1,39075,1677780570
cancel,11946,,,1677781162
cancel,19909,,,1677781162
cancel,20284,,,1677781162
cancel,24999,,,1677781162
newOrder,19909,0,9770,1677781170
newOrder,20285,1,9770,1677781170
newOrder,11946,0,39079,1677781170
newOrder,24999,1,39079,1677781170
cancel,11946,,,1677781761
cancel,19909,,,1677781761
cancel,20285,,,1677781761
cancel,24999,,,1677781761
newOrder,19909,0,9771,1677781769
newOrder,20283,1,9771,1677781769
newOrder,11946,0,39086,1677781769
newOrder,24999,1,39086,1677781769
cancel,11946,,,1677782362
cancel,19909,,,1677782362
cancel,20283,,,1677782362
cancel,24999,,,1677782362
newOrder,19909,0,9795,1677782370
newOrder,20217,1,9795,1677782370
newOrder,11946,0,39180,1677782370
newOrder,24999,1,39180,1677782370
cancel,11946,,,1677782962
cancel,19909,,,1677782962
cancel,20217,,,1677782962
cancel,24999,,,1677782962
newOrder,19909,0,9796,1677782971
newOrder,20217,1,9796,1677782971
newOrder,11946,0,39184,1677782971
newOrder,24999,1,39184,1677782971
cancel,11946,,,1677783562
cancel,19909,,,1677783562
cancel,20217,,,1677783562
cancel,24999,,,1677783562
newOrder,19909,0,9776,1677783571
newOrder,20280,1,9776,1677783571
newOrder,11946,0,39105,1677783571
newOrder,24999,1,39105,1677783571
cancel,11946,,,1677784161
cancel,19909,,,1677784161
cancel,20280,,,1677784161
cancel,24999,,,1677784161
newOrder,19909,0,9778,1677784172
newOrder,20279,1,9778,1677784172
newOrder,11946,0,39110,1677784172
newOrder,24999,1,39110,1677784172
cancel,11946,,,1677784761
cancel,19909,,,1677784761
cancel,20279,,,1677784761
cancel,24999,,,1677784761
newOrder,19909,0,9779,1677784769
newOrder,20279,1,9779,1677784769
newOrder,11946,0,39115,1677784769
newOrder,24999,1,39115,1677784769
cancel,11946,,,1677785361
cancel,19909,,,1677785361
cancel,20279,,,1677785361
cancel,24999,,,1677785361
newOrder,19909,0,9780,1677785370
newOrder,20279,1,9780,1677785370
newOrder,11946,0,39120,1677785370
newOrder,24999,1,39120,1677785370
cancel,11946,,,1677785962
cancel,19909,,,1677785962
cancel,20279,,,1677785962
cancel,24999,,,1677785962
newOrder,19909,0,9781,1677785970
newOrder,20279,1,9781,1677785970
newOrder,11946,0,39124,1677785970
newOrder,24999,1,39124,1677785970
cancel,11946,,,1677786561
cancel,19909,,,1677786561
cancel,20279,,,1677786561
cancel,24999,,,1677786561
newOrder,19909,0,9782,1677786568
newOrder,20279,1,9782,1677786568
newOrder,11946,0,39129,1677786568
newOrder,24999,1,39129,1677786568
cancel,11946,,,1677787162
cancel,19909,,,1677787162
cancel,20279,,,1677787162
cancel,24999,,,1677787162
newOrder,19909,0,9783,1677787169
newOrder,20279,1,9783,1677787169
newOrder,11946,0,39134,1677787169
newOrder,24999,1,39134,1677787169
cancel,11946,,,1677787761
cancel,19909,,,1677787761
cancel,20279,,,1677787761
cancel,24999,,,1677787761
newOrder,19909,0,9785,1677787768
newOrder,20279,1,9785,1677787768
newOrder,11946,0,39138,1677787768
newOrder,24999,1,39138,1677787768
cancel,11946,,,1677788362
cancel,19909,,,1677788362
cancel,20279,,,1677788362
cancel,24999,,,1677788362
newOrder,19909,0,9786,1677788369
newOrder,20279,1,9786,1677788369
newOrder,11946,0,39143,1677788369
newOrder,24999,1,39143,1677788369
cancel,11946,,,1677788962
cancel,19909,,,1677788962
cancel,20279,,,1677788962
cancel,24999,,,1677788962
newOrder,19909,0,9787,1677788979
newOrder,20279,1,9787,1677788979
newOrder,11946,0,39148,1677788979
newOrder,24999,1,39148,1677788979
cancel,11946,,,1677789560
cancel,19909,,,1677789560
cancel,20279,,,1677789560
cancel,24999,,,1677789560
newOrder,19909,0,9788,1677789570
newOrder,20279,1,9788,1677789570
newOrder,11946,0,39152,1677789570
newOrder,24999,1,39152,1677789570
cancel,11946,,,1677790162
cancel,19909,,,1677790162
cancel,20279,,,1677790162
cancel,24999,,,1677790162
newOrder,19909,0,9789,1677790168
newOrder,20279,1,9789,1677790168
newOrder,11946,0,39157,1677790168
newOrder,24999,1,39157,1677790168
cancel,11946,,,1677790763
cancel,19909,,,1677790763
cancel,20279,,,1677790763
cancel,24999,,,1677790763
newOrder,19909,0,9790,1677790771
newOrder,20279,1,9790,1677790771
newOrder,11946,0,39162,1677790771
newOrder,24999,1,39162,1677790771
cancel,11946,,,1677791362
cancel,19909,,,1677791362
cancel,20279,,,1677791362
cancel,24999,,,1677791362
newOrder,19909,0,9792,1677791368
newOrder,20279,1,9792,1677791368
newOrder,11946,0,39166,1677791368
newOrder,24999,1,39166,1677791368
cancel,11946,,,1677791962
cancel,19909,,,1677791962
cancel,20279,,,1677791962
cancel,24999,,,1677791962
newOrder,19909,0,9793,1677791969
newOrder,20279,1,9793,1677791969
newOrder,11946,0,39171,1677791969
newOrder,24999,1,39171,1677791969
cancel,11946,,,1677792561
cancel,19909,,,1677792561
cancel,20279,,,1677792561
cancel,24999,,,1677792561
newOrder,19909,0,9794,1677792568
newOrder,20279,1,9794,1677792568
newOrder,11946,0,39175,1677792568
newOrder,24999,1,39175,1677792568
cancel,11946,,,1677793161
cancel,19909,,,1677793161
cancel,20279,,,1677793161
cancel,24999,,,1677793161
newOrder,19909,0,9795,1677793168
newOrder,20279,1,9795,1677793168
newOrder,11946,0,39180,1677793168
newOrder,24999,1,39180,1677793168
cancel,11946,,,1677793761
cancel,19909,,,1677793761
cancel,20279,,,1677793761
cancel,24999,,,1677793761
newOrder,19909,0,9796,1677793768
newOrder,20279,1,9796,1677793768
newOrder,11946,0,39185,1677793768
newOrder,24999,1,39185,1677793768
cancel,11946,,,1677794362
cancel,19909,,,1677794362
cancel,20279,,,1677794362
cancel,24999,,,1677794362
newOrder,19909,0,9797,1677794369
newOrder,20279,1,9797,1677794369
newOrder,11946,0,39189,1677794369
newOrder,24999,1,39189,1677794369
cancel,11946,,,1677794961
cancel,19909,,,1677794961
cancel,20279,,,1677794961
cancel,24999,,,1677794961
newOrder,19909,0,9799,1677794968
newOrder,20279,1,9799,1677794968
newOrder,11946,0,39194,1677794968
newOrder,24999,1,39194,1677794968
cancel,11946,,,1677795561
cancel,19909,,,1677795561
cancel,20279,,,1677795561
cancel,24999,,,1677795561
newOrder,19909,0,9800,1677795569
newOrder,20279,1,9800,1677795569
newOrder,11946,0,39199,1677795569
newOrder,24999,1,39199,1677795569
cancel,11946,,,1677796161
cancel,19909,,,1677796161
cancel,20279,,,1677796161
cancel,24999,,,1677796161
newOrder,19909,0,9801,1677796170
newOrder,20279,1,9801,1677796170
newOrder,11946,0,39203,1677796170
newOrder,24999,1,39203,1677796170
cancel,11946,,,1677796762
cancel,19909,,,1677796762
cancel,20279,,,1677796762
cancel,24999,,,1677796762
newOrder,19909,0,9802,1677796769
newOrder,20279,1,9802,1677796769
newOrder,11946,0,39208,1677796769
newOrder,24999,1,39208,1677796769
cancel,11946,,,1677797362
cancel,19909,,,1677797362
cancel,20279,,,1677797362
cancel,24999,,,1677797362
newOrder,19909,0,9796,1677797369
newOrder,20299,1,9796,1677797369
newOrder,11946,0,39185,1677797369
newOrder,24999,1,39185,1677797369
cancel,11946,,,1677797961
cancel,19909,,,1677797961
cancel,20299,,,1677797961
cancel,24999,,,1677797961
newOrder,19909,0,9752,1677797968
newOrder,20416,1,9752,1677797968
newOrder,11946,0,39009,1677797968
newOrder,24999,1,39009,1677797968
cancel,11946,,,1677798561
cancel,19909,,,1677798561
cancel,20416,,,1677798561
cancel,24999,,,1677798561
newOrder,19909,0,9704,1677798568
newOrder,20530,1,9704,1677798568
newOrder,11946,0,38816,1677798568
newOrder,24999,1,38816,1677798568
cancel,11946,,,1677799162
cancel,19909,,,1677799162
cancel,20530,,,1677799162
cancel,24999,,,1677799162
newOrder,19909,0,9705,1677799169
newOrder,20530,1,9705,1677799169
newOrder,11946,0,38821,1677799169
newOrder,24999,1,38821,1677799169
cancel,11946,,,1677799761
cancel,19909,,,1677799761
cancel,20530,,,1677799761
cancel,24999,,,1677799761
newOrder,19909,0,9706,1677799769
newOrder,20530,1,9706,1677799769
newOrder,11946,0,38826,1677799769
newOrder,24999,1,38826,1677799769
cancel,11946,,,1677800362
cancel,19909,,,1677800362
cancel,20530,,,1677800362
cancel,24999,,,1677800362
newOrder,19909,0,9708,1677800368
newOrder,20530,1,9708,1677800368
newOrder,11946,0,38830,1677800368
newOrder,24999,1,38830,1677800368
cancel,11946,,,1677800961
cancel,19909,,,1677800961
cancel,20530,,,1677800961
cancel,24999,,,1677800961
newOrder,19909,0,9709,1677800970
newOrder,20530,1,9709,1677800970
newOrder,11946,0,38835,1677800970
newOrder,24999,1,38835,1677800970
cancel,11946,,,1677801561
cancel,19909,,,1677801561
cancel,20530,,,1677801561
cancel,24999,,,1677801561
newOrder,19909,0,9710,1677801569
newOrder,20529,1,9710,1677801569
newOrder,11946,0,38842,1677801569
newOrder,24999,1,38842,1677801569
cancel,11946,,,1677802162
cancel,19909,,,1677802162
cancel,20529,,,1677802162
cancel,24999,,,1677802162
newOrder,19909,0,9712,1677802169
newOrder,20529,1,9712,1677802169
newOrder,11946,0,38846,1677802169
newOrder,24999,1,38846,1677802169
cancel,11946,,,1677802761
cancel,19909,,,1677802761
cancel,20529,,,1677802761
cancel,24999,,,1677802761
newOrder,19909,0,9713,1677802767
newOrder,20529,1,9713,1677802767
newOrder,11946,0,38851,1677802767
newOrder,24999,1,38851,1677802767
cancel,11946,,,1677803362
cancel,19909,,,1677803362
cancel,20529,,,1677803362
cancel,24999,,,1677803362
newOrder,19909,0,9714,1677803371
newOrder,20529,1,9714,1677803371
newOrder,11946,0,38855,1677803371
newOrder,24999,1,38855,1677803371
cancel,11946,,,1677803966
cancel,19909,,,1677803966
cancel,20529,,,1677803966
cancel,24999,,,1677803966
newOrder,19909,0,9714,1677803979
newOrder,20530,1,9714,1677803979
newOrder,11946,0,38857,1677803979
newOrder,24999,1,38857,1677803979
cancel,11946,,,1677804562
cancel,19909,,,1677804562
cancel,20530,,,1677804562
cancel,24999,,,1677804562
newOrder,19909,0,9715,1677804572
newOrder,20530,1,9715,1677804572
newOrder,11946,0,38862,1677804572
newOrder,24999,1,38862,1677804572
cancel,11946,,,1677805161
cancel,19909,,,1677805161
cancel,20530,,,1677805161
cancel,24999,,,1677805161
newOrder,19909,0,9717,1677805168
newOrder,20530,1,9717,1677805168
newOrder,11946,0,38866,1677805168
newOrder,24999,1,38866,1677805168
cancel,11946,,,1677805651
cancel,19909,,,1677805651
cancel,20530,,,1677805651
cancel,24999,,,1677805651
newOrder,19909,0,9717,1677805660
newOrder,20530,1,9717,1677805660
newOrder,11946,0,38870,1677805660
newOrder,24999,1,38870,1677805660
cancel,11946,,,1677805761
cancel,19909,,,1677805761
cancel,20530,,,1677805761
cancel,24999,,,1677805761
newOrder,19909,0,9718,1677805768
newOrder,20530,1,9718,1677805768
newOrder,11946,0,38871,1677805768
newOrder,24999,1,38871,1677805768
cancel,11946,,,1677806348
cancel,19909,,,1677806348
cancel,20530,,,1677806348
cancel,24999,,,1677806348
newOrder,19909,0,9656,1677806360
newOrder,20660,1,9656,1677806360
newOrder,11946,0,38624,1677806360
newOrder,24999,1,38624,1677806360
cancel,11946,,,1677806362
cancel,19909,,,1677806362
cancel,20660,,,1677806362
cancel,24999,,,1677806362
newOrder,19909,0,9656,1677806372
newOrder,20660,1,9656,1677806372
newOrder,11946,0,38625,1677806372
newOrder,24999,1,38625,1677806372
cancel,11946,,,1677806961
cancel,19909,,,1677806961
cancel,20660,,,1677806961
cancel,24999,,,1677806961
newOrder,19909,0,9649,1677806973
newOrder,20677,1,9649,1677806973
newOrder,11946,0,38594,1677806973
newOrder,24999,1,38594,1677806973
cancel,11946,,,1677807560
cancel,19909,,,1677807560
cancel,20677,,,1677807560
cancel,24999,,,1677807560
newOrder,19909,0,9650,1677807573
newOrder,20677,1,9650,1677807573
newOrder,11946,0,38599,1677807573
newOrder,24999,1,38599,1677807573
cancel,11946,,,1677808162
cancel,19909,,,1677808162
cancel,20677,,,1677808162
cancel,24999,,,1677808162
newOrder,19909,0,9651,1677808170
newOrder,20677,1,9651,1677808170
newOrder,11946,0,38603,1677808170
newOrder,24999,1,38603,1677808170
cancel,11946,,,1677808762
cancel,19909,,,1677808762
cancel,20677,,,1677808762
cancel,24999,,,1677808762
newOrder,19909,0,9574,1677808769
newOrder,20821,1,9574,1677808769
newOrder,11946,0,38295,1677808769
newOrder,24999,1,38295,1677808769
cancel,11946,,,1677809361
cancel,19909,,,1677809361
cancel,20821,,,1677809361
cancel,24999,,,1677809361
newOrder,19909,0,9554,1677809369
newOrder,20857,1,9554,1677809369
newOrder,11946,0,38218,1677809369
newOrder,24999,1,38218,1677809369
cancel,11946,,,1677809961
cancel,19909,,,1677809961
cancel,20857,,,1677809961
cancel,24999,,,1677809961
newOrder,19909,0,9556,1677809969
newOrder,20857,1,9556,1677809969
newOrder,11946,0,38222,1677809969
newOrder,24999,1,38222,1677809969
cancel,11946,,,1677810562
cancel,19909,,,1677810562
cancel,20857,,,1677810562
cancel,24999,,,1677810562
newOrder,19909,0,9534,1677810571
newOrder,20896,1,9534,1677810571
newOrder,11946,0,38134,1677810571
newOrder,24999,1,38134,1677810571
cancel,11946,,,1677811162
cancel,19909,,,1677811162
cancel,20896,,,1677811162
cancel,24999,,,1677811162
newOrder,19909,0,9557,1677811170
newOrder,20858,1,9557,1677811170
newOrder,11946,0,38228,1677811170
newOrder,24999,1,38228,1677811170
cancel,11946,,,1677811761
cancel,19909,,,1677811761
cancel,20858,,,1677811761
cancel,24999,,,1677811761
newOrder,19909,0,9522,1677811769
newOrder,20919,1,9522,1677811769
newOrder,11946,0,38087,1677811769
newOrder,24999,1,38087,1677811769
cancel,11946,,,1677812366
cancel,19909,,,1677812366
cancel,20919,,,1677812366
cancel,24999,,,1677812366
newOrder,19909,0,9532,1677812375
newOrder,20905,1,9532,1677812375
newOrder,11946,0,38126,1677812375
newOrder,24999,1,38126,1677812375
cancel,11946,,,1677812963
cancel,19909,,,1677812963
cancel,20905,,,1677812963
cancel,24999,,,1677812963
newOrder,19909,0,9533,1677812970
newOrder,20905,1,9533,1677812970
newOrder,11946,0,38131,1677812970
newOrder,24999,1,38131,1677812970
cancel,11946,,,1677813562
cancel,19909,,,1677813562
cancel,20905,,,1677813562
cancel,24999,,,1677813562
newOrder,19909,0,9534,1677813569
newOrder,20905,1,9534,1677813569
newOrder,11946,0,38135,1677813569
newOrder,24999,1,38135,1677813569
cancel,11946,,,1677814162
cancel,19909,,,1677814162
cancel,20905,,,1677814162
cancel,24999,,,1677814162
newOrder,19909,0,9535,1677814172
newOrder,20905,1,9535,1677814172
newOrder,11946,0,38140,1677814172
newOrder,24999,1,38140,1677814172
cancel,11946,,,1677814761
cancel,19909,,,1677814761
cancel,20905,,,1677814761
cancel,24999,,,1677814761
newOrder,19909,0,9536,1677814770
newOrder,20905,1,9536,1677814770
newOrder,11946,0,38144,1677814770
newOrder,24999,1,38144,1677814770
cancel,11946,,,1677815361
cancel,19909,,,1677815361
cancel,20905,,,1677815361
cancel,24999,,,1677815361
newOrder,19909,0,9537,1677815373
newOrder,20905,1,9537,1677815373
newOrder,11946,0,38149,1677815373
newOrder,24999,1,38149,1677815373
cancel,11946,,,1677815963
cancel,19909,,,1677815963
cancel,20905,,,1677815963
cancel,24999,,,1677815963
newOrder,19909,0,9538,1677815971
newOrder,20905,1,9538,1677815971
newOrder,11946,0,38153,1677815971
newOrder,24999,1,38153,1677815971
cancel,11946,,,1677816561
cancel,19909,,,1677816561
cancel,20905,,,1677816561
cancel,24999,,,1677816561
newOrder,19909,0,9539,1677816570
newOrder,20905,1,9539,1677816570
newOrder,11946,0,38157,1677816570
newOrder,24999,1,38157,1677816570
cancel,11946,,,1677817160
cancel,19909,,,1677817160
cancel,20905,,,1677817160
cancel,24999,,,1677817160
newOrder,19909,0,9516,1677817170
newOrder,20945,1,9516,1677817170
newOrder,11946,0,38063,1677817170
newOrder,24999,1,38063,1677817170
cancel,11946,,,1677817763
cancel,19909,,,1677817763
cancel,20945,,,1677817763
cancel,24999,,,1677817763
newOrder,19909,0,9517,1677817772
newOrder,20945,1,9517,1677817772
newOrder,11946,0,38068,1677817772
newOrder,24999,1,38068,1677817772
cancel,11946,,,1677818362
cancel,19909,,,1677818362
cancel,20945,,,1677818362
cancel,24999,,,1677818362
newOrder,19909,0,9518,1677818372
newOrder,20945,1,9518,1677818372
newOrder,11946,0,38072,1677818372
newOrder,24999,1,38072,1677818372
cancel,11946,,,1677818962
cancel,19909,,,1677818962
cancel,20945,,,1677818962
cancel,24999,,,1677818962
newOrder,19909,0,9524,1677818970
newOrder,20938,1,9524,1677818970
newOrder,11946,0,38095,1677818970
newOrder,24999,1,38095,1677818970
cancel,11946,,,1677819561
cancel,19909,,,1677819561
cancel,20938,,,1677819561
cancel,24999,,,1677819561
newOrder,19909,0,9581,1677819575
newOrder,20844,1,9581,1677819575
newOrder,11946,0,38323,1677819575
newOrder,24999,1,38323,1677819575
cancel,11946,,,1677820162
cancel,19909,,,1677820162
cancel,20844,,,1677820162
cancel,24999,,,1677820162
newOrder,19909,0,9582,1677820174
newOrder,20844,1,9582,1677820174
newOrder,11946,0,38328,1677820174
newOrder,24999,1,38328,1677820174
cancel,11946,,,1677820762
cancel,19909,,,1677820762
cancel,20844,,,1677820762
cancel,24999,,,1677820762
newOrder,19909,0,9583,1677820770
newOrder,20844,1,9583,1677820770
newOrder,11946,0,38333,1677820770
newOrder,24999,1,38333,1677820770
cancel,11946,,,1677821363
cancel,19909,,,1677821363
cancel,20844,,,1677821363
cancel,24999,,,1677821363
newOrder,19909,0,9584,1677821370
newOrder,20845,1,9584,1677821370
newOrder,11946,0,38335,1677821370
newOrder,24999,1,38335,1677821370
cancel,11946,,,1677821963
cancel,19909,,,1677821963
cancel,20845,,,1677821963
cancel,24999,,,1677821963
newOrder,19909,0,9585,1677821971
newOrder,20844,1,9585,1677821971
newOrder,11946,0,38341,1677821971
newOrder,24999,1,38341,1677821971
cancel,11946,,,1677822562
cancel,19909,,,1677822562
cancel,20844,,,1677822562
cancel,24999,,,1677822562
newOrder,19909,0,9586,1677822571
newOrder,20844,1,9586,1677822571
newOrder,11946,0,38346,1677822571
newOrder,24999,1,38346,1677822571
cancel,11946,,,1677823161
cancel,19909,,,1677823161
cancel,20844,,,1677823161
cancel,24999,,,1677823161
newOrder,19909,0,9588,1677823169
newOrder,20843,1,9588,1677823169
newOrder,11946,0,38352,1677823169
newOrder,24999,1,38352,1677823169
cancel,11946,,,1677823761
cancel,19909,,,1677823761
cancel,20843,,,1677823761
cancel,24999,,,1677823761
newOrder,19909,0,9590,1677823771
newOrder,20842,1,9590,1677823771
newOrder,11946,0,38358,1677823771
newOrder,24999,1,38358,1677823771
cancel,11946,,,1677824360
cancel,19909,,,1677824360
cancel,20842,,,1677824360
cancel,24999,,,1677824360
newOrder,19909,0,9590,1677824368
newOrder,20843,1,9590,1677824368
newOrder,11946,0,38361,1677824368
newOrder,24999,1,38361,1677824368
cancel,11946,,,1677824962
cancel,19909,,,1677824962
cancel,20843,,,1677824962
cancel,24999,,,1677824962
newOrder,19909,0,9528,1677824969
newOrder,20948,1,9528,1677824969
newOrder,11946,0,38113,1677824969
newOrder,24999,1,38113,1677824969
cancel,11946,,,1677825562
cancel,19909,,,1677825562
cancel,20948,,,1677825562
cancel,24999,,,1677825562
newOrder,19909,0,9529,1677825569
newOrder,20948,1,9529,1677825569
newOrder,11946,0,38117,1677825569
newOrder,24999,1,38117,1677825569
cancel,11946,,,1677826161
cancel,19909,,,1677826161
cancel,20948,,,1677826161
cancel,24999,,,1677826161
newOrder,19909,0,9530,1677826177
newOrder,20948,1,9530,1677826177
newOrder,11946,0,38122,1677826177
newOrder,24999,1,38122,1677826177
cancel,11946,,,1677826761
cancel,19909,,,1677826761
cancel,20948,,,1677826761
cancel,24999,,,1677826761
newOrder,19909,0,9532,1677826769
newOrder,20948,1,9532,1677826769
newOrder,11946,0,38126,1677826769
newOrder,24999,1,38126,1677826769
cancel,11946,,,1677827362
cancel,19909,,,1677827362
cancel,20948,,,1677827362
cancel,24999,,,1677827362
newOrder,19909,0,9533,1677827370
newOrder,20948,1,9533,1677827370
newOrder,11946,0,38131,1677827370
newOrder,24999,1,38131,1677827370
cancel,11946,,,1677827961
cancel,19909,,,1677827961
cancel,20948,,,1677827961
cancel,24999,,,1677827961
newOrder,19909,0,9534,1677827970
newOrder,20948,1,9534,1677827970
newOrder,11946,0,38135,1677827970
newOrder,24999,1,38135,1677827970
cancel,11946,,,1677828562
cancel,19909,,,1677828562
cancel,20948,,,1677828562
cancel,24999,,,1677828562
newOrder,19909,0,9535,1677828571
newOrder,20948,1,9535,1677828571
newOrder,11946,0,38139,1677828571
newOrder,24999,1,38139,1677828571
cancel,11946,,,1677829160
cancel,19909,,,1677829160
cancel,20948,,,1677829160
cancel,24999,,,1677829160
newOrder,19909,0,9536,1677829171
newOrder,20948,1,9536,1677829171
newOrder,11946,0,38144,1677829171
newOrder,24999,1,38144,1677829171
cancel,11946,,,1677829762
cancel,19909,,,1677829762
cancel,20948,,,1677829762
cancel,24999,,,1677829762
newOrder,19909,0,9524,1677829771
newOrder,20969,1,9524,1677829771
newOrder,11946,0,38097,1677829771
newOrder,24999,1,38097,1677829771
cancel,11946,,,1677830362
cancel,19909,,,1677830362
cancel,20969,,,1677830362
cancel,24999,,,1677830362
newOrder,19909,0,9525,1677830369
newOrder,20969,1,9525,1677830369
newOrder,11946,0,38101,1677830369
newOrder,24999,1,38101,1677830369
cancel,11946,,,1677830961
cancel,19909,,,1677830961
cancel,20969,,,1677830961
cancel,24999,,,1677830961
newOrder,19909,0,9526,1677830967
newOrder,20969,1,9526,1677830967
newOrder,11946,0,38106,1677830967
newOrder,24999,1,38106,1677830967
cancel,11946,,,1677831561
cancel,19909,,,1677831561
cancel,20969,,,1677831561
cancel,24999,,,1677831561
newOrder,19909,0,9528,1677831568
newOrder,20969,1,9528,1677831568
newOrder,11946,0,38110,1677831568
newOrder,24999,1,38110,1677831568
cancel,11946,,,1677832160
cancel,19909,,,1677832160
cancel,20969,,,1677832160
cancel,24999,,,1677832160
newOrder,19909,0,9529,1677832168
newOrder,20969,1,9529,1677832168
newOrder,11946,0,38114,1677832168
newOrder,24999,1,38114,1677832168
cancel,11946,,,1677832762
cancel,19909,,,1677832762
cancel,20969,,,1677832762
cancel,24999,,,1677832762
newOrder,19909,0,9530,1677832768
newOrder,20969,1,9530,1677832768
newOrder,11946,0,38119,1677832768
newOrder,24999,1,38119,1677832768
cancel,11946,,,1677833361
cancel,19909,,,1677833361
cancel,20969,,,1677833361
cancel,24999,,,1677833361
newOrder,19909,0,9531,1677833368
newOrder,20969,1,9531,1677833368
newOrder,11946,0,38123,1677833368
newOrder,24999,1,38123,1677833368
cancel,11946,,,1677833961
cancel,19909,,,1677833961
cancel,20969,,,1677833961
cancel,24999,,,1677833961
newOrder,19909,0,9532,1677833968
newOrder,20969,1,9532,1677833968
newOrder,11946,0,38128,1677833968
newOrder,24999,1,38128,1677833968
cancel,11946,,,1677834561
cancel,19909,,,1677834561
cancel,20969,,,1677834561
cancel,24999,,,1677834561
newOrder,19909,0,9533,1677834569
newOrder,20969,1,9533,1677834569
newOrder,11946,0,38132,1677834569
newOrder,24999,1,38132,1677834569
cancel,11946,,,1677835162
cancel,19909,,,1677835162
cancel,20969,,,1677835162
cancel,24999,,,1677835162
newOrder,19909,0,9534,1677835171
newOrder,20969,1,9534,1677835171
newOrder,11946,0,38136,1677835171
newOrder,24999,1,38136,1677835171
cancel,11946,,,1677835762
cancel,19909,,,1677835762
cancel,20969,,,1677835762
cancel,24999,,,1677835762
newOrder,19909,0,9535,1677835769
newOrder,20969,1,9535,1677835769
newOrder,11946,0,38140,1677835769
newOrder,24999,1,38140,1677835769
cancel,11946,,,1677836361
cancel,19909,,,1677836361
cancel,20969,,,1677836361
cancel,24999,,,1677836361
newOrder,19909,0,9536,1677836369
newOrder,20969,1,9536,1677836369
newOrder,11946,0,38145,1677836369
newOrder,24999,1,38145,1677836369
cancel,11946,,,1677836960
cancel,19909,,,1677836960
cancel,20969,,,1677836960
cancel,24999,,,1677836960
newOrder,19909,0,9550,1677836968
newOrder,20949,1,9550,1677836968
newOrder,11946,0,38200,1677836968
newOrder,24999,1,38200,1677836968
cancel,11946,,,1677837561
cancel,19909,,,1677837561
cancel,20949,,,1677837561
cancel,24999,,,1677837561
newOrder,19909,0,9551,1677837568
newOrder,20949,1,9551,1677837568
newOrder,11946,0,38204,1677837568
newOrder,24999,1,38204,1677837568
cancel,11946,,,1677838161
cancel,19909,,,1677838161
cancel,20949,,,1677838161
cancel,24999,,,1677838161
newOrder,19909,0,9552,1677838169
newOrder,20949,1,9552,1677838169
newOrder,11946,0,38209,1677838169
newOrder,24999,1,38209,1677838169
cancel,11946,,,1677838762
cancel,19909,,,1677838762
cancel,20949,,,1677838762
cancel,24999,,,1677838762
newOrder,19909,0,9553,1677838769
newOrder,20949,1,9553,1677838769
newOrder,11946,0,38213,1677838769
newOrder,24999,1,38213,1677838769
cancel,11946,,,1677839361
cancel,19909,,,1677839361
cancel,20949,,,1677839361
cancel,24999,,,1677839361
newOrder,19909,0,9545,1677839368
newOrder,20965,1,9545,1677839368
newOrder,11946,0,38179,1677839368
newOrder,24999,1,38179,1677839368
cancel,11946,,,1677839961
cancel,19909,,,1677839961
cancel,20965,,,1677839961
cancel,24999,,,1677839961
newOrder,19909,0,9546,1677839968
newOrder,20965,1,9546,1677839968
newOrder,11946,0,38183,1677839968
newOrder,24999,1,38183,1677839968
cancel,11946,,,1677840562
cancel,19909,,,1677840562
cancel,20965,,,1677840562
cancel,24999,,,1677840562
newOrder,19909,0,9547,1677840568
newOrder,20965,1,9547,1677840568
newOrder,11946,0,38188,1677840568
newOrder,24999,1,38188,1677840568
cancel,11946,,,1677841161
cancel,19909,,,1677841161
cancel,20965,,,1677841161
cancel,24999,,,1677841161
newOrder,19909,0,9548,1677841169
newOrder,20965,1,9548,1677841169
newOrder,11946,0,38192,1677841169
newOrder,24999,1,38192,1677841169
cancel,11946,,,1677841761
cancel,19909,,,1677841761
cancel,20965,,,1677841761
cancel,24999,,,1677841761
newOrder,19909,0,9549,1677841769
newOrder,20965,1,9549,1677841769
newOrder,11946,0,38197,1677841769
newOrder,24999,1,38197,1677841769
cancel,11946,,,1677842360
cancel,19909,,,1677842360
cancel,20965,,,1677842360
cancel,24999,,,1677842360
newOrder,19909,0,9550,1677842368
newOrder,20965,1,9550,1677842368
newOrder,11946,0,38201,1677842368
newOrder,24999,1,38201,1677842368
cancel,11946,,,1677842959
cancel,19909,,,1677842959
cancel,20965,,,1677842959
cancel,24999,,,1677842959
newOrder,19909,0,9551,1677842979
newOrder,20965,1,9551,1677842979
newOrder,11946,0,38206,1677842979
newOrder,24999,1,38206,1677842979
cancel,11946,,,1677843561
cancel,19909,,,1677843561
cancel,20965,,,1677843561
cancel,24999,,,1677843561
newOrder,19909,0,9553,1677843569
newOrder,20965,1,9553,1677843569
newOrder,11946,0,38210,1677843569
newOrder,24999,1,38210,1677843569
cancel,11946,,,1677844162
cancel,19909,,,1677844162
cancel,20965,,,1677844162
cancel,24999,,,1677844162
newOrder,19909,0,9554,1677844169
newOrder,20965,1,9554,1677844169
newOrder,11946,0,38215,1677844169
newOrder,24999,1,38215,1677844169
cancel,11946,,,1677844762
cancel,19909,,,1677844762
cancel,20965,,,1677844762
cancel,24999,,,1677844762
newOrder,19909,0,9555,1677844769
newOrder,20965,1,9555,1677844769
newOrder,11946,0,38219,1677844769
newOrder,24999,1,38219,1677844769
cancel,11946,,,1677845361
cancel,19909,,,1677845361
cancel,20965,,,1677845361
cancel,24999,,,1677845361
newOrder,19909,0,9556,1677845368
newOrder,20965,1,9556,1677845368
newOrder,11946,0,38224,1677845368
newOrder,24999,1,38224,1677845368