instruction,price,side,qty,time
cancel,15762,,,1691323883
cancel,17721,,,1691323883
cancel,18075,,,1691323883
cancel,19999,,,1691323883
newOrder,17721,0,5361,1691323898
newOrder,18075,1,5361,1691323898
newOrder,15762,0,9368,1691323898
newOrder,24999,1,9368,1691323898
cancel,15762,,,1691324483
cancel,17721,,,1691324483
cancel,18075,,,1691324483
cancel,24999,,,1691324483
newOrder,17695,0,5365,1691324498
newOrder,18075,1,5365,1691324498
newOrder,15762,0,8693,1691324498
newOrder,24999,1,8693,1691324498
cancel,15762,,,1691325082
cancel,17695,,,1691325082
cancel,18075,,,1691325082
cancel,24999,,,1691325082
newOrder,17731,0,5361,1691325097
newOrder,18075,1,5361,1691325097
newOrder,12310,0,25497,1691325097
newOrder,24999,1,25497,1691325097
cancel,12310,,,1691325683
cancel,17731,,,1691325683
cancel,18075,,,1691325683
cancel,24999,,,1691325683
newOrder,17731,0,5362,1691325698
newOrder,18075,1,5362,1691325698
newOrder,15742,0,16324,1691325698
newOrder,24999,1,16324,1691325698
cancel,15742,,,1691326283
cancel,17731,,,1691326283
cancel,18075,,,1691326283
cancel,24999,,,1691326283
newOrder,17710,0,5365,1691326298
newOrder,18075,1,5365,1691326298
newOrder,15762,0,6592,1691326298
newOrder,24999,1,6592,1691326298
cancel,15762,,,1691326883
cancel,17710,,,1691326883
cancel,18075,,,1691326883
cancel,24999,,,1691326883
newOrder,17715,0,5366,1691326898
newOrder,18075,1,5366,1691326898
newOrder,15742,0,16346,1691326898
newOrder,24999,1,16346,1691326898
cancel,15742,,,1691327482
cancel,17715,,,1691327482
cancel,18075,,,1691327482
cancel,24999,,,1691327482
newOrder,17705,0,5368,1691327497
newOrder,18075,1,5368,1691327497
newOrder,15742,0,21621,1691327497
newOrder,24999,1,21621,1691327497
cancel,15742,,,1691328082
cancel,17705,,,1691328082
cancel,18075,,,1691328082
cancel,24999,,,1691328082
newOrder,17700,0,5369,1691328097
newOrder,18075,1,5369,1691328097
newOrder,15762,0,6709,1691328097
newOrder,24999,1,6709,1691328097
cancel,15762,,,1691328683
cancel,17700,,,1691328683
cancel,18075,,,1691328683
cancel,24999,,,1691328683
newOrder,17715,0,5368,1691328698
newOrder,18075,1,5368,1691328698
newOrder,12310,0,24625,1691328698
newOrder,24999,1,24625,1691328698
cancel,12310,,,1691329283
cancel,17715,,,1691329283
cancel,18075,,,1691329283
cancel,24999,,,1691329283
newOrder,17731,0,5366,1691329298
newOrder,18075,1,5366,1691329298
newOrder,15742,0,13642,1691329298
newOrder,24999,1,13642,1691329298
cancel,15742,,,1691329882
cancel,17731,,,1691329882
cancel,18075,,,1691329882
cancel,24999,,,1691329882
newOrder,17729,0,5367,1691329898
newOrder,18075,1,5367,1691329898
newOrder,15762,0,8260,1691329898
newOrder,24999,1,8260,1691329898
cancel,15762,,,1691330482
cancel,17729,,,1691330482
cancel,18075,,,1691330482
cancel,24999,,,1691330482
newOrder,17729,0,5368,1691330498
newOrder,18075,1,5368,1691330498
newOrder,15742,0,18388,1691330498
newOrder,24999,1,18388,1691330498
cancel,15742,,,1691331082
cancel,17729,,,1691331082
cancel,18075,,,1691331082
cancel,24999,,,1691331082
newOrder,17729,0,5369,1691331097
newOrder,18075,1,5369,1691331097
newOrder,15742,0,11794,1691331097
newOrder,24999,1,11794,1691331097
cancel,15742,,,1691331682
cancel,17729,,,1691331682
cancel,18075,,,1691331682
cancel,24999,,,1691331682
newOrder,17729,0,5369,1691331697
newOrder,18075,1,5369,1691331697
newOrder,12310,0,28217,1691331697
newOrder,24999,1,28217,1691331697
cancel,12310,,,1691332283
cancel,17729,,,1691332283
cancel,18075,,,1691332283
cancel,24999,,,1691332283
newOrder,17729,0,5370,1691332300
newOrder,18075,1,5370,1691332300
newOrder,15762,0,6263,1691332300
newOrder,23999,1,6263,1691332300
cancel,15762,,,1691332882
cancel,17729,,,1691332882
cancel,18075,,,1691332882
cancel,23999,,,1691332882
newOrder,17701,0,5375,1691332898
newOrder,18075,1,5375,1691332898
newOrder,12310,0,25516,1691332898
newOrder,24999,1,25516,1691332898
cancel,12310,,,1691333482
cancel,17701,,,1691333482
cancel,18075,,,1691333482
cancel,24999,,,1691333482
newOrder,17733,0,5371,1691333496
newOrder,18075,1,5371,1691333496
newOrder,15742,0,19255,1691333496
newOrder,24999,1,19255,1691333496
cancel,15742,,,1691334082
cancel,17733,,,1691334082
cancel,18075,,,1691334082
cancel,24999,,,1691334082
newOrder,17703,0,5376,1691334098
newOrder,18075,1,5376,1691334098
newOrder,15762,0,8955,1691334098
newOrder,24999,1,8955,1691334098
cancel,15762,,,1691334683
cancel,17703,,,1691334683
cancel,18075,,,1691334683
cancel,24999,,,1691334683
newOrder,17715,0,5375,1691334698
newOrder,18075,1,5375,1691334698
newOrder,15742,0,11232,1691334698
newOrder,24999,1,11232,1691334698
cancel,15742,,,1691335282
cancel,17715,,,1691335282
cancel,18075,,,1691335282
cancel,24999,,,1691335282
newOrder,17700,0,5378,1691335297
newOrder,18075,1,5378,1691335297
newOrder,15762,0,9342,1691335297
newOrder,24999,1,9342,1691335297
cancel,15762,,,1691335883
cancel,17700,,,1691335883
cancel,18075,,,1691335883
cancel,24999,,,1691335883
newOrder,17728,0,5375,1691335897
newOrder,18075,1,5375,1691335897
newOrder,12311,0,24414,1691335897
newOrder,24999,1,24414,1691335897
cancel,12311,,,1691336483
cancel,17728,,,1691336483
cancel,18075,,,1691336483
cancel,24999,,,1691336483
newOrder,17729,0,5375,1691336498
newOrder,18075,1,5375,1691336498
newOrder,15742,0,10948,1691336498
newOrder,24999,1,10948,1691336498
cancel,15742,,,1691337084
cancel,17729,,,1691337084
cancel,18075,,,1691337084
cancel,24999,,,1691337084
newOrder,17726,0,5377,1691337099
newOrder,18075,1,5377,1691337099
newOrder,15762,0,10046,1691337099
newOrder,24999,1,10046,1691337099
cancel,15762,,,1691337683
cancel,17726,,,1691337683
cancel,18075,,,1691337683
cancel,24999,,,1691337683
newOrder,17726,0,5377,1691337698
newOrder,18075,1,5377,1691337698
newOrder,15762,0,6595,1691337698
newOrder,24999,1,6595,1691337698
cancel,15762,,,1691338283
cancel,17726,,,1691338283
cancel,18075,,,1691338283
cancel,24999,,,1691338283
newOrder,17710,0,5380,1691338298
newOrder,18075,1,5380,1691338298
newOrder,12310,0,25926,1691338298
newOrder,24999,1,25926,1691338298
cancel,12310,,,1691338882
cancel,17710,,,1691338882
cancel,18075,,,1691338882
cancel,24999,,,1691338882
newOrder,17726,0,5379,1691338897
newOrder,18075,1,5379,1691338897
newOrder,15742,0,19967,1691338897
newOrder,24999,1,19967,1691338897
cancel,15742,,,1691339483
cancel,17726,,,1691339483
cancel,18075,,,1691339483
cancel,24999,,,1691339483
newOrder,17710,0,5382,1691339500
newOrder,18075,1,5382,1691339500
newOrder,12310,0,25826,1691339500
newOrder,24999,1,25826,1691339500
cancel,12310,,,1691340082
cancel,17710,,,1691340082
cancel,18075,,,1691340082
cancel,24999,,,1691340082
newOrder,17747,0,5377,1691340097
newOrder,18075,1,5377,1691340097
newOrder,15742,0,19662,1691340097
newOrder,24999,1,19662,1691340097
cancel,15742,,,1691340682
cancel,17747,,,1691340682
cancel,18075,,,1691340682
cancel,24999,,,1691340682
newOrder,17726,0,5381,1691340697
newOrder,18075,1,5381,1691340697
newOrder,12310,0,27709,1691340697
newOrder,24999,1,27709,1691340697
cancel,12310,,,1691341283
cancel,17726,,,1691341283
cancel,18075,,,1691341283
cancel,24999,,,1691341283
newOrder,17735,0,5380,1691341297
newOrder,18075,1,5380,1691341297
newOrder,15762,0,7413,1691341297
newOrder,24999,1,7413,1691341297
cancel,15762,,,1691341882
cancel,17735,,,1691341882
cancel,18075,,,1691341882
cancel,24999,,,1691341882
newOrder,17726,0,5383,1691341898
newOrder,18075,1,5383,1691341898
newOrder,15742,0,18564,1691341898
newOrder,24999,1,18564,1691341898
cancel,15742,,,1691342483
cancel,17726,,,1691342483
cancel,18075,,,1691342483
cancel,24999,,,1691342483
newOrder,17720,0,5384,1691342497
newOrder,18075,1,5384,1691342497
newOrder,15742,0,17588,1691342497
newOrder,24999,1,17588,1691342497
cancel,15742,,,1691343082
cancel,17720,,,1691343082
cancel,18075,,,1691343082
cancel,24999,,,1691343082
newOrder,17712,0,5386,1691343097
newOrder,18075,1,5386,1691343097
newOrder,12310,0,26404,1691343097
newOrder,24999,1,26404,1691343097
cancel,12310,,,1691343683
cancel,17712,,,1691343683
cancel,18075,,,1691343683
cancel,24999,,,1691343683
newOrder,17710,0,5387,1691343698
newOrder,18075,1,5387,1691343698
newOrder,15766,0,5019,1691343698
newOrder,19999,1,5019,1691343698
cancel,15766,,,1691344283
cancel,17710,,,1691344283
cancel,18075,,,1691344283
cancel,19999,,,1691344283
newOrder,17730,0,5385,1691344299
newOrder,18075,1,5385,1691344299
newOrder,15742,0,20849,1691344299
newOrder,24999,1,20849,1691344299
cancel,15742,,,1691344882
cancel,17730,,,1691344882
cancel,18075,,,1691344882
cancel,24999,,,1691344882
newOrder,17824,0,5369,1691344898
newOrder,18075,1,5369,1691344898
newOrder,15742,0,18650,1691344898
newOrder,24999,1,18650,1691344898
cancel,15742,,,1691345482
cancel,17824,,,1691345482
cancel,18075,,,1691345482
cancel,24999,,,1691345482
newOrder,17736,0,5386,1691345497
newOrder,18075,1,5386,1691345497
newOrder,15742,0,22955,1691345497
newOrder,24999,1,22955,1691345497
cancel,15742,,,1691346082
cancel,17736,,,1691346082
cancel,18075,,,1691346082
cancel,24999,,,1691346082
newOrder,17736,0,5386,1691346098
newOrder,18075,1,5386,1691346098
newOrder,12310,0,24714,1691346098
newOrder,24999,1,24714,1691346098
cancel,12310,,,1691346681
cancel,17736,,,1691346681
cancel,18075,,,1691346681
cancel,24999,,,1691346681
newOrder,17736,0,5387,1691346703
newOrder,18075,1,5387,1691346703
newOrder,15742,0,13869,1691346703
newOrder,24999,1,13869,1691346703
cancel,15742,,,1691347283
cancel,17736,,,1691347283
cancel,18075,,,1691347283
cancel,24999,,,1691347283
newOrder,17736,0,5388,1691347298
newOrder,18075,1,5388,1691347298
newOrder,15742,0,11299,1691347298
newOrder,24999,1,11299,1691347298
cancel,15742,,,1691347883
cancel,17736,,,1691347883
cancel,18075,,,1691347883
cancel,24999,,,1691347883
newOrder,17736,0,5389,1691347898
newOrder,18075,1,5389,1691347898
newOrder,15742,0,12796,1691347898
newOrder,24999,1,12796,1691347898
cancel,15742,,,1691348483
cancel,17736,,,1691348483
cancel,18075,,,1691348483
cancel,24999,,,1691348483
newOrder,17736,0,5389,1691348499
newOrder,18075,1,5389,1691348499
newOrder,12310,0,25107,1691348499
newOrder,24999,1,25107,1691348499
cancel,12310,,,1691349083
cancel,17736,,,1691349083
cancel,18075,,,1691349083
cancel,24999,,,1691349083
newOrder,17736,0,5390,1691349099
newOrder,18075,1,5390,1691349099
newOrder,15742,0,11765,1691349099
newOrder,24999,1,11765,1691349099
cancel,15742,,,1691349683
cancel,17736,,,1691349683
cancel,18075,,,1691349683
cancel,24999,,,1691349683
newOrder,17751,0,5388,1691349698
newOrder,18075,1,5388,1691349698
newOrder,15742,0,19441,1691349698
newOrder,24999,1,19441,1691349698
cancel,15742,,,1691350282
cancel,17751,,,1691350282
cancel,18075,,,1691350282
cancel,24999,,,1691350282
newOrder,17734,0,5392,1691350298
newOrder,18075,1,5392,1691350298
newOrder,15742,0,17344,1691350298
newOrder,24999,1,17344,1691350298
cancel,15742,,,1691350883
cancel,17734,,,1691350883
cancel,18075,,,1691350883
cancel,24999,,,1691350883
newOrder,17734,0,5393,1691350898
newOrder,18075,1,5393,1691350898
newOrder,15742,0,24004,1691350898
newOrder,24999,1,24004,1691350898
cancel,15742,,,1691351483
cancel,17734,,,1691351483
cancel,18075,,,1691351483
cancel,24999,,,1691351483
newOrder,17734,0,5393,1691351497
newOrder,18075,1,5393,1691351497
newOrder,15766,0,4512,1691351497
newOrder,19999,1,4512,1691351497
cancel,15766,,,1691352082
cancel,17734,,,1691352082
cancel,18075,,,1691352082
cancel,19999,,,1691352082
newOrder,17767,0,5389,1691352099
newOrder,18075,1,5389,1691352099
newOrder,15742,0,23519,1691352099
newOrder,24999,1,23519,1691352099
cancel,15742,,,1691352682
cancel,17767,,,1691352682
cancel,18075,,,1691352682
cancel,24999,,,1691352682
newOrder,17746,0,5393,1691352698
newOrder,18075,1,5393,1691352698
newOrder,15742,0,12232,1691352698
newOrder,24999,1,12232,1691352698
cancel,15742,,,1691353282
cancel,17746,,,1691353282
cancel,18075,,,1691353282
cancel,24999,,,1691353282
newOrder,17763,0,5391,1691353297
newOrder,18075,1,5391,1691353297
newOrder,15762,0,10261,1691353297
newOrder,24999,1,10261,1691353297
cancel,15762,,,1691353883
cancel,17763,,,1691353883
cancel,18075,,,1691353883
cancel,24999,,,1691353883
newOrder,17754,0,5393,1691353898
newOrder,18075,1,5393,1691353898
newOrder,15742,0,14063,1691353898
newOrder,24999,1,14063,1691353898
cancel,15742,,,1691354482
cancel,17754,,,1691354482
cancel,18075,,,1691354482
cancel,24999,,,1691354482
newOrder,17754,0,5394,1691354497
newOrder,18075,1,5394,1691354497
newOrder,15762,0,9352,1691354497
newOrder,24999,1,9352,1691354497
cancel,15762,,,1691355083
cancel,17754,,,1691355083
cancel,18075,,,1691355083
cancel,24999,,,1691355083
newOrder,17710,0,5402,1691355098
newOrder,18075,1,5402,1691355098
newOrder,12310,0,25993,1691355098
newOrder,24999,1,25993,1691355098
cancel,12310,,,1691355682
cancel,17710,,,1691355682
cancel,18075,,,1691355682
cancel,24999,,,1691355682
newOrder,17742,0,5397,1691355700
newOrder,18075,1,5397,1691355700
newOrder,15766,0,5500,1691355700
newOrder,19999,1,5500,1691355700
cancel,15766,,,1691356282
cancel,17742,,,1691356282
cancel,18075,,,1691356282
cancel,19999,,,1691356282
newOrder,17710,0,5403,1691356297
newOrder,18075,1,5403,1691356297
newOrder,15762,0,10545,1691356297
newOrder,24999,1,10545,1691356297
cancel,15762,,,1691356882
cancel,17710,,,1691356882
cancel,18075,,,1691356882
cancel,24999,,,1691356882
newOrder,17753,0,5397,1691356898
newOrder,18075,1,5397,1691356898
newOrder,15742,0,19114,1691356898
newOrder,24999,1,19114,1691356898
cancel,15742,,,1691357483
cancel,17753,,,1691357483
cancel,18075,,,1691357483
cancel,24999,,,1691357483
newOrder,17725,0,5402,1691357499
newOrder,18075,1,5402,1691357499
newOrder,12310,0,28413,1691357499
newOrder,24999,1,28413,1691357499
cancel,12310,,,1691358083
cancel,17725,,,1691358083
cancel,18075,,,1691358083
cancel,24999,,,1691358083
newOrder,17738,0,5401,1691358097
newOrder,18075,1,5401,1691358097
newOrder,15742,0,13352,1691358097
newOrder,24999,1,13352,1691358097
cancel,15742,,,1691358683
cancel,17738,,,1691358683
cancel,18075,,,1691358683
cancel,24999,,,1691358683
newOrder,17748,0,5400,1691358698
newOrder,18075,1,5400,1691358698
newOrder,15742,0,23169,1691358698
newOrder,24999,1,23169,1691358698
cancel,15742,,,1691359283
cancel,17748,,,1691359283
cancel,18075,,,1691359283
cancel,24999,,,1691359283
newOrder,17718,0,5406,1691359299
newOrder,18075,1,5406,1691359299
newOrder,15742,0,13628,1691359299
newOrder,24999,1,13628,1691359299
cancel,15742,,,1691359882
cancel,17718,,,1691359882
cancel,18075,,,1691359882
cancel,24999,,,1691359882
newOrder,17715,0,5407,1691359897
newOrder,18075,1,5407,1691359897
newOrder,15742,0,16780,1691359897
newOrder,24999,1,16780,1691359897
cancel,15742,,,1691360482
cancel,17715,,,1691360482
cancel,18075,,,1691360482
cancel,24999,,,1691360482
newOrder,17716,0,5407,1691360497
newOrder,18075,1,5407,1691360497
newOrder,15762,0,7487,1691360497
newOrder,24999,1,7487,1691360497
cancel,15762,,,1691361082
cancel,17716,,,1691361082
cancel,18075,,,1691361082
cancel,24999,,,1691361082
newOrder,17737,0,5405,1691361099
newOrder,18075,1,5405,1691361099
newOrder,15762,0,7345,1691361099
newOrder,24999,1,7345,1691361099
cancel,15762,,,1691361682
cancel,17737,,,1691361682
cancel,18075,,,1691361682
cancel,24999,,,1691361682
newOrder,17735,0,5406,1691361697
newOrder,18075,1,5406,1691361697
newOrder,15762,0,7725,1691361697
newOrder,24999,1,7725,1691361697
cancel,15762,,,1691362284
cancel,17735,,,1691362284
cancel,18075,,,1691362284
cancel,24999,,,1691362284
newOrder,17752,0,5404,1691362298
newOrder,18075,1,5404,1691362298
newOrder,15762,0,8944,1691362298
newOrder,24999,1,8944,1691362298
cancel,15762,,,1691362883
cancel,17752,,,1691362883
cancel,18075,,,1691362883
cancel,24999,,,1691362883
newOrder,17746,0,5406,1691362898
newOrder,18075,1,5406,1691362898
newOrder,15762,0,9673,1691362898
newOrder,24999,1,9673,1691362898
cancel,15762,,,1691363482
cancel,17746,,,1691363482
cancel,18075,,,1691363482
cancel,24999,,,1691363482
newOrder,17749,0,5406,1691363497
newOrder,18075,1,5406,1691363497
newOrder,15742,0,15088,1691363497
newOrder,24999,1,15088,1691363497
cancel,15742,,,1691364083
cancel,17749,,,1691364083
cancel,18075,,,1691364083
cancel,24999,,,1691364083
newOrder,17749,0,5407,1691364097
newOrder,18075,1,5407,1691364097
newOrder,15742,0,18467,1691364097
newOrder,24999,1,18467,1691364097
cancel,15742,,,1691364682
cancel,17749,,,1691364682
cancel,18075,,,1691364682
cancel,24999,,,1691364682
newOrder,17713,0,5413,1691364698
newOrder,18075,1,5413,1691364698
newOrder,15742,0,22312,1691364698
newOrder,24999,1,22312,1691364698
cancel,15742,,,1691365283
cancel,17713,,,1691365283
cancel,18075,,,1691365283
cancel,24999,,,1691365283
newOrder,17721,0,5413,1691365336
newOrder,18075,1,5413,1691365336
newOrder,15742,0,23884,1691365336
newOrder,24999,1,23884,1691365336
cancel,15742,,,1691365882
cancel,17721,,,1691365882
cancel,18075,,,1691365882
cancel,24999,,,1691365882
newOrder,17755,0,5408,1691365897
newOrder,18075,1,5408,1691365897
newOrder,15742,0,22366,1691365897
newOrder,24999,1,22366,1691365897
cancel,15742,,,1691366483
cancel,17755,,,1691366483
cancel,18075,,,1691366483
cancel,24999,,,1691366483
newOrder,17727,0,5413,1691366498
newOrder,18075,1,5413,1691366498
newOrder,15762,0,6385,1691366498
newOrder,24999,1,6385,1691366498
cancel,15762,,,1691367082
cancel,17727,,,1691367082
cancel,18075,,,1691367082
cancel,24999,,,1691367082
newOrder,17760,0,5409,1691367097
newOrder,18075,1,5409,1691367097
newOrder,15762,0,7138,1691367097
newOrder,24999,1,7138,1691367097
cancel,15762,,,1691367683
cancel,17760,,,1691367683
cancel,18075,,,1691367683
cancel,24999,,,1691367683
newOrder,17770,0,5408,1691367697
newOrder,18075,1,5408,1691367697
newOrder,15762,0,8985,1691367697
newOrder,24999,1,8985,1691367697
cancel,15762,,,1691368283
cancel,17770,,,1691368283
cancel,18075,,,1691368283
cancel,24999,,,1691368283
newOrder,17769,0,5409,1691368298
newOrder,18075,1,5409,1691368298
newOrder,15762,0,7743,1691368298
newOrder,24999,1,7743,1691368298
cancel,15762,,,1691368882
cancel,17769,,,1691368882
cancel,18075,,,1691368882
cancel,24999,,,1691368882
newOrder,17755,0,5412,1691368898
newOrder,18075,1,5412,1691368898
newOrder,15742,0,13478,1691368898
newOrder,24999,1,13478,1691368898
cancel,15742,,,1691369482
cancel,17755,,,1691369482
cancel,18075,,,1691369482
cancel,24999,,,1691369482
newOrder,17752,0,5413,1691369498
newOrder,18075,1,5413,1691369498
newOrder,12310,0,27798,1691369498
newOrder,24999,1,27798,1691369498
cancel,12310,,,1691370083
cancel,17752,,,1691370083
cancel,18075,,,1691370083
cancel,24999,,,1691370083
newOrder,17787,0,5408,1691370099
newOrder,18075,1,5408,1691370099
newOrder,15742,0,12719,1691370099
newOrder,24999,1,12719,1691370099
cancel,15742,,,1691370683
cancel,17787,,,1691370683
cancel,18075,,,1691370683
cancel,24999,,,1691370683
newOrder,17834,0,5400,1691370698
newOrder,18075,1,5400,1691370698
newOrder,15742,0,11998,1691370698
newOrder,24999,1,11998,1691370698
cancel,15742,,,1691371282
cancel,17834,,,1691371282
cancel,18075,,,1691371282
cancel,24999,,,1691371282
newOrder,17809,0,5406,1691371298
newOrder,18075,1,5406,1691371298
newOrder,15766,0,5216,1691371298
newOrder,19999,1,5216,1691371298
cancel,15766,,,1691371882
cancel,17809,,,1691371882
cancel,18075,,,1691371882
cancel,19999,,,1691371882
newOrder,17818,0,5405,1691371897
newOrder,18075,1,5405,1691371897
newOrder,15742,0,15768,1691371897
newOrder,24999,1,15768,1691371897
cancel,15742,,,1691372482
cancel,17818,,,1691372482
cancel,18075,,,1691372482
cancel,24999,,,1691372482
newOrder,17840,0,5402,1691372497
newOrder,18075,1,5402,1691372497
newOrder,15766,0,4233,1691372497
newOrder,19999,1,4233,1691372497
cancel,15766,,,1691373083
cancel,17840,,,1691373083
cancel,18075,,,1691373083
cancel,19999,,,1691373083
newOrder,17837,0,5403,1691373098
newOrder,18075,1,5403,1691373098
newOrder,15742,0,18615,1691373098
newOrder,24999,1,18615,1691373098
cancel,15742,,,1691373683
cancel,17837,,,1691373683
cancel,18075,,,1691373683
cancel,24999,,,1691373683
newOrder,17825,0,5406,1691373698
newOrder,18075,1,5406,1691373698
newOrder,15766,0,5777,1691373698
newOrder,19999,1,5777,1691373698
cancel,15766,,,1691374283
cancel,17825,,,1691374283
cancel,18075,,,1691374283
cancel,19999,,,1691374283
newOrder,17851,0,5402,1691374297
newOrder,18075,1,5402,1691374297
newOrder,15762,0,7906,1691374297
newOrder,24999,1,7906,1691374297
cancel,15762,,,1691374883
cancel,17851,,,1691374883
cancel,18075,,,1691374883
cancel,24999,,,1691374883
newOrder,17866,0,5399,1691374897
newOrder,18075,1,5399,1691374897
newOrder,15762,0,5873,1691374897
newOrder,19999,1,5873,1691374897
cancel,15762,,,1691375483
cancel,17866,,,1691375483
cancel,18075,,,1691375483
cancel,19999,,,1691375483
newOrder,17835,0,5406,1691375498
newOrder,18075,1,5406,1691375498
newOrder,15742,0,17868,1691375498
newOrder,24999,1,17868,1691375498
cancel,15742,,,1691376082
cancel,17835,,,1691376082
cancel,18075,,,1691376082
cancel,24999,,,1691376082
newOrder,17845,0,5405,1691376097
newOrder,18075,1,5405,1691376097
newOrder,15742,0,14438,1691376097
newOrder,24999,1,14438,1691376097
cancel,15742,,,1691376683
cancel,17845,,,1691376683
cancel,18075,,,1691376683
cancel,24999,,,1691376683
newOrder,17845,0,5406,1691376698
newOrder,18075,1,5406,1691376698
newOrder,12310,0,26251,1691376698
newOrder,24999,1,26251,1691376698
cancel,12310,,,1691377283
cancel,17845,,,1691377283
cancel,18075,,,1691377283
cancel,24999,,,1691377283
newOrder,17863,0,5403,1691377298
newOrder,18075,1,5403,1691377298
newOrder,15742,0,19936,1691377298
newOrder,24999,1,19936,1691377298
cancel,15742,,,1691377882
cancel,17863,,,1691377882
cancel,18075,,,1691377882
cancel,24999,,,1691377882
newOrder,17846,0,5407,1691377898
newOrder,18075,1,5407,1691377898
newOrder,12310,0,27768,1691377898
newOrder,24999,1,27768,1691377898
cancel,12310,,,1691378482
cancel,17846,,,1691378482
cancel,18075,,,1691378482
cancel,24999,,,1691378482
newOrder,17869,0,5403,1691378497
newOrder,18075,1,5403,1691378497
newOrder,15742,0,23504,1691378497
newOrder,24999,1,23504,1691378497
cancel,15742,,,1691379083
cancel,17869,,,1691379083
cancel,18075,,,1691379083
cancel,24999,,,1691379083
newOrder,17863,0,5405,1691379097
newOrder,18075,1,5405,1691379097
newOrder,14501,0,24074,1691379097
newOrder,24999,1,24074,1691379097
cancel,14501,,,1691379682
cancel,17863,,,1691379682
cancel,18075,,,1691379682
cancel,24999,,,1691379682
newOrder,17839,0,5411,1691379696
newOrder,18075,1,5411,1691379696
newOrder,15742,0,14106,1691379696
newOrder,24999,1,14106,1691379696
cancel,15742,,,1691380282
cancel,17839,,,1691380282
cancel,18075,,,1691380282
cancel,24999,,,1691380282
newOrder,17849,0,5410,1691380297
newOrder,18075,1,5410,1691380297
newOrder,15742,0,16268,1691380297
newOrder,24999,1,16268,1691380297
cancel,15742,,,1691380882
cancel,17849,,,1691380882
cancel,18075,,,1691380882
cancel,24999,,,1691380882
newOrder,17844,0,5411,1691380897
newOrder,18075,1,5411,1691380897
newOrder,15742,0,14577,1691380897
newOrder,24999,1,14577,1691380897
cancel,15742,,,1691381482
cancel,17844,,,1691381482
cancel,18075,,,1691381482
cancel,24999,,,1691381482
newOrder,17819,0,5417,1691381497
newOrder,18075,1,5417,1691381497
newOrder,15742,0,13492,1691381497
newOrder,24999,1,13492,1691381497
cancel,15742,,,1691382083
cancel,17819,,,1691382083
cancel,18075,,,1691382083
cancel,24999,,,1691382083
newOrder,17864,0,5409,1691382098
newOrder,18075,1,5409,1691382098
newOrder,15766,0,3314,1691382098
newOrder,19999,1,3314,1691382098
cancel,15766,,,1691382683
cancel,17864,,,1691382683
cancel,18075,,,1691382683
cancel,19999,,,1691382683
newOrder,17845,0,5413,1691382697
newOrder,18075,1,5413,1691382697
newOrder,15742,0,16669,1691382697
newOrder,24999,1,16669,1691382697
cancel,15742,,,1691383282
cancel,17845,,,1691383282
cancel,18075,,,1691383282
cancel,24999,,,1691383282
newOrder,17830,0,5417,1691383298
newOrder,18075,1,5417,1691383298
newOrder,15762,0,7593,1691383298
newOrder,24999,1,7593,1691383298
cancel,15762,,,1691383883
cancel,17830,,,1691383883
cancel,18075,,,1691383883
cancel,24999,,,1691383883
newOrder,17856,0,5413,1691383898
newOrder,18075,1,5413,1691383898
newOrder,15762,0,8997,1691383898
newOrder,24999,1,8997,1691383898
cancel,15762,,,1691384482
cancel,17856,,,1691384482
cancel,18075,,,1691384482
cancel,24999,,,1691384482
newOrder,17851,0,5415,1691384497
newOrder,18075,1,5415,1691384497
newOrder,15742,0,19072,1691384497
newOrder,24999,1,19072,1691384497
cancel,15742,,,1691385082
cancel,17851,,,1691385082
cancel,18075,,,1691385082
cancel,24999,,,1691385082
newOrder,17856,0,5414,1691385098
newOrder,18075,1,5414,1691385098
newOrder,12310,0,24694,1691385098
newOrder,24999,1,24694,1691385098
cancel,12310,,,1691385683
cancel,17856,,,1691385683
cancel,18075,,,1691385683
cancel,24999,,,1691385683
newOrder,17845,0,5417,1691385697
newOrder,18075,1,5417,1691385697
newOrder,15742,0,19980,1691385697
newOrder,24999,1,19980,1691385697
cancel,15742,,,1691386283
cancel,17845,,,1691386283
cancel,18075,,,1691386283
cancel,24999,,,1691386283
newOrder,17881,0,5411,1691386298
newOrder,18075,1,5411,1691386298
newOrder,15742,0,16342,1691386298
newOrder,24999,1,16342,1691386298
cancel,15742,,,1691386883
cancel,17881,,,1691386883
cancel,18075,,,1691386883
cancel,24999,,,1691386883
newOrder,17845,0,5419,1691386898
newOrder,18075,1,5419,1691386898
newOrder,15766,0,3672,1691386898
newOrder,19999,1,3672,1691386898
cancel,15766,,,1691387482
cancel,17845,,,1691387482
cancel,18075,,,1691387482
cancel,19999,,,1691387482
newOrder,17846,0,5419,1691387497
newOrder,18075,1,5419,1691387497
newOrder,15742,0,23180,1691387497
newOrder,24999,1,23180,1691387497
cancel,15742,,,1691388083
cancel,17846,,,1691388083
cancel,18075,,,1691388083
cancel,24999,,,1691388083
newOrder,17864,0,5417,1691388098
newOrder,18075,1,5417,1691388098
newOrder,15742,0,11285,1691388098
newOrder,24999,1,11285,1691388098
cancel,15742,,,1691388683
cancel,17864,,,1691388683
cancel,18075,,,1691388683
cancel,24999,,,1691388683
newOrder,17846,0,5421,1691388697
newOrder,18075,1,5421,1691388697
newOrder,12310,0,24602,1691388697
newOrder,24999,1,24602,1691388697
cancel,12310,,,1691389282
cancel,17846,,,1691389282
cancel,18075,,,1691389282
cancel,24999,,,1691389282
newOrder,17845,0,5422,1691389298
newOrder,18075,1,5422,1691389298
newOrder,15766,0,5110,1691389298
newOrder,19999,1,5110,1691389298
cancel,15766,,,1691389883
cancel,17845,,,1691389883
cancel,18075,,,1691389883
cancel,19999,,,1691389883
newOrder,17877,0,5416,1691389898
newOrder,18075,1,5416,1691389898
newOrder,12310,0,25867,1691389898
newOrder,24999,1,25867,1691389898
cancel,12310,,,1691390482
cancel,17877,,,1691390482
cancel,18075,,,1691390482
cancel,24999,,,1691390482
newOrder,17875,0,5418,1691390498
newOrder,18075,1,5418,1691390498
newOrder,15766,0,3885,1691390498
newOrder,19999,1,3885,1691390498
cancel,15766,,,1691391083
cancel,17875,,,1691391083
cancel,18075,,,1691391083
cancel,19999,,,1691391083
newOrder,17855,0,5422,1691391099
newOrder,18075,1,5422,1691391099
newOrder,15766,0,5087,1691391099
newOrder,19999,1,5087,1691391099
cancel,15766,,,1691391682
cancel,17855,,,1691391682
cancel,18075,,,1691391682
cancel,19999,,,1691391682
newOrder,17845,0,5425,1691391697
newOrder,18075,1,5425,1691391697
newOrder,15762,0,7169,1691391697
newOrder,24999,1,7169,1691391697
cancel,15762,,,1691392282
cancel,17845,,,1691392282
cancel,18075,,,1691392282
cancel,24999,,,1691392282
newOrder,17881,0,5419,1691392299
newOrder,18075,1,5419,1691392299
newOrder,15742,0,12546,1691392299
newOrder,24999,1,12546,1691392299
cancel,15742,,,1691392883
cancel,17881,,,1691392883
cancel,18075,,,1691392883
cancel,24999,,,1691392883
newOrder,17857,0,5424,1691392897
newOrder,18075,1,5424,1691392897
newOrder,12310,0,25851,1691392897
newOrder,24999,1,25851,1691392897
cancel,12310,,,1691393482
cancel,17857,,,1691393482
cancel,18075,,,1691393482
cancel,24999,,,1691393482
newOrder,17859,0,5425,1691393498
newOrder,18075,1,5425,1691393498
newOrder,12310,0,25227,1691393498
newOrder,24999,1,25227,1691393498
cancel,12310,,,1691394083
cancel,17859,,,1691394083
cancel,18075,,,1691394083
cancel,24999,,,1691394083
newOrder,17843,0,5429,1691394098
newOrder,18075,1,5429,1691394098
newOrder,15742,0,19763,1691394098
newOrder,24999,1,19763,1691394098
cancel,15742,,,1691394683
cancel,17843,,,1691394683
cancel,18075,,,1691394683
cancel,24999,,,1691394683
newOrder,17884,0,5421,1691394698
newOrder,18075,1,5421,1691394698
newOrder,15742,0,13629,1691394698
newOrder,24999,1,13629,1691394698
cancel,15742,,,1691395282
cancel,17884,,,1691395282
cancel,18075,,,1691395282
cancel,24999,,,1691395282
newOrder,17878,0,5423,1691395298
newOrder,18075,1,5423,1691395298
newOrder,12310,0,26105,1691395298
newOrder,24999,1,26105,1691395298
cancel,12310,,,1691395882
cancel,17878,,,1691395882
cancel,18075,,,1691395882
cancel,24999,,,1691395882
newOrder,17849,0,5430,1691395897
newOrder,18075,1,5430,1691395897
newOrder,12310,0,26187,1691395897
newOrder,24999,1,26187,1691395897
cancel,12310,,,1691396483
cancel,17849,,,1691396483
cancel,18075,,,1691396483
cancel,24999,,,1691396483
newOrder,17865,0,5427,1691396498
newOrder,18075,1,5427,1691396498
newOrder,15742,0,17679,1691396498
newOrder,24999,1,17679,1691396498
cancel,15742,,,1691397083
cancel,17865,,,1691397083
cancel,18075,,,1691397083
cancel,24999,,,1691397083
newOrder,17876,0,5426,1691397098
newOrder,18075,1,5426,1691397098
newOrder,15742,0,15113,1691397098
newOrder,24999,1,15113,1691397098
cancel,15742,,,1691397683
cancel,17876,,,1691397683
cancel,18075,,,1691397683
cancel,24999,,,1691397683
newOrder,17876,0,5427,1691397698
newOrder,18075,1,5427,1691397698
newOrder,15742,0,20531,1691397698
newOrder,24999,1,20531,1691397698
cancel,15742,,,1691398283
cancel,17876,,,1691398283
cancel,18075,,,1691398283
cancel,24999,,,1691398283
newOrder,17841,0,5435,1691398298
newOrder,18075,1,5435,1691398298
newOrder,15742,0,14724,1691398298
newOrder,24999,1,14724,1691398298
cancel,15742,,,1691398883
cancel,17841,,,1691398883
cancel,18075,,,1691398883
cancel,24999,,,1691398883
newOrder,17801,0,5443,1691398903
newOrder,18075,1,5443,1691398903
newOrder,15742,0,10900,1691398903
newOrder,24999,1,10900,1691398903
cancel,15742,,,1691399482
cancel,17801,,,1691399482
cancel,18075,,,1691399482
cancel,24999,,,1691399482
newOrder,17850,0,5434,1691399498
newOrder,18075,1,5434,1691399498
newOrder,12310,0,27988,1691399498
newOrder,24999,1,27988,1691399498
cancel,12310,,,1691400083
cancel,17850,,,1691400083
cancel,18075,,,1691400083
cancel,24999,,,1691400083
newOrder,17836,0,5438,1691400098
newOrder,18075,1,5438,1691400098
newOrder,15766,0,4754,1691400098
newOrder,19999,1,4754,1691400098
cancel,15766,,,1691400683
cancel,17836,,,1691400683
cancel,18075,,,1691400683
cancel,19999,,,1691400683
newOrder,17840,0,5438,1691400698
newOrder,18075,1,5438,1691400698
newOrder,15742,0,24061,1691400698
newOrder,24999,1,24061,1691400698
cancel,15742,,,1691401283
cancel,17840,,,1691401283
cancel,18075,,,1691401283
cancel,24999,,,1691401283
newOrder,17812,0,5444,1691401299
newOrder,18075,1,5444,1691401299
newOrder,15762,0,9543,1691401299
newOrder,24999,1,9543,1691401299
cancel,15762,,,1691401882
cancel,17812,,,1691401882
cancel,18075,,,1691401882
cancel,24999,,,1691401882
newOrder,17851,0,5437,1691401898
newOrder,18075,1,5437,1691401898
newOrder,12310,0,26661,1691401898
newOrder,24999,1,26661,1691401898
cancel,12310,,,1691402482
cancel,17851,,,1691402482
cancel,18075,,,1691402482
cancel,24999,,,1691402482
newOrder,17826,0,5443,1691402498
newOrder,18075,1,5443,1691402498
newOrder,12310,0,25115,1691402498
newOrder,24999,1,25115,1691402498
cancel,12310,,,1691403083
cancel,17826,,,1691403083
cancel,18075,,,1691403083
cancel,24999,,,1691403083
newOrder,17817,0,5445,1691403098
newOrder,18075,1,5445,1691403098
newOrder,15742,0,17480,1691403098
newOrder,24999,1,17480,1691403098
cancel,15742,,,1691403682
cancel,17817,,,1691403682
cancel,18075,,,1691403682
cancel,24999,,,1691403682
newOrder,17847,0,5440,1691403697
newOrder,18075,1,5440,1691403697
newOrder,12310,0,24659,1691403697
newOrder,24999,1,24659,1691403697
cancel,12310,,,1691404283
cancel,17847,,,1691404283
cancel,18075,,,1691404283
cancel,24999,,,1691404283
newOrder,17819,0,5447,1691404298
newOrder,18075,1,5447,1691404298
newOrder,15742,0,12903,1691404298
newOrder,24999,1,12903,1691404298
cancel,15742,,,1691404883
cancel,17819,,,1691404883
cancel,18075,,,1691404883
cancel,24999,,,1691404883
newOrder,17846,0,5442,1691404897
newOrder,18075,1,5442,1691404897
newOrder,12310,0,28959,1691404897
newOrder,24999,1,28959,1691404897
cancel,12310,,,1691405483
cancel,17846,,,1691405483
cancel,18075,,,1691405483
cancel,24999,,,1691405483
newOrder,17878,0,5436,1691405499
newOrder,18075,1,5436,1691405499
newOrder,14501,0,24231,1691405499
newOrder,24999,1,24231,1691405499
cancel,14501,,,1691406082
cancel,17878,,,1691406082
cancel,18075,,,1691406082
cancel,24999,,,1691406082
newOrder,17844,0,5444,1691406098
newOrder,18075,1,5444,1691406098
newOrder,12310,0,26436,1691406098
newOrder,24999,1,26436,1691406098
cancel,12310,,,1691406683
cancel,17844,,,1691406683
cancel,18075,,,1691406683
cancel,24999,,,1691406683
newOrder,17878,0,5438,1691406697
newOrder,18075,1,5438,1691406697
newOrder,12310,0,28722,1691406697
newOrder,24999,1,28722,1691406697
cancel,12310,,,1691407283
cancel,17878,,,1691407283
cancel,18075,,,1691407283
cancel,24999,,,1691407283
newOrder,17866,0,5441,1691407300
newOrder,18075,1,5441,1691407300
newOrder,15762,0,8348,1691407300
newOrder,24999,1,8348,1691407300
cancel,15762,,,1691407882
cancel,17866,,,1691407882
cancel,18075,,,1691407882
cancel,24999,,,1691407882
newOrder,17829,0,5449,1691407897
newOrder,18075,1,5449,1691407897
newOrder,15742,0,22301,1691407897
newOrder,24999,1,22301,1691407897
cancel,15742,,,1691408482
cancel,17829,,,1691408482
cancel,18075,,,1691408482
cancel,24999,,,1691408482
newOrder,17828,0,5450,1691408498
newOrder,18075,1,5450,1691408498
newOrder,15742,0,21463,1691408498
newOrder,24999,1,21463,1691408498
cancel,15742,,,1691409082
cancel,17828,,,1691409082
cancel,18075,,,1691409082
cancel,24999,,,1691409082
newOrder,17907,0,5435,1691409098
newOrder,18075,1,5435,1691409098
newOrder,15742,0,16375,1691409098
newOrder,24999,1,16375,1691409098
cancel,15742,,,1691409682
cancel,17907,,,1691409682
cancel,18075,,,1691409682
cancel,24999,,,1691409682
newOrder,17863,0,5445,1691409699
newOrder,18075,1,5445,1691409699
newOrder,15742,0,22253,1691409699
newOrder,24999,1,22253,1691409699