instruction,price,side,qty,time
cancel,11604,,,1683289060
cancel,17334,,,1683289060
cancel,19066,,,1683289060
cancel,24957,,,1683289060
newOrder,17334,0,7668,1683289085
newOrder,19066,1,7668,1683289085
newOrder,11604,0,23605,1683289085
newOrder,24957,1,23605,1683289085
cancel,11604,,,1683289661
cancel,17334,,,1683289661
cancel,19066,,,1683289661
cancel,24957,,,1683289661
newOrder,17333,0,7668,1683289688
newOrder,19066,1,7668,1683289688
newOrder,12122,0,7527,1683289688
newOrder,21887,1,7527,1683289688
cancel,12122,,,1683290261
cancel,17333,,,1683290261
cancel,19066,,,1683290261
cancel,21887,,,1683290261
newOrder,17313,0,7660,1683290287
newOrder,19066,1,7660,1683290287
newOrder,11604,0,36595,1683290287
newOrder,24999,1,36595,1683290287
cancel,11604,,,1683290860
cancel,17313,,,1683290860
cancel,19066,,,1683290860
cancel,24999,,,1683290860
newOrder,17243,0,7627,1683290887
newOrder,19066,1,7627,1683290887
newOrder,12012,0,13989,1683290887
newOrder,24957,1,13989,1683290887
cancel,12012,,,1683291460
cancel,17243,,,1683291460
cancel,19066,,,1683291460
cancel,24957,,,1683291460
newOrder,17243,0,7628,1683291486
newOrder,19066,1,7628,1683291486
newOrder,11604,0,26697,1683291486
newOrder,24957,1,26697,1683291486
cancel,11604,,,1683292060
cancel,17243,,,1683292060
cancel,19066,,,1683292060
cancel,24957,,,1683292060
newOrder,17313,0,7662,1683292140
newOrder,19066,1,7662,1683292140
newOrder,12001,0,18655,1683292140
newOrder,24957,1,18655,1683292140
cancel,12001,,,1683292660
cancel,17313,,,1683292660
cancel,19066,,,1683292660
cancel,24957,,,1683292660
newOrder,17313,0,7663,1683292686
newOrder,19066,1,7663,1683292686
newOrder,12122,0,5352,1683292686
newOrder,21887,1,5352,1683292686
cancel,12122,,,1683293260
cancel,17313,,,1683293260
cancel,19066,,,1683293260
cancel,21887,,,1683293260
newOrder,17313,0,7664,1683293287
newOrder,19066,1,7664,1683293287
newOrder,12012,0,7917,1683293287
newOrder,21899,1,7917,1683293287
cancel,12012,,,1683293860
cancel,17313,,,1683293860
cancel,19066,,,1683293860
cancel,21899,,,1683293860
newOrder,17313,0,7664,1683293887
newOrder,19066,1,7664,1683293887
newOrder,12012,0,11311,1683293887
newOrder,24957,1,11311,1683293887
cancel,12012,,,1683294460
cancel,17313,,,1683294460
cancel,19066,,,1683294460
cancel,24957,,,1683294460
newOrder,17313,0,7665,1683294484
newOrder,19066,1,7665,1683294484
newOrder,12012,0,14231,1683294484
newOrder,24957,1,14231,1683294484
cancel,12012,,,1683295060
cancel,17313,,,1683295060
cancel,19066,,,1683295060
cancel,24957,,,1683295060
newOrder,17313,0,7666,1683295087
newOrder,19066,1,7666,1683295087
newOrder,11604,0,27028,1683295087
newOrder,24957,1,27028,1683295087
cancel,11604,,,1683295660
cancel,17313,,,1683295660
cancel,19066,,,1683295660
cancel,24957,,,1683295660
newOrder,17313,0,7667,1683295686
newOrder,19066,1,7667,1683295686
newOrder,12122,0,5950,1683295686
newOrder,21887,1,5950,1683295686
cancel,12122,,,1683296260
cancel,17313,,,1683296260
cancel,19066,,,1683296260
cancel,21887,,,1683296260
newOrder,17313,0,7667,1683296286
newOrder,19066,1,7667,1683296286
newOrder,11604,0,28490,1683296286
newOrder,24957,1,28490,1683296286
cancel,11604,,,1683296860
cancel,17313,,,1683296860
cancel,19066,,,1683296860
cancel,24957,,,1683296860
newOrder,17313,0,7668,1683296888
newOrder,19066,1,7668,1683296888
newOrder,11604,0,25305,1683296888
newOrder,24957,1,25305,1683296888
cancel,11604,,,1683297461
cancel,17313,,,1683297461
cancel,19066,,,1683297461
cancel,24957,,,1683297461
newOrder,17313,0,7669,1683297489
newOrder,19066,1,7669,1683297489
newOrder,11604,0,32766,1683297489
newOrder,24957,1,32766,1683297489
cancel,11604,,,1683298059
cancel,17313,,,1683298059
cancel,19066,,,1683298059
cancel,24957,,,1683298059
newOrder,17313,0,7670,1683298086
newOrder,19066,1,7670,1683298086
newOrder,11604,0,27070,1683298086
newOrder,24957,1,27070,1683298086
cancel,11604,,,1683298660
cancel,17313,,,1683298660
cancel,19066,,,1683298660
cancel,24957,,,1683298660
newOrder,17419,0,7717,1683298688
newOrder,19066,1,7717,1683298688
newOrder,12011,0,16579,1683298688
newOrder,24957,1,16579,1683298688
cancel,12011,,,1683299260
cancel,17419,,,1683299260
cancel,19066,,,1683299260
cancel,24957,,,1683299260
newOrder,17419,0,7717,1683299286
newOrder,19066,1,7717,1683299286
newOrder,12012,0,10978,1683299286
newOrder,24957,1,10978,1683299286
cancel,12012,,,1683299860
cancel,17419,,,1683299860
cancel,19066,,,1683299860
cancel,24957,,,1683299860
newOrder,17430,0,7723,1683299886
newOrder,19066,1,7723,1683299886
newOrder,11604,0,30242,1683299886
newOrder,24957,1,30242,1683299886
cancel,11604,,,1683300461
cancel,17430,,,1683300461
cancel,19066,,,1683300461
cancel,24957,,,1683300461
newOrder,17442,0,7728,1683300486
newOrder,19066,1,7728,1683300486
newOrder,12012,0,11736,1683300486
newOrder,24957,1,11736,1683300486
cancel,12012,,,1683301061
cancel,17442,,,1683301061
cancel,19066,,,1683301061
cancel,24957,,,1683301061
newOrder,17521,0,7759,1683301086
newOrder,19066,1,7759,1683301086
newOrder,11604,0,31469,1683301086
newOrder,24957,1,31469,1683301086
cancel,11604,,,1683301660
cancel,17521,,,1683301660
cancel,19066,,,1683301660
cancel,24957,,,1683301660
newOrder,17521,0,7760,1683301687
newOrder,19066,1,7760,1683301687
newOrder,11604,0,28916,1683301687
newOrder,24957,1,28916,1683301687
cancel,11604,,,1683302260
cancel,17521,,,1683302260
cancel,19066,,,1683302260
cancel,24957,,,1683302260
newOrder,17521,0,7761,1683302286
newOrder,19066,1,7761,1683302286
newOrder,10513,0,41896,1683302286
newOrder,24999,1,41896,1683302286
cancel,10513,,,1683302861
cancel,17521,,,1683302861
cancel,19066,,,1683302861
cancel,24999,,,1683302861
newOrder,17663,0,7809,1683302887
newOrder,19066,1,7809,1683302887
newOrder,12012,0,14527,1683302887
newOrder,24957,1,14527,1683302887
cancel,12012,,,1683303461
cancel,17663,,,1683303461
cancel,19066,,,1683303461
cancel,24957,,,1683303461
newOrder,17663,0,7810,1683303487
newOrder,19066,1,7810,1683303487
newOrder,11604,0,36960,1683303487
newOrder,24999,1,36960,1683303487
cancel,11604,,,1683304061
cancel,17663,,,1683304061
cancel,19066,,,1683304061
cancel,24999,,,1683304061
newOrder,17663,0,7811,1683304087
newOrder,19066,1,7811,1683304087
newOrder,12011,0,16287,1683304087
newOrder,24957,1,16287,1683304087
cancel,12011,,,1683304660
cancel,17663,,,1683304660
cancel,19066,,,1683304660
cancel,24957,,,1683304660
newOrder,17663,0,7811,1683304687
newOrder,19066,1,7811,1683304687
newOrder,12012,0,15244,1683304687
newOrder,24957,1,15244,1683304687
cancel,12012,,,1683305260
cancel,17663,,,1683305260
cancel,19066,,,1683305260
cancel,24957,,,1683305260
newOrder,17663,0,7812,1683305287
newOrder,19066,1,7812,1683305287
newOrder,11604,0,32297,1683305287
newOrder,24957,1,32297,1683305287
cancel,11604,,,1683305860
cancel,17663,,,1683305860
cancel,19066,,,1683305860
cancel,24957,,,1683305860
newOrder,17663,0,7813,1683305887
newOrder,19066,1,7813,1683305887
newOrder,11604,0,36210,1683305887
newOrder,24999,1,36210,1683305887
cancel,11604,,,1683306460
cancel,17663,,,1683306460
cancel,19066,,,1683306460
cancel,24999,,,1683306460
newOrder,17663,0,7814,1683306488
newOrder,19066,1,7814,1683306488
newOrder,11604,0,34248,1683306488
newOrder,24999,1,34248,1683306488
cancel,11604,,,1683307060
cancel,17663,,,1683307060
cancel,19066,,,1683307060
cancel,24999,,,1683307060
newOrder,17663,0,7815,1683307087
newOrder,19066,1,7815,1683307087
newOrder,11604,0,22760,1683307087
newOrder,24957,1,22760,1683307087
cancel,11604,,,1683307660
cancel,17663,,,1683307660
cancel,19066,,,1683307660
cancel,24957,,,1683307660
newOrder,17663,0,7816,1683307689
newOrder,19066,1,7816,1683307689
newOrder,12122,0,5144,1683307689
newOrder,21887,1,5144,1683307689
cancel,12122,,,1683308260
cancel,17663,,,1683308260
cancel,19066,,,1683308260
cancel,21887,,,1683308260
newOrder,17663,0,7816,1683308286
newOrder,19066,1,7816,1683308286
newOrder,10598,0,39377,1683308286
newOrder,24999,1,39377,1683308286
cancel,10598,,,1683308860
cancel,17663,,,1683308860
cancel,19066,,,1683308860
cancel,24999,,,1683308860
newOrder,17663,0,7817,1683308887
newOrder,19066,1,7817,1683308887
newOrder,11604,0,28526,1683308887
newOrder,24957,1,28526,1683308887
cancel,11604,,,1683309460
cancel,17663,,,1683309460
cancel,19066,,,1683309460
cancel,24957,,,1683309460
newOrder,17769,0,7847,1683309487
newOrder,19066,1,7847,1683309487
newOrder,12012,0,9891,1683309487
newOrder,24957,1,9891,1683309487
cancel,12012,,,1683310060
cancel,17769,,,1683310060
cancel,19066,,,1683310060
cancel,24957,,,1683310060
newOrder,17769,0,7848,1683310087
newOrder,19066,1,7848,1683310087
newOrder,10662,0,42040,1683310087
newOrder,24999,1,42040,1683310087
cancel,10662,,,1683310660
cancel,17769,,,1683310660
cancel,19066,,,1683310660
cancel,24999,,,1683310660
newOrder,17769,0,7849,1683310688
newOrder,19066,1,7849,1683310688
newOrder,12001,0,19391,1683310688
newOrder,24957,1,19391,1683310688
cancel,12001,,,1683311260
cancel,17769,,,1683311260
cancel,19066,,,1683311260
cancel,24957,,,1683311260
newOrder,17769,0,7850,1683311285
newOrder,19066,1,7850,1683311285
newOrder,11604,0,25832,1683311285
newOrder,24957,1,25832,1683311285
cancel,11604,,,1683311859
cancel,17769,,,1683311859
cancel,19066,,,1683311859
cancel,24957,,,1683311859
newOrder,17769,0,7851,1683311887
newOrder,19066,1,7851,1683311887
newOrder,12001,0,18290,1683311887
newOrder,24957,1,18290,1683311887
cancel,12001,,,1683312460
cancel,17769,,,1683312460
cancel,19066,,,1683312460
cancel,24957,,,1683312460
newOrder,17668,0,7824,1683312487
newOrder,19066,1,7824,1683312487
newOrder,11604,0,36690,1683312487
newOrder,24999,1,36690,1683312487
cancel,11604,,,1683313061
cancel,17668,,,1683313061
cancel,19066,,,1683313061
cancel,24999,,,1683313061
newOrder,17677,0,7827,1683313088
newOrder,19066,1,7827,1683313088
newOrder,12012,0,9524,1683313088
newOrder,24957,1,9524,1683313088
cancel,12012,,,1683313660
cancel,17677,,,1683313660
cancel,19066,,,1683313660
cancel,24957,,,1683313660
newOrder,17677,0,7828,1683313687
newOrder,19066,1,7828,1683313687
newOrder,12012,0,8349,1683313687
newOrder,24957,1,8349,1683313687
cancel,12012,,,1683314260
cancel,17677,,,1683314260
cancel,19066,,,1683314260
cancel,24957,,,1683314260
newOrder,17678,0,7829,1683314288
newOrder,19066,1,7829,1683314288
newOrder,12012,0,10952,1683314288
newOrder,24957,1,10952,1683314288
cancel,12012,,,1683314860
cancel,17678,,,1683314860
cancel,19066,,,1683314860
cancel,24957,,,1683314860
newOrder,17677,0,7830,1683314887
newOrder,19066,1,7830,1683314887
newOrder,12012,0,14539,1683314887
newOrder,24957,1,14539,1683314887
cancel,12012,,,1683315460
cancel,17677,,,1683315460
cancel,19066,,,1683315460
cancel,24957,,,1683315460
newOrder,17677,0,7831,1683315486
newOrder,19066,1,7831,1683315486
newOrder,11604,0,22664,1683315486
newOrder,24957,1,22664,1683315486
cancel,11604,,,1683316060
cancel,17677,,,1683316060
cancel,19066,,,1683316060
cancel,24957,,,1683316060
newOrder,17677,0,7832,1683316087
newOrder,19066,1,7832,1683316087
newOrder,11604,0,33502,1683316087
newOrder,24999,1,33502,1683316087
cancel,11604,,,1683316660
cancel,17677,,,1683316660
cancel,19066,,,1683316660
cancel,24999,,,1683316660
newOrder,17829,0,7872,1683316689
newOrder,19066,1,7872,1683316689
newOrder,10697,0,39550,1683316689
newOrder,24999,1,39550,1683316689
cancel,10697,,,1683317261
cancel,17829,,,1683317261
cancel,19066,,,1683317261
cancel,24999,,,1683317261
newOrder,18079,0,7913,1683317288
newOrder,19066,1,7913,1683317288
newOrder,12012,0,15285,1683317288
newOrder,24957,1,15285,1683317288
cancel,12012,,,1683317860
cancel,18079,,,1683317860
cancel,19066,,,1683317860
cancel,24957,,,1683317860
newOrder,17999,0,7904,1683317887
newOrder,19066,1,7904,1683317887
newOrder,11604,0,37217,1683317887
newOrder,24999,1,37217,1683317887
cancel,11604,,,1683318460
cancel,17999,,,1683318460
cancel,19066,,,1683318460
cancel,24999,,,1683318460
newOrder,17998,0,7905,1683318487
newOrder,19066,1,7905,1683318487
newOrder,12012,0,10946,1683318487
newOrder,24957,1,10946,1683318487
cancel,12012,,,1683319060
cancel,17998,,,1683319060
cancel,19066,,,1683319060
cancel,24957,,,1683319060
newOrder,18019,0,7909,1683319087
newOrder,19066,1,7909,1683319087
newOrder,11604,0,35589,1683319087
newOrder,24999,1,35589,1683319087
cancel,11604,,,1683319661
cancel,18019,,,1683319661
cancel,19066,,,1683319661
cancel,24999,,,1683319661
newOrder,18189,0,7926,1683319688
newOrder,19066,1,7926,1683319688
newOrder,10913,0,40736,1683319688
newOrder,24999,1,40736,1683319688
cancel,10913,,,1683320260
cancel,18189,,,1683320260
cancel,19066,,,1683320260
cancel,24999,,,1683320260
newOrder,18225,0,7928,1683320287
newOrder,19066,1,7928,1683320287
newOrder,10935,0,42795,1683320287
newOrder,24999,1,42795,1683320287
cancel,10935,,,1683320860
cancel,18225,,,1683320860
cancel,19066,,,1683320860
cancel,24999,,,1683320860
newOrder,18225,0,7929,1683320887
newOrder,19066,1,7929,1683320887
newOrder,11604,0,28312,1683320887
newOrder,24957,1,28312,1683320887
cancel,11604,,,1683321460
cancel,18225,,,1683321460
cancel,19066,,,1683321460
cancel,24957,,,1683321460
newOrder,18225,0,7930,1683321488
newOrder,19066,1,7930,1683321488
newOrder,12001,0,18693,1683321488
newOrder,24957,1,18693,1683321488
cancel,12001,,,1683322061
cancel,18225,,,1683322061
cancel,19066,,,1683322061
cancel,24957,,,1683322061
newOrder,18225,0,7931,1683322091
newOrder,19066,1,7931,1683322091
newOrder,11604,0,27653,1683322091
newOrder,24957,1,27653,1683322091
cancel,11604,,,1683322659
cancel,18225,,,1683322659
cancel,19066,,,1683322659
cancel,24957,,,1683322659
newOrder,18225,0,7932,1683322688
newOrder,19066,1,7932,1683322688
newOrder,11604,0,31804,1683322688
newOrder,24957,1,31804,1683322688
cancel,11604,,,1683323260
cancel,18225,,,1683323260
cancel,19066,,,1683323260
cancel,24957,,,1683323260
newOrder,18225,0,7933,1683323286
newOrder,19066,1,7933,1683323286
newOrder,11604,0,35845,1683323286
newOrder,24999,1,35845,1683323286
cancel,11604,,,1683323860
cancel,18225,,,1683323860
cancel,19066,,,1683323860
cancel,24999,,,1683323860
newOrder,18225,0,7934,1683323889
newOrder,19066,1,7934,1683323889
newOrder,11604,0,28647,1683323889
newOrder,24957,1,28647,1683323889
cancel,11604,,,1683324460
cancel,18225,,,1683324460
cancel,19066,,,1683324460
cancel,24957,,,1683324460
newOrder,18225,0,7935,1683324487
newOrder,19066,1,7935,1683324487
newOrder,12012,0,13000,1683324487
newOrder,24957,1,13000,1683324487
cancel,12012,,,1683325060
cancel,18225,,,1683325060
cancel,19066,,,1683325060
cancel,24957,,,1683325060
newOrder,18225,0,7936,1683325086
newOrder,19066,1,7936,1683325086
newOrder,11604,0,20953,1683325086
newOrder,24957,1,20953,1683325086
cancel,11604,,,1683325659
cancel,18225,,,1683325659
cancel,19066,,,1683325659
cancel,24957,,,1683325659
newOrder,18225,0,7936,1683325686
newOrder,19066,1,7936,1683325686
newOrder,12012,0,11083,1683325686
newOrder,24957,1,11083,1683325686
cancel,12012,,,1683326263
cancel,18225,,,1683326263
cancel,19066,,,1683326263
cancel,24957,,,1683326263
newOrder,18225,0,7937,1683326290
newOrder,19066,1,7937,1683326290
newOrder,11604,0,28201,1683326290
newOrder,24957,1,28201,1683326290
cancel,11604,,,1683326860
cancel,18225,,,1683326860
cancel,19066,,,1683326860
cancel,24957,,,1683326860
newOrder,18225,0,7938,1683326887
newOrder,19066,1,7938,1683326887
newOrder,11604,0,20515,1683326887
newOrder,24957,1,20515,1683326887
cancel,11604,,,1683327460
cancel,18225,,,1683327460
cancel,19066,,,1683327460
cancel,24957,,,1683327460
newOrder,18261,0,7940,1683327486
newOrder,19066,1,7940,1683327486
newOrder,11604,0,21199,1683327486
newOrder,24957,1,21199,1683327486
cancel,11604,,,1683328060
cancel,18261,,,1683328060
cancel,19066,,,1683328060
cancel,24957,,,1683328060
newOrder,18261,0,7941,1683328087
newOrder,19066,1,7941,1683328087
newOrder,12122,0,5102,1683328087
newOrder,21887,1,5102,1683328087
cancel,12122,,,1683328660
cancel,18261,,,1683328660
cancel,19066,,,1683328660
cancel,21887,,,1683328660
newOrder,18261,0,7942,1683328687
newOrder,19066,1,7942,1683328687
newOrder,12012,0,9361,1683328687
newOrder,24957,1,9361,1683328687
cancel,12012,,,1683329260
cancel,18261,,,1683329260
cancel,19066,,,1683329260
cancel,24957,,,1683329260
newOrder,18261,0,7943,1683329287
newOrder,19066,1,7943,1683329287
newOrder,12012,0,9092,1683329287
newOrder,24957,1,9092,1683329287
cancel,12012,,,1683329860
cancel,18261,,,1683329860
cancel,19066,,,1683329860
cancel,24957,,,1683329860
newOrder,18261,0,7944,1683329886
newOrder,19066,1,7944,1683329886
newOrder,10957,0,39758,1683329886
newOrder,24999,1,39758,1683329886
cancel,10957,,,1683330460
cancel,18261,,,1683330460
cancel,19066,,,1683330460
cancel,24999,,,1683330460
newOrder,18261,0,7945,1683330487
newOrder,19066,1,7945,1683330487
newOrder,11604,0,29422,1683330487
newOrder,24957,1,29422,1683330487
cancel,11604,,,1683331060
cancel,18261,,,1683331060
cancel,19066,,,1683331060
cancel,24957,,,1683331060
newOrder,18261,0,7946,1683331088
newOrder,19066,1,7946,1683331088
newOrder,11604,0,36541,1683331088
newOrder,24999,1,36541,1683331088
cancel,11604,,,1683331661
cancel,18261,,,1683331661
cancel,19066,,,1683331661
cancel,24999,,,1683331661
newOrder,18261,0,7947,1683331688
newOrder,19066,1,7947,1683331688
newOrder,10957,0,40007,1683331688
newOrder,24999,1,40007,1683331688
cancel,10957,,,1683332260
cancel,18261,,,1683332260
cancel,19066,,,1683332260
cancel,24999,,,1683332260
newOrder,18261,0,7948,1683332289
newOrder,19066,1,7948,1683332289
newOrder,11604,0,24621,1683332289
newOrder,24957,1,24621,1683332289
cancel,11604,,,1683332860
cancel,18261,,,1683332860
cancel,19066,,,1683332860
cancel,24957,,,1683332860
newOrder,18261,0,7949,1683332886
newOrder,19066,1,7949,1683332886
newOrder,11604,0,37461,1683332886
newOrder,24999,1,37461,1683332886
cancel,11604,,,1683333461
cancel,18261,,,1683333461
cancel,19066,,,1683333461
cancel,24999,,,1683333461
newOrder,18261,0,7950,1683333489
newOrder,19066,1,7950,1683333489
newOrder,12012,0,14387,1683333489
newOrder,24957,1,14387,1683333489
cancel,12012,,,1683334060
cancel,18261,,,1683334060
cancel,19066,,,1683334060
cancel,24957,,,1683334060
newOrder,18261,0,7951,1683334087
newOrder,19066,1,7951,1683334087
newOrder,12122,0,5823,1683334087
newOrder,21887,1,5823,1683334087
cancel,12122,,,1683334660
cancel,18261,,,1683334660
cancel,19066,,,1683334660
cancel,21887,,,1683334660
newOrder,18261,0,7951,1683334688
newOrder,19066,1,7951,1683334688
newOrder,12001,0,17788,1683334688
newOrder,24957,1,17788,1683334688
cancel,12001,,,1683335260
cancel,18261,,,1683335260
cancel,19066,,,1683335260
cancel,24957,,,1683335260
newOrder,18333,0,7953,1683335287
newOrder,19066,1,7953,1683335287
newOrder,12012,0,14266,1683335287
newOrder,24957,1,14266,1683335287
cancel,12012,,,1683335860
cancel,18333,,,1683335860
cancel,19066,,,1683335860
cancel,24957,,,1683335860
newOrder,18369,0,7953,1683335887
newOrder,19066,1,7953,1683335887
newOrder,11604,0,20370,1683335887
newOrder,24957,1,20370,1683335887
cancel,11604,,,1683336460
cancel,18369,,,1683336460
cancel,19066,,,1683336460
cancel,24957,,,1683336460
newOrder,18369,0,7954,1683336486
newOrder,19066,1,7954,1683336486
newOrder,12012,0,12971,1683336486
newOrder,24957,1,12971,1683336486
cancel,12012,,,1683337060
cancel,18369,,,1683337060
cancel,19066,,,1683337060
cancel,24957,,,1683337060
newOrder,18369,0,7955,1683337087
newOrder,19066,1,7955,1683337087
newOrder,11604,0,20662,1683337087
newOrder,24957,1,20662,1683337087
cancel,11604,,,1683337660
cancel,18369,,,1683337660
cancel,19066,,,1683337660
cancel,24957,,,1683337660
newOrder,18369,0,7956,1683337687
newOrder,19066,1,7956,1683337687
newOrder,12012,0,9841,1683337687
newOrder,24957,1,9841,1683337687
cancel,12012,,,1683338259
cancel,18369,,,1683338259
cancel,19066,,,1683338259
cancel,24957,,,1683338259
newOrder,18369,0,7957,1683338286
newOrder,19066,1,7957,1683338286
newOrder,11604,0,30961,1683338286
newOrder,24957,1,30961,1683338286
cancel,11604,,,1683338860
cancel,18369,,,1683338860
cancel,19066,,,1683338860
cancel,24957,,,1683338860
newOrder,18369,0,7958,1683338888
newOrder,19066,1,7958,1683338888
newOrder,12012,0,10511,1683338888
newOrder,24957,1,10511,1683338888
cancel,12012,,,1683339460
cancel,18369,,,1683339460
cancel,19066,,,1683339460
cancel,24957,,,1683339460
newOrder,18369,0,7959,1683339486
newOrder,19066,1,7959,1683339486
newOrder,11604,0,25918,1683339486
newOrder,24957,1,25918,1683339486
cancel,11604,,,1683340060
cancel,18369,,,1683340060
cancel,19066,,,1683340060
cancel,24957,,,1683340060
newOrder,18369,0,7960,1683340088
newOrder,19066,1,7960,1683340088
newOrder,11022,0,40739,1683340088
newOrder,24999,1,40739,1683340088
cancel,11022,,,1683340660
cancel,18369,,,1683340660
cancel,19066,,,1683340660
cancel,24999,,,1683340660
newOrder,18369,0,7961,1683340687
newOrder,19066,1,7961,1683340687
newOrder,12122,0,7100,1683340687
newOrder,21887,1,7100,1683340687
cancel,12122,,,1683341260
cancel,18369,,,1683341260
cancel,19066,,,1683341260
cancel,21887,,,1683341260
newOrder,18325,0,7962,1683341288
newOrder,19066,1,7962,1683341288
newOrder,11604,0,33150,1683341288
newOrder,24957,1,33150,1683341288
cancel,11604,,,1683341860
cancel,18325,,,1683341860
cancel,19066,,,1683341860
cancel,24957,,,1683341860
newOrder,18325,0,7963,1683341887
newOrder,19066,1,7963,1683341887
newOrder,11604,0,35628,1683341887
newOrder,24999,1,35628,1683341887
cancel,11604,,,1683342460
cancel,18325,,,1683342460
cancel,19066,,,1683342460
cancel,24999,,,1683342460
newOrder,18326,0,7964,1683342486
newOrder,19066,1,7964,1683342486
newOrder,12012,0,14458,1683342486
newOrder,24957,1,14458,1683342486
cancel,12012,,,1683343060
cancel,18326,,,1683343060
cancel,19066,,,1683343060
cancel,24957,,,1683343060
newOrder,18349,0,7965,1683343087
newOrder,19066,1,7965,1683343087
newOrder,11604,0,37421,1683343087
newOrder,24999,1,37421,1683343087
cancel,11604,,,1683343660
cancel,18349,,,1683343660
cancel,19066,,,1683343660
cancel,24999,,,1683343660
newOrder,18349,0,7966,1683343688
newOrder,19066,1,7966,1683343688
newOrder,11604,0,24077,1683343688
newOrder,24957,1,24077,1683343688
cancel,11604,,,1683344260
cancel,18349,,,1683344260
cancel,19066,,,1683344260
cancel,24957,,,1683344260
newOrder,18399,0,7965,1683344287
newOrder,19066,1,7965,1683344287
newOrder,11040,0,40511,1683344287
newOrder,24999,1,40511,1683344287
cancel,11040,,,1683344860
cancel,18399,,,1683344860
cancel,19066,,,1683344860
cancel,24999,,,1683344860
newOrder,18472,0,7962,1683344887
newOrder,19066,1,7962,1683344887
newOrder,11083,0,41546,1683344887
newOrder,24999,1,41546,1683344887
cancel,11083,,,1683345460
cancel,18472,,,1683345460
cancel,19066,,,1683345460
cancel,24999,,,1683345460
newOrder,18472,0,7963,1683345487
newOrder,19066,1,7963,1683345487
newOrder,11604,0,22482,1683345487
newOrder,24957,1,22482,1683345487
cancel,11604,,,1683346059
cancel,18472,,,1683346059
cancel,19066,,,1683346059
cancel,24957,,,1683346059
newOrder,18472,0,7964,1683346087
newOrder,19066,1,7964,1683346087
newOrder,11604,0,24814,1683346087
newOrder,24957,1,24814,1683346087
cancel,11604,,,1683346660
cancel,18472,,,1683346660
cancel,19066,,,1683346660
cancel,24957,,,1683346660
newOrder,18472,0,7965,1683346688
newOrder,19066,1,7965,1683346688
newOrder,11604,0,24174,1683346688
newOrder,24957,1,24174,1683346688
cancel,11604,,,1683347261
cancel,18472,,,1683347261
cancel,19066,,,1683347261
cancel,24957,,,1683347261
newOrder,18437,0,7968,1683347289
newOrder,19066,1,7968,1683347289
newOrder,12012,0,11222,1683347289
newOrder,24957,1,11222,1683347289
cancel,12012,,,1683347861
cancel,18437,,,1683347861
cancel,19066,,,1683347861
cancel,24957,,,1683347861
newOrder,18418,0,7970,1683347887
newOrder,19066,1,7970,1683347887
newOrder,11604,0,25903,1683347887
newOrder,24957,1,25903,1683347887
cancel,11604,,,1683348460
cancel,18418,,,1683348460
cancel,19066,,,1683348460
cancel,24957,,,1683348460
newOrder,18420,0,7971,1683348487
newOrder,19066,1,7971,1683348487
newOrder,11604,0,31139,1683348487
newOrder,24957,1,31139,1683348487
cancel,11604,,,1683349060
cancel,18420,,,1683349060
cancel,19066,,,1683349060
cancel,24957,,,1683349060
newOrder,18422,0,7972,1683349087
newOrder,19066,1,7972,1683349087
newOrder,12122,0,6463,1683349087
newOrder,21887,1,6463,1683349087
cancel,12122,,,1683349660
cancel,18422,,,1683349660
cancel,19066,,,1683349660
cancel,21887,,,1683349660
newOrder,18424,0,7973,1683349687
newOrder,19066,1,7973,1683349687
newOrder,12122,0,4794,1683349687
newOrder,21887,1,4794,1683349687
cancel,12122,,,1683350260
cancel,18424,,,1683350260
cancel,19066,,,1683350260
cancel,21887,,,1683350260
newOrder,18423,0,7974,1683350289
newOrder,19066,1,7974,1683350289
newOrder,11604,0,30898,1683350289
newOrder,24957,1,30898,1683350289
cancel,11604,,,1683350860
cancel,18423,,,1683350860
cancel,19066,,,1683350860
cancel,24957,,,1683350860
newOrder,18423,0,7975,1683350887
newOrder,19066,1,7975,1683350887
newOrder,11604,0,24493,1683350887
newOrder,24957,1,24493,1683350887
cancel,11604,,,1683351460
cancel,18423,,,1683351460
cancel,19066,,,1683351460
cancel,24957,,,1683351460
newOrder,18427,0,7975,1683351487
newOrder,19066,1,7975,1683351487
newOrder,12012,0,13060,1683351487
newOrder,24957,1,13060,1683351487
cancel,12012,,,1683352060
cancel,18427,,,1683352060
cancel,19066,,,1683352060
cancel,24957,,,1683352060
newOrder,18419,0,7977,1683352088
newOrder,19066,1,7977,1683352088
newOrder,12012,0,12153,1683352088
newOrder,24957,1,12153,1683352088
cancel,12012,,,1683352660
cancel,18419,,,1683352660
cancel,19066,,,1683352660
cancel,24957,,,1683352660
newOrder,18417,0,7978,1683352688
newOrder,19066,1,7978,1683352688
newOrder,11050,0,40566,1683352688
newOrder,24999,1,40566,1683352688
cancel,11050,,,1683353260
cancel,18417,,,1683353260
cancel,19066,,,1683353260
cancel,24999,,,1683353260
newOrder,18417,0,7979,1683353287
newOrder,19066,1,7979,1683353287
newOrder,11050,0,42460,1683353287
newOrder,24999,1,42460,1683353287
cancel,11050,,,1683353859
cancel,18417,,,1683353859
cancel,19066,,,1683353859
cancel,24999,,,1683353859
newOrder,18416,0,7980,1683353887
newOrder,19066,1,7980,1683353887
newOrder,11604,0,29587,1683353887
newOrder,24957,1,29587,1683353887
cancel,11604,,,1683354460
cancel,18416,,,1683354460
cancel,19066,,,1683354460
cancel,24957,,,1683354460
newOrder,18513,0,7974,1683354514
newOrder,19066,1,7974,1683354514
newOrder,11604,0,30055,1683354514
newOrder,24957,1,30055,1683354514
cancel,11604,,,1683355060
cancel,18513,,,1683355060
cancel,19066,,,1683355060
cancel,24957,,,1683355060
newOrder,18513,0,7975,1683355088
newOrder,19066,1,7975,1683355088
newOrder,11604,0,27815,1683355088
newOrder,24957,1,27815,1683355088
cancel,11604,,,1683355660
cancel,18513,,,1683355660
cancel,19066,,,1683355660
cancel,24957,,,1683355660
newOrder,18413,0,7983,1683355687
newOrder,19066,1,7983,1683355687
newOrder,12122,0,5909,1683355687
newOrder,21887,1,5909,1683355687
cancel,12122,,,1683356260
cancel,18413,,,1683356260
cancel,19066,,,1683356260
cancel,21887,,,1683356260
newOrder,18415,0,7984,1683356287
newOrder,19066,1,7984,1683356287
newOrder,12012,0,13620,1683356287
newOrder,24957,1,13620,1683356287
cancel,12012,,,1683356860
cancel,18415,,,1683356860
cancel,19066,,,1683356860
cancel,24957,,,1683356860
newOrder,18442,0,7983,1683356888
newOrder,19066,1,7983,1683356888
newOrder,11604,0,24552,1683356888
newOrder,24957,1,24552,1683356888
cancel,11604,,,1683357460
cancel,18442,,,1683357460
cancel,19066,,,1683357460
cancel,24957,,,1683357460
newOrder,18439,0,7984,1683357488
newOrder,19066,1,7984,1683357488
newOrder,12012,0,15500,1683357488
newOrder,24957,1,15500,1683357488
cancel,12012,,,1683358060
cancel,18439,,,1683358060
cancel,19066,,,1683358060
cancel,24957,,,1683358060
newOrder,18439,0,7985,1683358088
newOrder,19066,1,7985,1683358088
newOrder,11604,0,32387,1683358088
newOrder,24957,1,32387,1683358088
cancel,11604,,,1683358660
cancel,18439,,,1683358660
cancel,19066,,,1683358660
cancel,24957,,,1683358660
newOrder,18439,0,7986,1683358687
newOrder,19066,1,7986,1683358687
newOrder,11604,0,28338,1683358687
newOrder,24957,1,28338,1683358687
cancel,11604,,,1683359260
cancel,18439,,,1683359260
cancel,19066,,,1683359260
cancel,24957,,,1683359260
newOrder,18424,0,7988,1683359288
newOrder,19066,1,7988,1683359288
newOrder,12122,0,7250,1683359288
newOrder,21887,1,7250,1683359288
cancel,12122,,,1683359860
cancel,18424,,,1683359860
cancel,19066,,,1683359860
cancel,21887,,,1683359860
newOrder,18424,0,7989,1683359887
newOrder,19066,1,7989,1683359887
newOrder,11604,0,20549,1683359887
newOrder,24957,1,20549,1683359887
cancel,11604,,,1683360460
cancel,18424,,,1683360460
cancel,19066,,,1683360460
cancel,24957,,,1683360460
newOrder,18428,0,7990,1683360488
newOrder,19066,1,7990,1683360488
newOrder,11604,0,22284,1683360488
newOrder,24957,1,22284,1683360488
cancel,11604,,,1683361059
cancel,18428,,,1683361059
cancel,19066,,,1683361059
cancel,24957,,,1683361059
newOrder,18428,0,7991,1683361088
newOrder,19066,1,7991,1683361088
newOrder,11604,0,28665,1683361088
newOrder,24957,1,28665,1683361088
cancel,11604,,,1683361138
cancel,18428,,,1683361138
cancel,19066,,,1683361138
cancel,24957,,,1683361138
newOrder,18357,0,7993,1683361144
newOrder,19073,1,7993,1683361144
newOrder,11604,0,27684,1683361144
newOrder,24957,1,27684,1683361144
cancel,11604,,,1683361170
cancel,18357,,,1683361170
cancel,19073,,,1683361170
cancel,24957,,,1683361170
newOrder,18280,0,7993,1683361177
newOrder,19080,1,7993,1683361177
newOrder,12122,0,6557,1683361177
newOrder,21887,1,6557,1683361177
cancel,12122,,,1683361660
cancel,18280,,,1683361660
cancel,19080,,,1683361660
cancel,21887,,,1683361660
newOrder,18268,0,7994,1683361687
newOrder,19066,1,7994,1683361687
newOrder,12122,0,6887,1683361687
newOrder,21887,1,6887,1683361687
cancel,12122,,,1683362259
cancel,18268,,,1683362259
cancel,19066,,,1683362259
cancel,21887,,,1683362259
newOrder,18267,0,7995,1683362287
newOrder,19066,1,7995,1683362287
newOrder,11604,0,30279,1683362287
newOrder,24957,1,30279,1683362287
cancel,11604,,,1683362860
cancel,18267,,,1683362860
cancel,19066,,,1683362860
cancel,24957,,,1683362860
newOrder,18262,0,7996,1683362889
newOrder,19066,1,7996,1683362889
newOrder,12012,0,13261,1683362889
newOrder,24957,1,13261,1683362889
cancel,12012,,,1683363460
cancel,18262,,,1683363460
cancel,19066,,,1683363460
cancel,24957,,,1683363460
newOrder,18263,0,7996,1683363487
newOrder,19066,1,7996,1683363487
newOrder,12012,0,8840,1683363487
newOrder,24957,1,8840,1683363487
cancel,12012,,,1683364060
cancel,18263,,,1683364060
cancel,19066,,,1683364060
cancel,24957,,,1683364060
newOrder,18262,0,7997,1683364088
newOrder,19066,1,7997,1683364088
newOrder,11604,0,21211,1683364088
newOrder,24957,1,21211,1683364088
cancel,11604,,,1683364660
cancel,18262,,,1683364660
cancel,19066,,,1683364660
cancel,24957,,,1683364660
newOrder,18263,0,7998,1683364688
newOrder,19066,1,7998,1683364688
newOrder,11604,0,37115,1683364688
newOrder,24999,1,37115,1683364688
cancel,11604,,,1683365260
cancel,18263,,,1683365260
cancel,19066,,,1683365260
cancel,24999,,,1683365260
newOrder,18262,0,7999,1683365290
newOrder,19066,1,7999,1683365290
newOrder,11604,0,27110,1683365290
newOrder,24957,1,27110,1683365290
cancel,11604,,,1683365860
cancel,18262,,,1683365860
cancel,19066,,,1683365860
cancel,24957,,,1683365860
newOrder,18262,0,8000,1683365887
newOrder,19066,1,8000,1683365887
newOrder,11604,0,37257,1683365887
newOrder,24999,1,37257,1683365887
cancel,11604,,,1683366460
cancel,18262,,,1683366460
cancel,19066,,,1683366460
cancel,24999,,,1683366460
newOrder,18261,0,8001,1683366493
newOrder,19066,1,8001,1683366493
newOrder,11604,0,28207,1683366493
newOrder,24957,1,28207,1683366493
cancel,11604,,,1683367060
cancel,18261,,,1683367060
cancel,19066,,,1683367060
cancel,24957,,,1683367060
newOrder,18261,0,8002,1683367087
newOrder,19066,1,8002,1683367087
newOrder,10956,0,42166,1683367087
newOrder,24999,1,42166,1683367087
cancel,10956,,,1683367660
cancel,18261,,,1683367660
cancel,19066,,,1683367660
cancel,24999,,,1683367660
newOrder,18262,0,8003,1683367688
newOrder,19066,1,8003,1683367688
newOrder,11604,0,21468,1683367688
newOrder,24957,1,21468,1683367688
cancel,11604,,,1683368260
cancel,18262,,,1683368260
cancel,19066,,,1683368260
cancel,24957,,,1683368260
newOrder,18263,0,8004,1683368287
newOrder,19066,1,8004,1683368287
newOrder,11604,0,30859,1683368287
newOrder,24957,1,30859,1683368287
cancel,11604,,,1683368860
cancel,18263,,,1683368860
cancel,19066,,,1683368860
cancel,24957,,,1683368860
newOrder,18263,0,8005,1683368888
newOrder,19066,1,8005,1683368888
newOrder,10958,0,41796,1683368888
newOrder,24999,1,41796,1683368888
cancel,10958,,,1683369459
cancel,18263,,,1683369459
cancel,19066,,,1683369459
cancel,24999,,,1683369459
newOrder,18264,0,8006,1683369486
newOrder,19066,1,8006,1683369486
newOrder,11604,0,30097,1683369486
newOrder,24957,1,30097,1683369486
cancel,11604,,,1683370060
cancel,18264,,,1683370060
cancel,19066,,,1683370060
cancel,24957,,,1683370060
newOrder,18264,0,8007,1683370087
newOrder,19066,1,8007,1683370087
newOrder,12001,0,18065,1683370087
newOrder,24957,1,18065,1683370087
cancel,12001,,,1683370660
cancel,18264,,,1683370660
cancel,19066,,,1683370660
cancel,24957,,,1683370660
newOrder,18163,0,8003,1683370688
newOrder,19066,1,8003,1683370688
newOrder,12012,0,10894,1683370688
newOrder,24957,1,10894,1683370688
cancel,12012,,,1683371260
cancel,18163,,,1683371260
cancel,19066,,,1683371260
cancel,24957,,,1683371260
newOrder,18163,0,8004,1683371287
newOrder,19066,1,8004,1683371287
newOrder,11604,0,27323,1683371287
newOrder,24957,1,27323,1683371287
cancel,11604,,,1683371860
cancel,18163,,,1683371860
cancel,19066,,,1683371860
cancel,24957,,,1683371860
newOrder,18163,0,8005,1683371886
newOrder,19066,1,8005,1683371886
newOrder,11604,0,25611,1683371886
newOrder,24957,1,25611,1683371886
cancel,11604,,,1683372460
cancel,18163,,,1683372460
cancel,19066,,,1683372460
cancel,24957,,,1683372460
newOrder,18163,0,8006,1683372486
newOrder,19066,1,8006,1683372486
newOrder,12012,0,12314,1683372486
newOrder,24957,1,12314,1683372486
cancel,12012,,,1683373060
cancel,18163,,,1683373060
cancel,19066,,,1683373060
cancel,24957,,,1683373060
newOrder,18321,0,8012,1683373089
newOrder,19066,1,8012,1683373089
newOrder,12012,0,11610,1683373089
newOrder,24957,1,11610,1683373089
cancel,12012,,,1683373660
cancel,18321,,,1683373660
cancel,19066,,,1683373660
cancel,24957,,,1683373660
newOrder,18321,0,8013,1683373687
newOrder,19066,1,8013,1683373687
newOrder,11604,0,30687,1683373687
newOrder,24999,1,30687,1683373687
cancel,11604,,,1683374260
cancel,18321,,,1683374260
cancel,19066,,,1683374260
cancel,24999,,,1683374260
newOrder,18321,0,8014,1683374288
newOrder,19066,1,8014,1683374288
newOrder,11604,0,23162,1683374288
newOrder,24957,1,23162,1683374288
cancel,11604,,,1683374860
cancel,18321,,,1683374860
cancel,19066,,,1683374860
cancel,24957,,,1683374860
newOrder,18343,0,8015,1683374887
newOrder,19066,1,8015,1683374887
newOrder,11604,0,36861,1683374887
newOrder,24999,1,36861,1683374887