instruction,price,side,qty,time
cancel,10457,,,1685102998
cancel,17429,,,1685102998
cancel,19080,,,1685102998
cancel,24999,,,1685102998
newOrder,17429,0,14747,1685103021
newOrder,19080,1,14747,1685103021
newOrder,12197,0,25891,1685103021
newOrder,24957,1,25891,1685103021
cancel,12197,,,1685103598
cancel,17429,,,1685103598
cancel,19080,,,1685103598
cancel,24957,,,1685103598
newOrder,17429,0,14750,1685103621
newOrder,19080,1,14750,1685103621
newOrder,12201,0,17712,1685103621
newOrder,24957,1,17712,1685103621
cancel,12201,,,1685104198
cancel,17429,,,1685104198
cancel,19080,,,1685104198
cancel,24957,,,1685104198
newOrder,17429,0,14753,1685104221
newOrder,19080,1,14753,1685104221
newOrder,12201,0,17365,1685104221
newOrder,24957,1,17365,1685104221
cancel,12201,,,1685104798
cancel,17429,,,1685104798
cancel,19080,,,1685104798
cancel,24957,,,1685104798
newOrder,17429,0,14756,1685104821
newOrder,19080,1,14756,1685104821
newOrder,15101,0,9849,1685104821
cancel,15101,,,1685105398
cancel,17429,,,1685105398
cancel,19080,,,1685105398
newOrder,17428,0,14756,1685105424
newOrder,19080,1,14756,1685105424
newOrder,12192,0,35414,1685105424
newOrder,24957,1,35414,1685105424
cancel,12192,,,1685105998
cancel,17428,,,1685105998
cancel,19080,,,1685105998
cancel,24957,,,1685105998
newOrder,17429,0,14761,1685106021
newOrder,19080,1,14761,1685106021
newOrder,10457,0,56220,1685106021
newOrder,24999,1,56220,1685106021
cancel,10457,,,1685106598
cancel,17429,,,1685106598
cancel,19080,,,1685106598
cancel,24999,,,1685106598
newOrder,17429,0,14764,1685106623
newOrder,19080,1,14764,1685106623
newOrder,12197,0,31038,1685106623
newOrder,24957,1,31038,1685106623
cancel,12197,,,1685107198
cancel,17429,,,1685107198
cancel,19080,,,1685107198
cancel,24957,,,1685107198
newOrder,17429,0,14770,1685107220
newOrder,19080,1,14770,1685107220
newOrder,12192,0,48654,1685107220
newOrder,24999,1,48654,1685107220
cancel,12192,,,1685107798
cancel,17429,,,1685107798
cancel,19080,,,1685107798
cancel,24999,,,1685107798
newOrder,17429,0,14773,1685107821
newOrder,19080,1,14773,1685107821
newOrder,12201,0,20766,1685107821
newOrder,24957,1,20766,1685107821
cancel,12201,,,1685108397
cancel,17429,,,1685108397
cancel,19080,,,1685108397
cancel,24957,,,1685108397
newOrder,17430,0,14777,1685108422
newOrder,19080,1,14777,1685108422
newOrder,12197,0,33799,1685108422
newOrder,24957,1,33799,1685108422
cancel,12197,,,1685108998
cancel,17430,,,1685108998
cancel,19080,,,1685108998
cancel,24957,,,1685108998
newOrder,17430,0,14780,1685109021
newOrder,19080,1,14780,1685109021
newOrder,12201,0,20290,1685109021
newOrder,24999,1,20290,1685109021
cancel,12201,,,1685109598
cancel,17430,,,1685109598
cancel,19080,,,1685109598
cancel,24999,,,1685109598
newOrder,17430,0,14783,1685109621
newOrder,19080,1,14783,1685109621
newOrder,12201,0,17388,1685109621
newOrder,24957,1,17388,1685109621
cancel,12201,,,1685110197
cancel,17430,,,1685110197
cancel,19080,,,1685110197
cancel,24957,,,1685110197
newOrder,17430,0,14787,1685110222
newOrder,19080,1,14787,1685110222
newOrder,10458,0,55884,1685110222
newOrder,24999,1,55884,1685110222
cancel,10458,,,1685110798
cancel,17430,,,1685110798
cancel,19080,,,1685110798
cancel,24999,,,1685110798
newOrder,17430,0,14788,1685110821
newOrder,19080,1,14788,1685110821
newOrder,12197,0,33076,1685110821
newOrder,24957,1,33076,1685110821
cancel,12197,,,1685111398
cancel,17430,,,1685111398
cancel,19080,,,1685111398
cancel,24957,,,1685111398
newOrder,17433,0,14808,1685111421
newOrder,19080,1,14808,1685111421
newOrder,10460,0,69711,1685111421
newOrder,24999,1,69711,1685111421
cancel,10460,,,1685111997
cancel,17433,,,1685111997
cancel,19080,,,1685111997
cancel,24999,,,1685111997
newOrder,17433,0,14812,1685112021
newOrder,19080,1,14812,1685112021
newOrder,10541,0,53846,1685112021
newOrder,24999,1,53846,1685112021
cancel,10541,,,1685112601
cancel,17433,,,1685112601
cancel,19080,,,1685112601
cancel,24999,,,1685112601
newOrder,17413,0,14710,1685112624
newOrder,19080,1,14710,1685112624
newOrder,12201,0,21731,1685112624
newOrder,24957,1,21731,1685112624
cancel,12201,,,1685113197
cancel,17413,,,1685113197
cancel,19080,,,1685113197
cancel,24957,,,1685113197
newOrder,17413,0,14712,1685113222
newOrder,19080,1,14712,1685113222
newOrder,10541,0,54480,1685113222
newOrder,24999,1,54480,1685113222
cancel,10541,,,1685113797
cancel,17413,,,1685113797
cancel,19080,,,1685113797
cancel,24999,,,1685113797
newOrder,17412,0,14710,1685113822
newOrder,19080,1,14710,1685113822
newOrder,12192,0,38360,1685113822
newOrder,24957,1,38360,1685113822
cancel,12192,,,1685114397
cancel,17412,,,1685114397
cancel,19080,,,1685114397
cancel,24957,,,1685114397
newOrder,17412,0,14712,1685114421
newOrder,19080,1,14712,1685114421
newOrder,12197,0,33088,1685114421
newOrder,24957,1,33088,1685114421
cancel,12197,,,1685114998
cancel,17412,,,1685114998
cancel,19080,,,1685114998
cancel,24957,,,1685114998
newOrder,17412,0,14715,1685115023
newOrder,19080,1,14715,1685115023
newOrder,12162,0,52046,1685115023
newOrder,24999,1,52046,1685115023
cancel,12162,,,1685115598
cancel,17412,,,1685115598
cancel,19080,,,1685115598
cancel,24999,,,1685115598
newOrder,17412,0,14718,1685115619
newOrder,19080,1,14718,1685115619
newOrder,15101,0,12892,1685115619
cancel,15101,,,1685116198
cancel,17412,,,1685116198
cancel,19080,,,1685116198
newOrder,17422,0,14771,1685116220
newOrder,19080,1,14771,1685116220
newOrder,12201,0,21748,1685116220
newOrder,24957,1,21748,1685116220
cancel,12201,,,1685116797
cancel,17422,,,1685116797
cancel,19080,,,1685116797
cancel,24957,,,1685116797
newOrder,17422,0,14774,1685116821
newOrder,19080,1,14774,1685116821
newOrder,10453,0,55137,1685116821
newOrder,24999,1,55137,1685116821
cancel,10453,,,1685117398
cancel,17422,,,1685117398
cancel,19080,,,1685117398
cancel,24999,,,1685117398
newOrder,17422,0,14776,1685117422
newOrder,19080,1,14776,1685117422
newOrder,12162,0,51831,1685117422
newOrder,24999,1,51831,1685117422
cancel,12162,,,1685117998
cancel,17422,,,1685117998
cancel,19080,,,1685117998
cancel,24999,,,1685117998
newOrder,17421,0,14774,1685118023
newOrder,19080,1,14774,1685118023
newOrder,12201,0,20280,1685118023
newOrder,24957,1,20280,1685118023
cancel,12201,,,1685118598
cancel,17421,,,1685118598
cancel,19080,,,1685118598
cancel,24957,,,1685118598
newOrder,17422,0,14782,1685118622
newOrder,19080,1,14782,1685118622
newOrder,10453,0,74764,1685118622
newOrder,24999,1,74764,1685118622
cancel,10453,,,1685119198
cancel,17422,,,1685119198
cancel,19080,,,1685119198
cancel,24999,,,1685119198
newOrder,17420,0,14776,1685119219
newOrder,19080,1,14776,1685119219
newOrder,12192,0,39190,1685119219
newOrder,24957,1,39190,1685119219
cancel,12192,,,1685119797
cancel,17420,,,1685119797
cancel,19080,,,1685119797
cancel,24957,,,1685119797
newOrder,17420,0,14778,1685119821
newOrder,19080,1,14778,1685119821
newOrder,12192,0,39596,1685119821
newOrder,24957,1,39596,1685119821
cancel,12192,,,1685120398
cancel,17420,,,1685120398
cancel,19080,,,1685120398
cancel,24957,,,1685120398
newOrder,17420,0,14781,1685120421
newOrder,19080,1,14781,1685120421
newOrder,10452,0,66659,1685120421
newOrder,24999,1,66659,1685120421
cancel,10452,,,1685120998
cancel,17420,,,1685120998
cancel,19080,,,1685120998
cancel,24999,,,1685120998
newOrder,17421,0,14789,1685121024
newOrder,19080,1,14789,1685121024
newOrder,10453,0,73807,1685121024
newOrder,24999,1,73807,1685121024
cancel,10453,,,1685121598
cancel,17421,,,1685121598
cancel,19080,,,1685121598
cancel,24999,,,1685121598
newOrder,17420,0,14787,1685121621
newOrder,19080,1,14787,1685121621
newOrder,12197,0,31148,1685121621
newOrder,24957,1,31148,1685121621
cancel,12197,,,1685122200
cancel,17420,,,1685122200
cancel,19080,,,1685122200
cancel,24957,,,1685122200
newOrder,17421,0,14795,1685122226
newOrder,19080,1,14795,1685122226
newOrder,10541,0,53884,1685122226
newOrder,24999,1,53884,1685122226
cancel,10541,,,1685122798
cancel,17421,,,1685122798
cancel,19080,,,1685122798
cancel,24999,,,1685122798
newOrder,17420,0,14793,1685122821
newOrder,19080,1,14793,1685122821
newOrder,10452,0,69960,1685122821
newOrder,24999,1,69960,1685122821
cancel,10452,,,1685123398
cancel,17420,,,1685123398
cancel,19080,,,1685123398
cancel,24999,,,1685123398
newOrder,18043,0,17615,1685123425
newOrder,19080,1,17615,1685123425
newOrder,12192,0,38952,1685123425
newOrder,24957,1,38952,1685123425
cancel,12192,,,1685123998
cancel,18043,,,1685123998
cancel,19080,,,1685123998
cancel,24957,,,1685123998
newOrder,18042,0,17620,1685124021
newOrder,19080,1,17620,1685124021
newOrder,10825,0,77799,1685124021
newOrder,24999,1,77799,1685124021
cancel,10825,,,1685124599
cancel,18042,,,1685124599
cancel,19080,,,1685124599
cancel,24999,,,1685124599
newOrder,18248,0,18245,1685124624
newOrder,19080,1,18245,1685124624
newOrder,12192,0,38435,1685124624
newOrder,24957,1,38435,1685124624
cancel,12192,,,1685125198
cancel,18248,,,1685125198
cancel,19080,,,1685125198
cancel,24957,,,1685125198
newOrder,18114,0,17871,1685125221
newOrder,19080,1,17871,1685125221
newOrder,15101,0,17233,1685125221
newOrder,21899,1,17233,1685125221
cancel,15101,,,1685125798
cancel,18114,,,1685125798
cancel,19080,,,1685125798
cancel,21899,,,1685125798
newOrder,18113,0,17875,1685125822
newOrder,19080,1,17875,1685125822
newOrder,12192,0,41359,1685125822
newOrder,24957,1,41359,1685125822
cancel,12192,,,1685126398
cancel,18113,,,1685126398
cancel,19080,,,1685126398
cancel,24957,,,1685126398
newOrder,18113,0,17886,1685126423
newOrder,19080,1,17886,1685126423
newOrder,10868,0,66032,1685126423
newOrder,24999,1,66032,1685126423
cancel,10868,,,1685126999
cancel,18113,,,1685126999
cancel,19080,,,1685126999
cancel,24999,,,1685126999
newOrder,18112,0,17889,1685127021
newOrder,19080,1,17889,1685127021
newOrder,10867,0,82656,1685127021
newOrder,24999,1,82656,1685127021
cancel,10867,,,1685127598
cancel,18112,,,1685127598
cancel,19080,,,1685127598
cancel,24999,,,1685127598
newOrder,18113,0,17901,1685127622
newOrder,19080,1,17901,1685127622
newOrder,12201,0,27895,1685127622
newOrder,24957,1,27895,1685127622
cancel,12201,,,1685128198
cancel,18113,,,1685128198
cancel,19080,,,1685128198
cancel,24957,,,1685128198
newOrder,18113,0,17908,1685128221
newOrder,19080,1,17908,1685128221
newOrder,12201,0,24333,1685128221
newOrder,24957,1,24333,1685128221
cancel,12201,,,1685128798
cancel,18113,,,1685128798
cancel,19080,,,1685128798
cancel,24957,,,1685128798
newOrder,18113,0,17916,1685128821
newOrder,19080,1,17916,1685128821
newOrder,10868,0,75462,1685128821
newOrder,24999,1,75462,1685128821
cancel,10868,,,1685129398
cancel,18113,,,1685129398
cancel,19080,,,1685129398
cancel,24999,,,1685129398
newOrder,18114,0,17928,1685129421
newOrder,19080,1,17928,1685129421
newOrder,10869,0,65943,1685129421
newOrder,24999,1,65943,1685129421
cancel,10869,,,1685129997
cancel,18114,,,1685129997
cancel,19080,,,1685129997
cancel,24999,,,1685129997
newOrder,18243,0,18310,1685130021
newOrder,19080,1,18310,1685130021
newOrder,12192,0,51654,1685130021
newOrder,24999,1,51654,1685130021
cancel,12192,,,1685130597
cancel,18243,,,1685130597
cancel,19080,,,1685130597
cancel,24999,,,1685130597
newOrder,18241,0,18315,1685130623
newOrder,19080,1,18315,1685130623
newOrder,10945,0,63659,1685130623
newOrder,24999,1,63659,1685130623
cancel,10945,,,1685131197
cancel,18241,,,1685131197
cancel,19080,,,1685131197
cancel,24999,,,1685131197
newOrder,18241,0,18324,1685131222
newOrder,19080,1,18324,1685131222
newOrder,10945,0,92595,1685131222
newOrder,24999,1,92595,1685131222
cancel,10945,,,1685131798
cancel,18241,,,1685131798
cancel,19080,,,1685131798
cancel,24999,,,1685131798
newOrder,18149,0,18068,1685131822
newOrder,19080,1,18068,1685131822
newOrder,10889,0,78308,1685131822
newOrder,24999,1,78308,1685131822
cancel,10889,,,1685132399
cancel,18149,,,1685132399
cancel,19080,,,1685132399
cancel,24999,,,1685132399
newOrder,18140,0,18049,1685132421
newOrder,19080,1,18049,1685132421
newOrder,12201,0,26425,1685132421
newOrder,24957,1,26425,1685132421
cancel,12201,,,1685132998
cancel,18140,,,1685132998
cancel,19080,,,1685132998
cancel,24957,,,1685132998
newOrder,18139,0,18055,1685133023
newOrder,19080,1,18055,1685133023
newOrder,10883,0,82315,1685133023
newOrder,24999,1,82315,1685133023
cancel,10883,,,1685133598
cancel,18139,,,1685133598
cancel,19080,,,1685133598
cancel,24999,,,1685133598
newOrder,18139,0,18063,1685133623
newOrder,19080,1,18063,1685133623
newOrder,10883,0,90882,1685133623
newOrder,24999,1,90882,1685133623
cancel,10883,,,1685134198
cancel,18139,,,1685134198
cancel,19080,,,1685134198
cancel,24999,,,1685134198
newOrder,18142,0,18080,1685134222
newOrder,19080,1,18080,1685134222
newOrder,10885,0,67692,1685134222
newOrder,24999,1,67692,1685134222
newOrder,18176,0,18194,1685134968
newOrder,19080,1,18194,1685134968
newOrder,18143,0,8097,1685134968
newOrder,19079,1,18985,1685134968
cancel,10885,,,1685135398
cancel,18142,,,1685135398
cancel,18143,,,1685135398
cancel,18176,,,1685135398
cancel,19079,,,1685135398
cancel,19080,,,1685135398
cancel,19080,,,1685135398
cancel,24999,,,1685135398
newOrder,18141,0,18094,1685135424
newOrder,19080,1,18094,1685135424
newOrder,12162,0,55031,1685135424
newOrder,24999,1,55031,1685135424
cancel,12162,,,1685135998
cancel,18141,,,1685135998
cancel,19080,,,1685135998
cancel,24999,,,1685135998
newOrder,18141,0,18102,1685136022
newOrder,19080,1,18102,1685136022
newOrder,15101,0,14872,1685136022
newOrder,21899,1,14872,1685136022
cancel,15101,,,1685136598
cancel,18141,,,1685136598
cancel,19080,,,1685136598
cancel,21899,,,1685136598
newOrder,18141,0,18111,1685136622
newOrder,19080,1,18111,1685136622
newOrder,10885,0,73573,1685136622
newOrder,24999,1,73573,1685136622
cancel,10885,,,1685137198
cancel,18141,,,1685137198
cancel,19080,,,1685137198
cancel,24999,,,1685137198
newOrder,18142,0,18121,1685137221
newOrder,19080,1,18121,1685137221
newOrder,10885,0,83344,1685137221
newOrder,24999,1,83344,1685137221
cancel,10885,,,1685137798
cancel,18142,,,1685137798
cancel,19080,,,1685137798
cancel,24999,,,1685137798
newOrder,18129,0,18088,1685137821
newOrder,19080,1,18088,1685137821
newOrder,12201,0,28331,1685137821
newOrder,24957,1,28331,1685137821
cancel,12201,,,1685138399
cancel,18129,,,1685138399
cancel,19080,,,1685138399
cancel,24957,,,1685138399
newOrder,18129,0,18096,1685138423
newOrder,19080,1,18096,1685138423
newOrder,10877,0,72264,1685138423
newOrder,24999,1,72264,1685138423
cancel,10877,,,1685138998
cancel,18129,,,1685138998
cancel,19080,,,1685138998
cancel,24999,,,1685138998
newOrder,18129,0,18105,1685139023
newOrder,19080,1,18105,1685139023
newOrder,10877,0,74152,1685139023
newOrder,24999,1,74152,1685139023
cancel,10877,,,1685139598
cancel,18129,,,1685139598
cancel,19080,,,1685139598
cancel,24999,,,1685139598
newOrder,18129,0,18113,1685139621
newOrder,19080,1,18113,1685139621
newOrder,15101,0,16967,1685139621
newOrder,21899,1,16967,1685139621
cancel,15101,,,1685140198
cancel,18129,,,1685140198
cancel,19080,,,1685140198
cancel,21899,,,1685140198
newOrder,18129,0,18121,1685140222
newOrder,19080,1,18121,1685140222
newOrder,12192,0,47277,1685140222
newOrder,24999,1,47277,1685140222
cancel,12192,,,1685140798
cancel,18129,,,1685140798
cancel,19080,,,1685140798
cancel,24999,,,1685140798
newOrder,18129,0,18131,1685140822
newOrder,19080,1,18131,1685140822
newOrder,12201,0,28450,1685140822
newOrder,24957,1,28450,1685140822
cancel,12201,,,1685141398
cancel,18129,,,1685141398
cancel,19080,,,1685141398
cancel,24957,,,1685141398
newOrder,18131,0,18143,1685141421
newOrder,19080,1,18143,1685141421
newOrder,15101,0,14728,1685141421
newOrder,21899,1,14728,1685141421
cancel,15101,,,1685141998
cancel,18131,,,1685141998
cancel,19080,,,1685141998
cancel,21899,,,1685141998
newOrder,18081,0,17983,1685142023
newOrder,19080,1,17983,1685142023
newOrder,10848,0,61038,1685142023
newOrder,24999,1,61038,1685142023
cancel,10848,,,1685142598
cancel,18081,,,1685142598
cancel,19080,,,1685142598
cancel,24999,,,1685142598
newOrder,18080,0,17988,1685142622
newOrder,19080,1,17988,1685142622
newOrder,10848,0,68093,1685142622
newOrder,24999,1,68093,1685142622
cancel,10848,,,1685143198
cancel,18080,,,1685143198
cancel,19080,,,1685143198
cancel,24999,,,1685143198
newOrder,18082,0,18003,1685143221
newOrder,19080,1,18003,1685143221
newOrder,15101,0,13766,1685143221
newOrder,21899,1,13766,1685143221
cancel,15101,,,1685143799
cancel,18082,,,1685143799
cancel,19080,,,1685143799
cancel,21899,,,1685143799
newOrder,18080,0,18007,1685143823
newOrder,19080,1,18007,1685143823
newOrder,10848,0,68026,1685143823
newOrder,24999,1,68026,1685143823
cancel,10848,,,1685144398
cancel,18080,,,1685144398
cancel,19080,,,1685144398
cancel,24999,,,1685144398
newOrder,18081,0,18015,1685144422
newOrder,19080,1,18015,1685144422
newOrder,12192,0,44077,1685144422
newOrder,24999,1,44077,1685144422
cancel,12192,,,1685144997
cancel,18081,,,1685144997
cancel,19080,,,1685144997
cancel,24999,,,1685144997
newOrder,18082,0,18027,1685145022
newOrder,19080,1,18027,1685145022
newOrder,10849,0,76103,1685145022
newOrder,24999,1,76103,1685145022
cancel,10849,,,1685145597
cancel,18082,,,1685145597
cancel,19080,,,1685145597
cancel,24999,,,1685145597
newOrder,18082,0,18035,1685145622
newOrder,19080,1,18035,1685145622
newOrder,12193,0,37842,1685145622
newOrder,24957,1,37842,1685145622
cancel,12193,,,1685146198
cancel,18082,,,1685146198
cancel,19080,,,1685146198
cancel,24957,,,1685146198
newOrder,18081,0,18040,1685146224
newOrder,19080,1,18040,1685146224
newOrder,10849,0,68353,1685146224
newOrder,24999,1,68353,1685146224
cancel,10849,,,1685146798
cancel,18081,,,1685146798
cancel,19080,,,1685146798
cancel,24999,,,1685146798
newOrder,18082,0,18051,1685146822
newOrder,19080,1,18051,1685146822
newOrder,10849,0,71404,1685146822
newOrder,24999,1,71404,1685146822
cancel,10849,,,1685147398
cancel,18082,,,1685147398
cancel,19080,,,1685147398
cancel,24999,,,1685147398
newOrder,18081,0,18055,1685147421
newOrder,19080,1,18055,1685147421
newOrder,10848,0,60917,1685147421
newOrder,24999,1,60917,1685147421
cancel,10848,,,1685147998
cancel,18081,,,1685147998
cancel,19080,,,1685147998
cancel,24999,,,1685147998
newOrder,18081,0,18064,1685148021
newOrder,19080,1,18064,1685148021
newOrder,10848,0,67916,1685148021
newOrder,24999,1,67916,1685148021
cancel,10848,,,1685148598
cancel,18081,,,1685148598
cancel,19080,,,1685148598
cancel,24999,,,1685148598
newOrder,18081,0,18074,1685148622
newOrder,19080,1,18074,1685148622
newOrder,10849,0,82742,1685148622
newOrder,24999,1,82742,1685148622
cancel,10849,,,1685149198
cancel,18081,,,1685149198
cancel,19080,,,1685149198
cancel,24999,,,1685149198
newOrder,18081,0,18081,1685149222
newOrder,19080,1,18081,1685149222
newOrder,10849,0,58155,1685149222
newOrder,24999,1,58155,1685149222
cancel,10849,,,1685149798
cancel,18081,,,1685149798
cancel,19080,,,1685149798
cancel,24999,,,1685149798
newOrder,18080,0,18086,1685149823
newOrder,19080,1,18086,1685149823
newOrder,12201,0,20514,1685149823
newOrder,24957,1,20514,1685149823
cancel,12201,,,1685150397
cancel,18080,,,1685150397
cancel,19080,,,1685150397
cancel,24957,,,1685150397
newOrder,18080,0,18094,1685150421
newOrder,19080,1,18094,1685150421
newOrder,10848,0,89833,1685150421
newOrder,24999,1,89833,1685150421
cancel,10848,,,1685150998
cancel,18080,,,1685150998
cancel,19080,,,1685150998
cancel,24999,,,1685150998
newOrder,18080,0,18102,1685151021
newOrder,19080,1,18102,1685151021
newOrder,12192,0,42561,1685151021
newOrder,24957,1,42561,1685151021
cancel,12192,,,1685151597
cancel,18080,,,1685151597
cancel,19080,,,1685151597
cancel,24957,,,1685151597
newOrder,18081,0,18114,1685151621
newOrder,19080,1,18114,1685151621
newOrder,15101,0,13595,1685151621
newOrder,21899,1,13595,1685151621
cancel,15101,,,1685152198
cancel,18081,,,1685152198
cancel,19080,,,1685152198
cancel,21899,,,1685152198
newOrder,18080,0,18119,1685152221
newOrder,19080,1,18119,1685152221
newOrder,10848,0,67118,1685152221
newOrder,24999,1,67118,1685152221
cancel,10848,,,1685152798
cancel,18080,,,1685152798
cancel,19080,,,1685152798
cancel,24999,,,1685152798
newOrder,18081,0,18131,1685152822
newOrder,19080,1,18131,1685152822
newOrder,12013,0,41414,1685152822
newOrder,24957,1,41414,1685152822
cancel,12013,,,1685153397
cancel,18081,,,1685153397
cancel,19080,,,1685153397
cancel,24957,,,1685153397
newOrder,18080,0,18136,1685153424
newOrder,19080,1,18136,1685153424
newOrder,12201,0,42982,1685153424
newOrder,24957,1,42982,1685153424
cancel,12201,,,1685153998
cancel,18080,,,1685153998
cancel,19080,,,1685153998
cancel,24957,,,1685153998
newOrder,18080,0,18144,1685154022
newOrder,19080,1,18144,1685154022
newOrder,10848,0,88570,1685154022
newOrder,24999,1,88570,1685154022
cancel,10848,,,1685154598
cancel,18080,,,1685154598
cancel,19080,,,1685154598
cancel,24999,,,1685154598
newOrder,18080,0,18152,1685154622
newOrder,19080,1,18152,1685154622
newOrder,10848,0,94335,1685154622
newOrder,24999,1,94335,1685154622
cancel,10848,,,1685155198
cancel,18080,,,1685155198
cancel,19080,,,1685155198
cancel,24999,,,1685155198
newOrder,18082,0,18165,1685155222
newOrder,19080,1,18165,1685155222
newOrder,10849,0,91930,1685155222
newOrder,24999,1,91930,1685155222
cancel,10849,,,1685155800
cancel,18082,,,1685155800
cancel,19080,,,1685155800
cancel,24999,,,1685155800
newOrder,18082,0,18173,1685155823
newOrder,19080,1,18173,1685155823
newOrder,10849,0,73613,1685155823
newOrder,24999,1,73613,1685155823
cancel,10849,,,1685156397
cancel,18082,,,1685156397
cancel,19080,,,1685156397
cancel,24999,,,1685156397
newOrder,18081,0,18178,1685156421
newOrder,19080,1,18178,1685156421
newOrder,12301,0,19299,1685156421
newOrder,24957,1,19299,1685156421
cancel,12301,,,1685156997
cancel,18081,,,1685156997
cancel,19080,,,1685156997
cancel,24957,,,1685156997
newOrder,18082,0,18189,1685157023
newOrder,19080,1,18189,1685157023
newOrder,10849,0,82568,1685157023
newOrder,24999,1,82568,1685157023
cancel,10849,,,1685157598
cancel,18082,,,1685157598
cancel,19080,,,1685157598
cancel,24999,,,1685157598
newOrder,18082,0,18198,1685157622
newOrder,19080,1,18198,1685157622
newOrder,12122,0,37533,1685157622
newOrder,24957,1,37533,1685157622
cancel,12122,,,1685158198
cancel,18082,,,1685158198
cancel,19080,,,1685158198
cancel,24957,,,1685158198
newOrder,18081,0,18206,1685158223
newOrder,19080,1,18206,1685158223
newOrder,12202,0,22175,1685158223
newOrder,24957,1,22175,1685158223
cancel,12202,,,1685158798
cancel,18081,,,1685158798
cancel,19080,,,1685158798
cancel,24957,,,1685158798
newOrder,18080,0,18210,1685158823
newOrder,19080,1,18210,1685158823
newOrder,10848,0,67649,1685158823
newOrder,24999,1,67649,1685158823
cancel,10848,,,1685159398
cancel,18080,,,1685159398
cancel,19080,,,1685159398
cancel,24999,,,1685159398
newOrder,18081,0,18219,1685159422
newOrder,19080,1,18219,1685159422
newOrder,10848,0,62336,1685159422
newOrder,24999,1,62336,1685159422
cancel,10848,,,1685159999
cancel,18081,,,1685159999
cancel,19080,,,1685159999
cancel,24999,,,1685159999
newOrder,18082,0,18231,1685160023
newOrder,19080,1,18231,1685160023
newOrder,10849,0,40311,1685160023
newOrder,24957,1,40311,1685160023
cancel,10849,,,1685160597
cancel,18082,,,1685160597
cancel,19080,,,1685160597
cancel,24957,,,1685160597
newOrder,18081,0,18236,1685160621
newOrder,19080,1,18236,1685160621
newOrder,10848,0,45589,1685160621
newOrder,24999,1,45589,1685160621
cancel,10848,,,1685161197
cancel,18081,,,1685161197
cancel,19080,,,1685161197
cancel,24999,,,1685161197
newOrder,18081,0,18245,1685161222
newOrder,19080,1,18245,1685161222
newOrder,10848,0,61420,1685161222
newOrder,24999,1,61420,1685161222
cancel,10848,,,1685161797
cancel,18081,,,1685161797
cancel,19080,,,1685161797
cancel,24999,,,1685161797
newOrder,18082,0,18256,1685161821
newOrder,19080,1,18256,1685161821
newOrder,12193,0,34760,1685161821
newOrder,24957,1,34760,1685161821
cancel,12193,,,1685162398
cancel,18082,,,1685162398
cancel,19080,,,1685162398
cancel,24957,,,1685162398
newOrder,18081,0,18261,1685162422
newOrder,19080,1,18261,1685162422
newOrder,12301,0,18974,1685162422
newOrder,24957,1,18974,1685162422
cancel,12301,,,1685162998
cancel,18081,,,1685162998
cancel,19080,,,1685162998
cancel,24957,,,1685162998
newOrder,18081,0,18270,1685163021
newOrder,19080,1,18270,1685163021
newOrder,12202,0,32657,1685163021
newOrder,24957,1,32657,1685163021
cancel,12202,,,1685163597
cancel,18081,,,1685163597
cancel,19080,,,1685163597
cancel,24957,,,1685163597
newOrder,18082,0,18282,1685163622
newOrder,19080,1,18282,1685163622
newOrder,15101,0,17978,1685163622
newOrder,21899,1,17978,1685163622
cancel,15101,,,1685164197
cancel,18082,,,1685164197
cancel,19080,,,1685164197
cancel,21899,,,1685164197
newOrder,18082,0,18291,1685164224
newOrder,19080,1,18291,1685164224
newOrder,10849,0,53853,1685164224
newOrder,24999,1,53853,1685164224
cancel,10849,,,1685164797
cancel,18082,,,1685164797
cancel,19080,,,1685164797
cancel,24999,,,1685164797
newOrder,18082,0,18299,1685164821
newOrder,19080,1,18299,1685164821
newOrder,10849,0,89428,1685164821
newOrder,24999,1,89428,1685164821
cancel,10849,,,1685165397
cancel,18082,,,1685165397
cancel,19080,,,1685165397
cancel,24999,,,1685165397
newOrder,18081,0,18304,1685165422
newOrder,19080,1,18304,1685165422
newOrder,12202,0,28687,1685165422
newOrder,24957,1,28687,1685165422
cancel,12202,,,1685165998
cancel,18081,,,1685165998
cancel,19080,,,1685165998
cancel,24957,,,1685165998
newOrder,18081,0,18313,1685166021
newOrder,19080,1,18313,1685166021
newOrder,12202,0,23999,1685166021
newOrder,24957,1,23999,1685166021
cancel,12202,,,1685166597
cancel,18081,,,1685166597
cancel,19080,,,1685166597
cancel,24957,,,1685166597
newOrder,18081,0,18321,1685166621
newOrder,19080,1,18321,1685166621
newOrder,10849,0,60967,1685166621
newOrder,24999,1,60967,1685166621
cancel,10849,,,1685167198
cancel,18081,,,1685167198
cancel,19080,,,1685167198
cancel,24999,,,1685167198
newOrder,18082,0,18333,1685167222
newOrder,19080,1,18333,1685167222
newOrder,15101,0,17587,1685167222
newOrder,21899,1,17587,1685167222
cancel,15101,,,1685167797
cancel,18082,,,1685167797
cancel,19080,,,1685167797
cancel,21899,,,1685167797
newOrder,18082,0,18342,1685167821
newOrder,19080,1,18342,1685167821
newOrder,10849,0,85726,1685167821
newOrder,24999,1,85726,1685167821
cancel,10849,,,1685168397
cancel,18082,,,1685168397
cancel,19080,,,1685168397
cancel,24999,,,1685168397
newOrder,18082,0,18351,1685168420
newOrder,19080,1,18351,1685168420
newOrder,10849,0,97934,1685168420
newOrder,24999,1,97934,1685168420
cancel,10849,,,1685168998
cancel,18082,,,1685168998
cancel,19080,,,1685168998
cancel,24999,,,1685168998
newOrder,18082,0,18358,1685169021
newOrder,19080,1,18358,1685169021
newOrder,10849,0,56445,1685169021
newOrder,24999,1,56445,1685169021
cancel,10849,,,1685169598
cancel,18082,,,1685169598
cancel,19080,,,1685169598
cancel,24999,,,1685169598
newOrder,18081,0,18364,1685169621
newOrder,19080,1,18364,1685169621
newOrder,10849,0,67212,1685169621
newOrder,24999,1,67212,1685169621
cancel,10849,,,1685170198
cancel,18081,,,1685170198
cancel,19080,,,1685170198
cancel,24999,,,1685170198
newOrder,18081,0,18371,1685170222
newOrder,19080,1,18371,1685170222
newOrder,10848,0,59822,1685170222
newOrder,24999,1,59822,1685170222
cancel,10848,,,1685170797
cancel,18081,,,1685170797
cancel,19080,,,1685170797
cancel,24999,,,1685170797
newOrder,18094,0,18429,1685170822
newOrder,19080,1,18429,1685170822
newOrder,10856,0,70190,1685170822
newOrder,24999,1,70190,1685170822
cancel,10856,,,1685171398
cancel,18094,,,1685171398
cancel,19080,,,1685171398
cancel,24999,,,1685171398
newOrder,18094,0,18438,1685171423
newOrder,19080,1,18438,1685171423
newOrder,10856,0,52337,1685171423
newOrder,24999,1,52337,1685171423
cancel,10856,,,1685171998
cancel,18094,,,1685171998
cancel,19080,,,1685171998
cancel,24999,,,1685171998
newOrder,18096,0,18456,1685172022
newOrder,19080,1,18456,1685172022
newOrder,10858,0,62378,1685172022
newOrder,24999,1,62378,1685172022
cancel,10858,,,1685172597
cancel,18096,,,1685172597
cancel,19080,,,1685172597
cancel,24999,,,1685172597
newOrder,18096,0,18465,1685172622
newOrder,19080,1,18465,1685172622
newOrder,10858,0,91886,1685172622
newOrder,24999,1,91886,1685172622
cancel,10858,,,1685173198
cancel,18096,,,1685173198
cancel,19080,,,1685173198
cancel,24999,,,1685173198
newOrder,18097,0,18474,1685173221
newOrder,19080,1,18474,1685173221
newOrder,10858,0,66207,1685173221
newOrder,24999,1,66207,1685173221
cancel,10858,,,1685173797
cancel,18097,,,1685173797
cancel,19080,,,1685173797
cancel,24999,,,1685173797
newOrder,18096,0,18479,1685173821
newOrder,19080,1,18479,1685173821
newOrder,12202,0,33450,1685173821
newOrder,24957,1,33450,1685173821
cancel,12202,,,1685174397
cancel,18096,,,1685174397
cancel,19080,,,1685174397
cancel,24957,,,1685174397
newOrder,18096,0,18488,1685174421
newOrder,19080,1,18488,1685174421
newOrder,10857,0,52780,1685174421
newOrder,24999,1,52780,1685174421
cancel,10857,,,1685174998
cancel,18096,,,1685174998
cancel,19080,,,1685174998
cancel,24999,,,1685174998
newOrder,18097,0,18501,1685175019
newOrder,19080,1,18501,1685175019
cancel,18097,,,1685175598
cancel,19080,,,1685175598
newOrder,18097,0,18509,1685175622
newOrder,19080,1,18509,1685175622
newOrder,15101,0,19129,1685175622
newOrder,24957,1,19129,1685175622
cancel,15101,,,1685176198
cancel,18097,,,1685176198
cancel,19080,,,1685176198
cancel,24957,,,1685176198
newOrder,18096,0,18514,1685176221
newOrder,19080,1,18514,1685176221
newOrder,10857,0,50797,1685176221
newOrder,24999,1,50797,1685176221
cancel,10857,,,1685176798
cancel,18096,,,1685176798
cancel,19080,,,1685176798
cancel,24999,,,1685176798
newOrder,18096,0,18523,1685176821
newOrder,19080,1,18523,1685176821
newOrder,12301,0,19801,1685176821
newOrder,24957,1,19801,1685176821
cancel,12301,,,1685177397
cancel,18096,,,1685177397
cancel,19080,,,1685177397
cancel,24957,,,1685177397
newOrder,18096,0,18531,1685177422
newOrder,19080,1,18531,1685177422
newOrder,10857,0,72002,1685177422
newOrder,24999,1,72002,1685177422
cancel,10857,,,1685177998
cancel,18096,,,1685177998
cancel,19080,,,1685177998
cancel,24999,,,1685177998
newOrder,18097,0,18544,1685178021
newOrder,19080,1,18544,1685178021
newOrder,10858,0,96503,1685178021
newOrder,24999,1,96503,1685178021
cancel,10858,,,1685178597
cancel,18097,,,1685178597
cancel,19080,,,1685178597
cancel,24999,,,1685178597
newOrder,18096,0,18549,1685178621
newOrder,19080,1,18549,1685178621
cancel,18096,,,1685179197
cancel,19080,,,1685179197
newOrder,18096,0,18558,1685179221
newOrder,19080,1,18558,1685179221
newOrder,12202,0,26169,1685179221
newOrder,24957,1,26169,1685179221
cancel,12202,,,1685179797
cancel,18096,,,1685179797
cancel,19080,,,1685179797
cancel,24957,,,1685179797
newOrder,18097,0,18573,1685179820
newOrder,19080,1,18573,1685179820
newOrder,10858,0,51185,1685179820
newOrder,24999,1,51185,1685179820
cancel,10858,,,1685180398
cancel,18097,,,1685180398
cancel,19080,,,1685180398
cancel,24999,,,1685180398
newOrder,18096,0,18578,1685180422
newOrder,19080,1,18578,1685180422
newOrder,10858,0,49484,1685180422
newOrder,24999,1,49484,1685180422
cancel,10858,,,1685180998
cancel,18096,,,1685180998
cancel,19080,,,1685180998
cancel,24999,,,1685180998
newOrder,18097,0,18590,1685181021
newOrder,19080,1,18590,1685181021
newOrder,10858,0,66388,1685181021
newOrder,24999,1,66388,1685181021
cancel,10858,,,1685181598
cancel,18097,,,1685181598
cancel,19080,,,1685181598
cancel,24999,,,1685181598
newOrder,18096,0,18596,1685181622
newOrder,19080,1,18596,1685181622
newOrder,10858,0,77280,1685181622
newOrder,24999,1,77280,1685181622
cancel,10858,,,1685182198
cancel,18096,,,1685182198
cancel,19080,,,1685182198
cancel,24999,,,1685182198
newOrder,18096,0,18605,1685182221
newOrder,19080,1,18605,1685182221
newOrder,12202,0,33105,1685182221
newOrder,24957,1,33105,1685182221
cancel,12202,,,1685182798
cancel,18096,,,1685182798
cancel,19080,,,1685182798
cancel,24957,,,1685182798
newOrder,18096,0,18614,1685182821
newOrder,19080,1,18614,1685182821
newOrder,10858,0,64191,1685182821
newOrder,24999,1,64191,1685182821
cancel,10858,,,1685183398
cancel,18096,,,1685183398
cancel,19080,,,1685183398
cancel,24999,,,1685183398
newOrder,18097,0,18625,1685183424
newOrder,19080,1,18625,1685183424
newOrder,12202,0,31539,1685183424
newOrder,24957,1,31539,1685183424
cancel,12202,,,1685183997
cancel,18097,,,1685183997
cancel,19080,,,1685183997
cancel,24957,,,1685183997
newOrder,18097,0,18634,1685184020
newOrder,19080,1,18634,1685184020
newOrder,12202,0,26516,1685184020
newOrder,24957,1,26516,1685184020
cancel,12202,,,1685184598
cancel,18097,,,1685184598
cancel,19080,,,1685184598
cancel,24957,,,1685184598
newOrder,18097,0,18643,1685184622
newOrder,19080,1,18643,1685184622
newOrder,10858,0,88067,1685184622
newOrder,24999,1,88067,1685184622
cancel,10858,,,1685185198
cancel,18097,,,1685185198
cancel,19080,,,1685185198
cancel,24999,,,1685185198
newOrder,18096,0,18648,1685185223
newOrder,19080,1,18648,1685185223
newOrder,10858,0,60192,1685185223
newOrder,24999,1,60192,1685185223
cancel,10858,,,1685185798
cancel,18096,,,1685185798
cancel,19080,,,1685185798
cancel,24999,,,1685185798
newOrder,18097,0,18660,1685185821
newOrder,19080,1,18660,1685185821
newOrder,10858,0,46650,1685185821
newOrder,24999,1,46650,1685185821
cancel,10858,,,1685186397
cancel,18097,,,1685186397
cancel,19080,,,1685186397
cancel,24999,,,1685186397
newOrder,18096,0,18665,1685186421
newOrder,19080,1,18665,1685186421
newOrder,12162,0,37403,1685186421
newOrder,24957,1,37403,1685186421
cancel,12162,,,1685186997
cancel,18096,,,1685186997
cancel,19080,,,1685186997
cancel,24957,,,1685186997
newOrder,18097,0,18678,1685187021
newOrder,19080,1,18678,1685187021
newOrder,10858,0,86988,1685187021
newOrder,24999,1,86988,1685187021
cancel,10858,,,1685187598
cancel,18097,,,1685187598
cancel,19080,,,1685187598
cancel,24999,,,1685187598
newOrder,18096,0,18683,1685187622
newOrder,19080,1,18683,1685187622
newOrder,10858,0,61158,1685187622
newOrder,24999,1,61158,1685187622
cancel,10858,,,1685188198
cancel,18096,,,1685188198
cancel,19080,,,1685188198
cancel,24999,,,1685188198
newOrder,18097,0,18696,1685188222
newOrder,19080,1,18696,1685188222
newOrder,10858,0,62876,1685188222
newOrder,24999,1,62876,1685188222
cancel,10858,,,1685188798
cancel,18097,,,1685188798
cancel,19080,,,1685188798
cancel,24999,,,1685188798
newOrder,18097,0,18705,1685188823
newOrder,19080,1,18705,1685188823
newOrder,10858,0,77979,1685188823
newOrder,24999,1,77979,1685188823