instruction,price,side,qty,time
cancel,10348,,,1687781815
cancel,17247,,,1687781815
cancel,18075,,,1687781815
cancel,24999,,,1687781815
newOrder,17248,0,19668,1687781837
newOrder,18075,1,19668,1687781837
newOrder,10349,0,45181,1687781837
newOrder,24957,1,45181,1687781837
cancel,10349,,,1687782416
cancel,17248,,,1687782416
cancel,18075,,,1687782416
cancel,24957,,,1687782416
newOrder,17248,0,19676,1687782440
newOrder,18075,1,19676,1687782440
newOrder,12204,0,27405,1687782440
newOrder,24957,1,27405,1687782440
cancel,12204,,,1687783015
cancel,17248,,,1687783015
cancel,18075,,,1687783015
cancel,24957,,,1687783015
newOrder,17249,0,19685,1687783038
newOrder,18075,1,19685,1687783038
newOrder,10349,0,42847,1687783038
newOrder,24957,1,42847,1687783038
cancel,10349,,,1687783615
cancel,17249,,,1687783615
cancel,18075,,,1687783615
cancel,24957,,,1687783615
newOrder,17245,0,19685,1687783639
newOrder,18075,1,19685,1687783639
newOrder,10347,0,97798,1687783639
newOrder,24999,1,97798,1687783639
cancel,10347,,,1687784216
cancel,17245,,,1687784216
cancel,18075,,,1687784216
cancel,24999,,,1687784216
newOrder,17247,0,19698,1687784240
newOrder,18075,1,19698,1687784240
newOrder,10348,0,75132,1687784240
newOrder,24999,1,75132,1687784240
cancel,10348,,,1687784815
cancel,17247,,,1687784815
cancel,18075,,,1687784815
cancel,24999,,,1687784815
newOrder,17250,0,19712,1687784837
newOrder,18075,1,19712,1687784837
newOrder,10526,0,36951,1687784837
newOrder,24957,1,36951,1687784837
cancel,10526,,,1687785417
cancel,17250,,,1687785417
cancel,18075,,,1687785417
cancel,24957,,,1687785417
newOrder,17254,0,19729,1687785439
newOrder,18075,1,19729,1687785439
newOrder,10353,0,99067,1687785439
newOrder,24999,1,99067,1687785439
cancel,10353,,,1687786016
cancel,17254,,,1687786016
cancel,18075,,,1687786016
cancel,24999,,,1687786016
newOrder,17252,0,19731,1687786040
newOrder,18075,1,19731,1687786040
newOrder,10351,0,42452,1687786040
newOrder,24957,1,42452,1687786040
cancel,10351,,,1687786616
cancel,17252,,,1687786616
cancel,18075,,,1687786616
cancel,24957,,,1687786616
newOrder,17254,0,19743,1687786638
newOrder,18075,1,19743,1687786638
newOrder,10352,0,64869,1687786638
newOrder,24999,1,64869,1687786638
cancel,10352,,,1687787215
cancel,17254,,,1687787215
cancel,18075,,,1687787215
cancel,24999,,,1687787215
newOrder,17155,0,19493,1687787237
newOrder,18075,1,19493,1687787237
newOrder,10293,0,94751,1687787237
newOrder,24999,1,94751,1687787237
cancel,10293,,,1687787816
cancel,17155,,,1687787816
cancel,18075,,,1687787816
cancel,24999,,,1687787816
newOrder,17153,0,19494,1687787838
newOrder,18075,1,19494,1687787838
newOrder,10292,0,84822,1687787838
newOrder,24999,1,84822,1687787838
cancel,10292,,,1687788298
cancel,17153,,,1687788298
cancel,18075,,,1687788298
cancel,24999,,,1687788298
newOrder,17152,0,19500,1687788347
newOrder,18075,1,19500,1687788347
newOrder,12204,0,20572,1687788347
newOrder,19999,1,20572,1687788347
cancel,12204,,,1687788958
cancel,17152,,,1687788958
cancel,18075,,,1687788958
cancel,19999,,,1687788958
newOrder,17152,0,19507,1687788981
newOrder,18075,1,19507,1687788981
newOrder,10526,0,35453,1687788981
newOrder,24957,1,35453,1687788981
cancel,10526,,,1687789560
cancel,17152,,,1687789560
cancel,18075,,,1687789560
cancel,24957,,,1687789560
newOrder,17152,0,19515,1687789584
newOrder,18075,1,19515,1687789584
newOrder,10291,0,54617,1687789584
newOrder,24999,1,54617,1687789584
cancel,10291,,,1687790159
cancel,17152,,,1687790159
cancel,18075,,,1687790159
cancel,24999,,,1687790159
newOrder,17152,0,19522,1687790181
newOrder,18075,1,19522,1687790181
newOrder,12204,0,27158,1687790181
newOrder,24957,1,27158,1687790181
cancel,12204,,,1687790759
cancel,17152,,,1687790759
cancel,18075,,,1687790759
cancel,24957,,,1687790759
newOrder,17152,0,19529,1687790781
newOrder,18075,1,19529,1687790781
newOrder,10291,0,101744,1687790781
newOrder,24999,1,101744,1687790781
cancel,10291,,,1687791359
cancel,17152,,,1687791359
cancel,18075,,,1687791359
cancel,24999,,,1687791359
newOrder,17152,0,19536,1687791380
newOrder,18075,1,19536,1687791380
newOrder,10291,0,71623,1687791380
newOrder,24999,1,71623,1687791380
cancel,10291,,,1687791958
cancel,17152,,,1687791958
cancel,18075,,,1687791958
cancel,24999,,,1687791958
newOrder,17152,0,19543,1687791980
newOrder,18075,1,19543,1687791980
newOrder,10526,0,41801,1687791980
newOrder,24957,1,41801,1687791980
cancel,10526,,,1687792559
cancel,17152,,,1687792559
cancel,18075,,,1687792559
cancel,24957,,,1687792559
newOrder,17152,0,19550,1687792581
newOrder,18075,1,19550,1687792581
newOrder,10291,0,58063,1687792581
newOrder,24999,1,58063,1687792581
cancel,10291,,,1687793158
cancel,17152,,,1687793158
cancel,18075,,,1687793158
cancel,24999,,,1687793158
newOrder,17152,0,19557,1687793180
newOrder,18075,1,19557,1687793180
newOrder,10291,0,86904,1687793180
newOrder,24999,1,86904,1687793180
cancel,10291,,,1687793758
cancel,17152,,,1687793758
cancel,18075,,,1687793758
cancel,24999,,,1687793758
newOrder,17152,0,19564,1687793781
newOrder,18075,1,19564,1687793781
newOrder,10291,0,84367,1687793781
newOrder,24999,1,84367,1687793781
cancel,10291,,,1687794358
cancel,17152,,,1687794358
cancel,18075,,,1687794358
cancel,24999,,,1687794358
newOrder,17152,0,19571,1687794382
newOrder,18075,1,19571,1687794382
newOrder,10291,0,100590,1687794382
newOrder,24999,1,100590,1687794382
cancel,10291,,,1687794958
cancel,17152,,,1687794958
cancel,18075,,,1687794958
cancel,24999,,,1687794958
newOrder,17152,0,19579,1687794980
newOrder,18075,1,19579,1687794980
newOrder,10291,0,105208,1687794980
newOrder,24999,1,105208,1687794980
cancel,10291,,,1687795559
cancel,17152,,,1687795559
cancel,18075,,,1687795559
cancel,24999,,,1687795559
newOrder,17152,0,19586,1687795582
newOrder,18075,1,19586,1687795582
newOrder,10291,0,77147,1687795582
newOrder,24999,1,77147,1687795582
cancel,10291,,,1687796159
cancel,17152,,,1687796159
cancel,18075,,,1687796159
cancel,24999,,,1687796159
newOrder,17152,0,19593,1687796181
newOrder,18075,1,19593,1687796181
newOrder,16975,0,18617,1687796181
cancel,16975,,,1687796758
cancel,17152,,,1687796758
cancel,18075,,,1687796758
newOrder,17152,0,19600,1687796782
newOrder,18075,1,19600,1687796782
newOrder,10291,0,65626,1687796782
newOrder,24999,1,65626,1687796782
cancel,10291,,,1687797358
cancel,17152,,,1687797358
cancel,18075,,,1687797358
cancel,24999,,,1687797358
newOrder,17152,0,19607,1687797383
newOrder,18075,1,19607,1687797383
newOrder,10526,0,34437,1687797383
newOrder,24957,1,34437,1687797383
cancel,10526,,,1687797957
cancel,17152,,,1687797957
cancel,18075,,,1687797957
cancel,24957,,,1687797957
newOrder,17152,0,19614,1687797982
newOrder,18075,1,19614,1687797982
newOrder,10291,0,80544,1687797982
newOrder,24999,1,80544,1687797982
cancel,10291,,,1687798558
cancel,17152,,,1687798558
cancel,18075,,,1687798558
cancel,24999,,,1687798558
newOrder,17152,0,19619,1687798582
newOrder,18075,1,19619,1687798582
newOrder,10291,0,99000,1687798582
newOrder,24999,1,99000,1687798582
cancel,10291,,,1687799157
cancel,17152,,,1687799157
cancel,18075,,,1687799157
cancel,24999,,,1687799157
newOrder,17152,0,19626,1687799182
newOrder,18075,1,19626,1687799182
newOrder,10526,0,35339,1687799182
newOrder,24957,1,35339,1687799182
cancel,10526,,,1687799760
cancel,17152,,,1687799760
cancel,18075,,,1687799760
cancel,24957,,,1687799760
newOrder,17151,0,19633,1687799784
newOrder,18075,1,19633,1687799784
newOrder,10291,0,53913,1687799784
newOrder,24999,1,53913,1687799784
cancel,10291,,,1687800358
cancel,17151,,,1687800358
cancel,18075,,,1687800358
cancel,24999,,,1687800358
newOrder,17151,0,19640,1687800381
newOrder,18075,1,19640,1687800381
newOrder,10291,0,92707,1687800381
newOrder,24999,1,92707,1687800381
cancel,10291,,,1687800958
cancel,17151,,,1687800958
cancel,18075,,,1687800958
cancel,24999,,,1687800958
newOrder,17151,0,19648,1687800981
newOrder,18075,1,19648,1687800981
newOrder,10291,0,87073,1687800981
newOrder,24999,1,87073,1687800981
cancel,10291,,,1687801558
cancel,17151,,,1687801558
cancel,18075,,,1687801558
cancel,24999,,,1687801558
newOrder,17151,0,19654,1687801581
newOrder,18075,1,19654,1687801581
newOrder,12204,0,21789,1687801581
newOrder,24957,1,21789,1687801581
cancel,12204,,,1687802159
cancel,17151,,,1687802159
cancel,18075,,,1687802159
cancel,24957,,,1687802159
newOrder,17151,0,19661,1687802183
newOrder,18075,1,19661,1687802183
newOrder,10526,0,36011,1687802183
newOrder,24957,1,36011,1687802183
cancel,10526,,,1687802759
cancel,17151,,,1687802759
cancel,18075,,,1687802759
cancel,24957,,,1687802759
newOrder,17151,0,19669,1687802781
newOrder,18075,1,19669,1687802781
newOrder,10526,0,32125,1687802781
newOrder,24957,1,32125,1687802781
cancel,10526,,,1687803359
cancel,17151,,,1687803359
cancel,18075,,,1687803359
cancel,24957,,,1687803359
newOrder,17151,0,19676,1687803382
newOrder,18075,1,19676,1687803382
newOrder,10291,0,42639,1687803382
newOrder,24957,1,42639,1687803382
cancel,10291,,,1687803960
cancel,17151,,,1687803960
cancel,18075,,,1687803960
cancel,24957,,,1687803960
newOrder,17151,0,19683,1687803982
newOrder,18075,1,19683,1687803982
newOrder,10291,0,84708,1687803982
newOrder,24999,1,84708,1687803982
cancel,10291,,,1687804559
cancel,17151,,,1687804559
cancel,18075,,,1687804559
cancel,24999,,,1687804559
newOrder,17151,0,19690,1687804581
newOrder,18075,1,19690,1687804581
newOrder,10291,0,78320,1687804581
newOrder,24999,1,78320,1687804581
cancel,10291,,,1687805158
cancel,17151,,,1687805158
cancel,18075,,,1687805158
cancel,24999,,,1687805158
newOrder,17151,0,19698,1687805181
newOrder,18075,1,19698,1687805181
newOrder,10291,0,102665,1687805181
newOrder,24999,1,102665,1687805181
cancel,10291,,,1687805758
cancel,17151,,,1687805758
cancel,18075,,,1687805758
cancel,24999,,,1687805758
newOrder,17151,0,19705,1687805781
newOrder,18075,1,19705,1687805781
newOrder,10291,0,93547,1687805781
newOrder,24999,1,93547,1687805781
cancel,10291,,,1687806358
cancel,17151,,,1687806358
cancel,18075,,,1687806358
cancel,24999,,,1687806358
newOrder,17151,0,19712,1687806383
newOrder,18075,1,19712,1687806383
newOrder,12162,0,30529,1687806383
newOrder,24957,1,30529,1687806383
cancel,12162,,,1687806958
cancel,17151,,,1687806958
cancel,18075,,,1687806958
cancel,24957,,,1687806958
newOrder,17151,0,19720,1687806982
newOrder,18075,1,19720,1687806982
newOrder,10291,0,68518,1687806982
newOrder,24999,1,68518,1687806982
cancel,10291,,,1687807559
cancel,17151,,,1687807559
cancel,18075,,,1687807559
cancel,24999,,,1687807559
newOrder,17151,0,19727,1687807581
newOrder,18075,1,19727,1687807581
newOrder,10291,0,67370,1687807581
newOrder,24999,1,67370,1687807581
cancel,10291,,,1687808158
cancel,17151,,,1687808158
cancel,18075,,,1687808158
cancel,24999,,,1687808158
newOrder,17151,0,19735,1687808182
newOrder,18075,1,19735,1687808182
newOrder,10291,0,102283,1687808182
newOrder,24999,1,102283,1687808182
cancel,10291,,,1687808758
cancel,17151,,,1687808758
cancel,18075,,,1687808758
cancel,24999,,,1687808758
newOrder,17151,0,19742,1687808781
newOrder,18075,1,19742,1687808781
newOrder,12204,0,22182,1687808781
newOrder,24957,1,22182,1687808781
cancel,12204,,,1687809358
cancel,17151,,,1687809358
cancel,18075,,,1687809358
cancel,24957,,,1687809358
newOrder,17151,0,19749,1687809381
newOrder,18075,1,19749,1687809381
newOrder,10291,0,77186,1687809381
newOrder,24999,1,77186,1687809381
cancel,10291,,,1687809958
cancel,17151,,,1687809958
cancel,18075,,,1687809958
cancel,24999,,,1687809958
newOrder,17130,0,19692,1687809981
newOrder,18075,1,19692,1687809981
newOrder,12002,0,31586,1687809981
newOrder,24957,1,31586,1687809981
cancel,12002,,,1687810559
cancel,17130,,,1687810559
cancel,18075,,,1687810559
cancel,24957,,,1687810559
newOrder,17130,0,19699,1687810582
newOrder,18075,1,19699,1687810582
newOrder,10278,0,81319,1687810582
newOrder,24999,1,81319,1687810582
cancel,10278,,,1687811158
cancel,17130,,,1687811158
cancel,18075,,,1687811158
cancel,24999,,,1687811158
newOrder,17130,0,19706,1687811180
newOrder,18075,1,19706,1687811180
newOrder,12122,0,30696,1687811180
newOrder,24957,1,30696,1687811180
cancel,12122,,,1687811758
cancel,17130,,,1687811758
cancel,18075,,,1687811758
cancel,24957,,,1687811758
newOrder,17130,0,19714,1687811782
newOrder,18075,1,19714,1687811782
newOrder,10278,0,55342,1687811782
newOrder,24999,1,55342,1687811782
cancel,10278,,,1687812359
cancel,17130,,,1687812359
cancel,18075,,,1687812359
cancel,24999,,,1687812359
newOrder,17130,0,19721,1687812380
newOrder,18075,1,19721,1687812380
newOrder,10278,0,94962,1687812380
newOrder,24999,1,94962,1687812380
cancel,10278,,,1687812958
cancel,17130,,,1687812958
cancel,18075,,,1687812958
cancel,24999,,,1687812958
newOrder,17130,0,19728,1687812981
newOrder,18075,1,19728,1687812981
newOrder,10278,0,79863,1687812981
newOrder,24999,1,79863,1687812981
cancel,10278,,,1687813558
cancel,17130,,,1687813558
cancel,18075,,,1687813558
cancel,24999,,,1687813558
newOrder,17130,0,19735,1687813582
newOrder,18075,1,19735,1687813582
newOrder,10278,0,81465,1687813582
newOrder,24999,1,81465,1687813582
cancel,10278,,,1687814160
cancel,17130,,,1687814160
cancel,18075,,,1687814160
cancel,24999,,,1687814160
newOrder,17240,0,20070,1687814182
newOrder,18075,1,20070,1687814182
newOrder,16975,0,13828,1687814182
cancel,16975,,,1687814759
cancel,17240,,,1687814759
cancel,18075,,,1687814759
newOrder,17219,0,20020,1687814782
newOrder,18075,1,20020,1687814782
newOrder,12002,0,32111,1687814782
newOrder,24957,1,32111,1687814782
cancel,12002,,,1687815358
cancel,17219,,,1687815358
cancel,18075,,,1687815358
cancel,24957,,,1687815358
newOrder,17219,0,20028,1687815382
newOrder,18075,1,20028,1687815382
newOrder,10332,0,53658,1687815382
newOrder,24999,1,53658,1687815382
cancel,10332,,,1687815959
cancel,17219,,,1687815959
cancel,18075,,,1687815959
cancel,24999,,,1687815959
newOrder,17219,0,20036,1687815982
newOrder,18075,1,20036,1687815982
newOrder,10332,0,92497,1687815982
newOrder,24999,1,92497,1687815982
cancel,10332,,,1687816559
cancel,17219,,,1687816559
cancel,18075,,,1687816559
cancel,24999,,,1687816559
newOrder,17219,0,20044,1687816582
newOrder,18075,1,20044,1687816582
newOrder,10332,0,91240,1687816582
newOrder,24999,1,91240,1687816582
cancel,10332,,,1687817159
cancel,17219,,,1687817159
cancel,18075,,,1687817159
cancel,24999,,,1687817159
newOrder,17219,0,20052,1687817181
newOrder,18075,1,20052,1687817181
newOrder,10332,0,83608,1687817181
newOrder,24999,1,83608,1687817181
cancel,10332,,,1687817763
cancel,17219,,,1687817763
cancel,18075,,,1687817763
cancel,24999,,,1687817763
newOrder,17219,0,20060,1687817785
newOrder,18075,1,20060,1687817785
newOrder,16975,0,15782,1687817785
cancel,16975,,,1687818359
cancel,17219,,,1687818359
cancel,18075,,,1687818359
newOrder,17219,0,20068,1687818384
newOrder,18075,1,20068,1687818384
newOrder,10331,0,102631,1687818384
newOrder,24999,1,102631,1687818384
cancel,10331,,,1687818958
cancel,17219,,,1687818958
cancel,18075,,,1687818958
cancel,24999,,,1687818958
newOrder,17219,0,20076,1687818981
newOrder,18075,1,20076,1687818981
newOrder,10331,0,87358,1687818981
newOrder,24999,1,87358,1687818981
cancel,10331,,,1687819559
cancel,17219,,,1687819559
cancel,18075,,,1687819559
cancel,24999,,,1687819559
newOrder,17219,0,20084,1687819582
newOrder,18075,1,20084,1687819582
newOrder,10331,0,45286,1687819582
newOrder,24957,1,45286,1687819582
cancel,10331,,,1687820158
cancel,17219,,,1687820158
cancel,18075,,,1687820158
cancel,24957,,,1687820158
newOrder,17219,0,20092,1687820181
newOrder,18075,1,20092,1687820181
newOrder,10331,0,104562,1687820181
newOrder,24999,1,104562,1687820181
cancel,10331,,,1687820759
cancel,17219,,,1687820759
cancel,18075,,,1687820759
cancel,24999,,,1687820759
newOrder,17131,0,19826,1687820781
newOrder,18075,1,19826,1687820781
newOrder,10279,0,96236,1687820781
newOrder,24999,1,96236,1687820781
cancel,10279,,,1687821358
cancel,17131,,,1687821358
cancel,18075,,,1687821358
cancel,24999,,,1687821358
newOrder,17131,0,19833,1687821381
newOrder,18075,1,19833,1687821381
newOrder,10279,0,63599,1687821381
newOrder,24999,1,63599,1687821381
cancel,10279,,,1687821959
cancel,17131,,,1687821959
cancel,18075,,,1687821959
cancel,24999,,,1687821959
newOrder,17131,0,19841,1687821982
newOrder,18075,1,19841,1687821982
newOrder,12002,0,32149,1687821982
newOrder,24957,1,32149,1687821982
cancel,12002,,,1687822559
cancel,17131,,,1687822559
cancel,18075,,,1687822559
cancel,24957,,,1687822559
newOrder,17131,0,19848,1687822582
newOrder,18075,1,19848,1687822582
newOrder,10279,0,55972,1687822582
newOrder,24999,1,55972,1687822582
cancel,10279,,,1687823159
cancel,17131,,,1687823159
cancel,18075,,,1687823159
cancel,24999,,,1687823159
newOrder,17131,0,19856,1687823182
newOrder,18075,1,19856,1687823182
newOrder,10279,0,91594,1687823182
newOrder,24999,1,91594,1687823182
cancel,10279,,,1687823759
cancel,17131,,,1687823759
cancel,18075,,,1687823759
cancel,24999,,,1687823759
newOrder,17131,0,19863,1687823781
newOrder,18075,1,19863,1687823781
newOrder,10279,0,97364,1687823781
newOrder,24999,1,97364,1687823781
cancel,10279,,,1687824358
cancel,17131,,,1687824358
cancel,18075,,,1687824358
cancel,24999,,,1687824358
newOrder,17131,0,19871,1687824381
newOrder,18075,1,19871,1687824381
newOrder,10279,0,70157,1687824381
newOrder,24999,1,70157,1687824381
cancel,10279,,,1687824959
cancel,17131,,,1687824959
cancel,18075,,,1687824959
cancel,24999,,,1687824959
newOrder,17131,0,19878,1687824983
newOrder,18075,1,19878,1687824983
newOrder,10279,0,90648,1687824983
newOrder,24999,1,90648,1687824983
cancel,10279,,,1687825558
cancel,17131,,,1687825558
cancel,18075,,,1687825558
cancel,24999,,,1687825558
newOrder,17131,0,19886,1687825582
newOrder,18075,1,19886,1687825582
newOrder,10526,0,40830,1687825582
newOrder,24957,1,40830,1687825582
cancel,10526,,,1687826161
cancel,17131,,,1687826161
cancel,18075,,,1687826161
cancel,24957,,,1687826161
newOrder,17131,0,19893,1687826185
newOrder,18075,1,19893,1687826185
newOrder,10279,0,97727,1687826185
newOrder,24999,1,97727,1687826185
cancel,10279,,,1687826759
cancel,17131,,,1687826759
cancel,18075,,,1687826759
cancel,24999,,,1687826759
newOrder,17131,0,19901,1687826781
newOrder,18075,1,19901,1687826781
newOrder,10279,0,62600,1687826781
newOrder,24999,1,62600,1687826781
cancel,10279,,,1687827358
cancel,17131,,,1687827358
cancel,18075,,,1687827358
cancel,24999,,,1687827358
newOrder,17131,0,19909,1687827382
newOrder,18075,1,19909,1687827382
newOrder,10279,0,101299,1687827382
newOrder,24999,1,101299,1687827382
cancel,10279,,,1687827959
cancel,17131,,,1687827959
cancel,18075,,,1687827959
cancel,24999,,,1687827959
newOrder,17131,0,19916,1687827979
newOrder,18075,1,19916,1687827979
newOrder,16975,0,18934,1687827979
cancel,16975,,,1687828558
cancel,17131,,,1687828558
cancel,18075,,,1687828558
newOrder,17131,0,19924,1687828581
newOrder,18075,1,19924,1687828581
newOrder,10279,0,99576,1687828581
newOrder,24999,1,99576,1687828581
cancel,10279,,,1687829159
cancel,17131,,,1687829159
cancel,18075,,,1687829159
cancel,24999,,,1687829159
newOrder,17131,0,19931,1687829181
newOrder,18075,1,19931,1687829181
newOrder,12204,0,24077,1687829181
newOrder,24957,1,24077,1687829181
cancel,12204,,,1687829758
cancel,17131,,,1687829758
cancel,18075,,,1687829758
cancel,24957,,,1687829758
newOrder,17131,0,19939,1687829780
newOrder,18075,1,19939,1687829780
newOrder,10279,0,71651,1687829780
newOrder,24999,1,71651,1687829780
cancel,10279,,,1687830359
cancel,17131,,,1687830359
cancel,18075,,,1687830359
cancel,24999,,,1687830359
newOrder,17131,0,19946,1687830381
newOrder,18075,1,19946,1687830381
newOrder,10279,0,64869,1687830381
newOrder,24999,1,64869,1687830381
cancel,10279,,,1687830958
cancel,17131,,,1687830958
cancel,18075,,,1687830958
cancel,24999,,,1687830958
newOrder,17131,0,19954,1687830982
newOrder,18075,1,19954,1687830982
newOrder,10279,0,87772,1687830982
newOrder,24999,1,87772,1687830982
cancel,10279,,,1687831558
cancel,17131,,,1687831558
cancel,18075,,,1687831558
cancel,24999,,,1687831558
newOrder,17131,0,19962,1687831580
newOrder,18075,1,19962,1687831580
newOrder,10279,0,57794,1687831580
newOrder,24999,1,57794,1687831580
cancel,10279,,,1687832158
cancel,17131,,,1687832158
cancel,18075,,,1687832158
cancel,24999,,,1687832158
newOrder,17131,0,19969,1687832181
newOrder,18075,1,19969,1687832181
newOrder,10526,0,35142,1687832181
newOrder,24957,1,35142,1687832181
cancel,10526,,,1687832758
cancel,17131,,,1687832758
cancel,18075,,,1687832758
cancel,24957,,,1687832758
newOrder,17131,0,19977,1687832781
newOrder,18075,1,19977,1687832781
newOrder,10279,0,66575,1687832781
newOrder,24999,1,66575,1687832781
cancel,10279,,,1687833358
cancel,17131,,,1687833358
cancel,18075,,,1687833358
cancel,24999,,,1687833358
newOrder,17131,0,19985,1687833380
newOrder,18075,1,19985,1687833380
newOrder,10279,0,105853,1687833380
newOrder,24999,1,105853,1687833380
cancel,10279,,,1687833959
cancel,17131,,,1687833959
cancel,18075,,,1687833959
cancel,24999,,,1687833959
newOrder,17131,0,19992,1687833981
newOrder,18075,1,19992,1687833981
newOrder,10279,0,65507,1687833981
newOrder,24999,1,65507,1687833981
cancel,10279,,,1687834559
cancel,17131,,,1687834559
cancel,18075,,,1687834559
cancel,24999,,,1687834559
newOrder,17131,0,20000,1687834581
newOrder,18075,1,20000,1687834581
newOrder,12204,0,25434,1687834581
newOrder,24957,1,25434,1687834581
cancel,12204,,,1687835158
cancel,17131,,,1687835158
cancel,18075,,,1687835158
cancel,24957,,,1687835158
newOrder,17131,0,20008,1687835181
newOrder,18075,1,20008,1687835181
newOrder,10279,0,92917,1687835181
newOrder,24999,1,92917,1687835181
cancel,10279,,,1687835759
cancel,17131,,,1687835759
cancel,18075,,,1687835759
cancel,24999,,,1687835759
newOrder,17131,0,20016,1687835783
newOrder,18075,1,20016,1687835783
newOrder,10279,0,45177,1687835783
newOrder,24957,1,45177,1687835783
cancel,10279,,,1687836360
cancel,17131,,,1687836360
cancel,18075,,,1687836360
cancel,24957,,,1687836360
newOrder,17131,0,20023,1687836383
newOrder,18075,1,20023,1687836383
newOrder,10279,0,46419,1687836383
newOrder,24957,1,46419,1687836383
cancel,10279,,,1687836958
cancel,17131,,,1687836958
cancel,18075,,,1687836958
cancel,24957,,,1687836958
newOrder,17131,0,20031,1687836981
newOrder,18075,1,20031,1687836981
newOrder,10279,0,42675,1687836981
newOrder,24957,1,42675,1687836981
cancel,10279,,,1687837559
cancel,17131,,,1687837559
cancel,18075,,,1687837559
cancel,24957,,,1687837559
newOrder,17131,0,20039,1687837581
newOrder,18075,1,20039,1687837581
newOrder,10279,0,87243,1687837581
newOrder,24999,1,87243,1687837581
cancel,10279,,,1687838158
cancel,17131,,,1687838158
cancel,18075,,,1687838158
cancel,24999,,,1687838158
newOrder,17131,0,20047,1687838182
newOrder,18075,1,20047,1687838182
newOrder,10279,0,79245,1687838182
newOrder,24999,1,79245,1687838182
cancel,10279,,,1687838759
cancel,17131,,,1687838759
cancel,18075,,,1687838759
cancel,24999,,,1687838759
newOrder,17131,0,20054,1687838781
newOrder,18075,1,20054,1687838781
newOrder,10279,0,82923,1687838781
newOrder,24999,1,82923,1687838781
cancel,10279,,,1687839358
cancel,17131,,,1687839358
cancel,18075,,,1687839358
cancel,24999,,,1687839358
newOrder,17131,0,20064,1687839380
newOrder,18075,1,20064,1687839380
newOrder,10279,0,65130,1687839380
newOrder,24999,1,65130,1687839380
cancel,10279,,,1687839958
cancel,17131,,,1687839958
cancel,18075,,,1687839958
cancel,24999,,,1687839958
newOrder,17131,0,20072,1687839979
newOrder,18075,1,20072,1687839979
newOrder,10279,0,73358,1687839979
newOrder,24999,1,73358,1687839979
cancel,10279,,,1687840558
cancel,17131,,,1687840558
cancel,18075,,,1687840558
cancel,24999,,,1687840558
newOrder,17131,0,20079,1687840580
newOrder,18075,1,20079,1687840580
newOrder,10279,0,72144,1687840580
newOrder,24999,1,72144,1687840580
cancel,10279,,,1687841158
cancel,17131,,,1687841158
cancel,18075,,,1687841158
cancel,24999,,,1687841158
newOrder,17131,0,20087,1687841181
newOrder,18075,1,20087,1687841181
newOrder,10279,0,64284,1687841181
newOrder,24999,1,64284,1687841181
cancel,10279,,,1687841758
cancel,17131,,,1687841758
cancel,18075,,,1687841758
cancel,24999,,,1687841758
newOrder,17131,0,20095,1687841782
newOrder,18075,1,20095,1687841782
newOrder,10279,0,77303,1687841782
newOrder,24999,1,77303,1687841782
cancel,10279,,,1687842358
cancel,17131,,,1687842358
cancel,18075,,,1687842358
cancel,24999,,,1687842358
newOrder,17131,0,20103,1687842380
newOrder,18075,1,20103,1687842380
newOrder,10279,0,99690,1687842380
newOrder,24999,1,99690,1687842380
cancel,10279,,,1687842959
cancel,17131,,,1687842959
cancel,18075,,,1687842959
cancel,24999,,,1687842959
newOrder,17131,0,20111,1687842982
newOrder,18075,1,20111,1687842982
newOrder,10526,0,41250,1687842982
newOrder,24957,1,41250,1687842982
cancel,10526,,,1687843559
cancel,17131,,,1687843559
cancel,18075,,,1687843559
cancel,24957,,,1687843559
newOrder,17131,0,20119,1687843581
newOrder,18075,1,20119,1687843581
newOrder,10526,0,35502,1687843581
newOrder,24957,1,35502,1687843581
cancel,10526,,,1687844160
cancel,17131,,,1687844160
cancel,18075,,,1687844160
cancel,24957,,,1687844160
newOrder,17131,0,20127,1687844183
newOrder,18075,1,20127,1687844183
newOrder,12162,0,29758,1687844183
newOrder,24957,1,29758,1687844183
cancel,12162,,,1687844759
cancel,17131,,,1687844759
cancel,18075,,,1687844759
cancel,24957,,,1687844759
newOrder,17131,0,20134,1687844781
newOrder,18075,1,20134,1687844781
newOrder,10279,0,69180,1687844781
newOrder,24999,1,69180,1687844781
cancel,10279,,,1687845359
cancel,17131,,,1687845359
cancel,18075,,,1687845359
cancel,24999,,,1687845359
newOrder,17131,0,20142,1687845381
newOrder,18075,1,20142,1687845381
newOrder,10279,0,59267,1687845381
newOrder,24999,1,59267,1687845381
cancel,10279,,,1687845959
cancel,17131,,,1687845959
cancel,18075,,,1687845959
cancel,24999,,,1687845959
newOrder,17131,0,20150,1687845982
newOrder,18075,1,20150,1687845982
newOrder,10279,0,43847,1687845982
newOrder,24957,1,43847,1687845982
cancel,10279,,,1687846558
cancel,17131,,,1687846558
cancel,18075,,,1687846558
cancel,24957,,,1687846558
newOrder,17131,0,20158,1687846580
newOrder,18075,1,20158,1687846580
newOrder,10279,0,92143,1687846580
newOrder,24999,1,92143,1687846580
cancel,10279,,,1687847158
cancel,17131,,,1687847158
cancel,18075,,,1687847158
cancel,24999,,,1687847158
newOrder,17131,0,20166,1687847180
newOrder,18075,1,20166,1687847180
newOrder,10279,0,102016,1687847180
newOrder,24999,1,102016,1687847180
cancel,10279,,,1687847759
cancel,17131,,,1687847759
cancel,18075,,,1687847759
cancel,24999,,,1687847759
newOrder,17131,0,20174,1687847782
newOrder,18075,1,20174,1687847782
newOrder,10279,0,52357,1687847782
newOrder,24999,1,52357,1687847782
cancel,10279,,,1687848359
cancel,17131,,,1687848359
cancel,18075,,,1687848359
cancel,24999,,,1687848359
newOrder,17131,0,20182,1687848383
newOrder,18075,1,20182,1687848383
newOrder,10279,0,56494,1687848383
newOrder,24999,1,56494,1687848383
cancel,10279,,,1687848958
cancel,17131,,,1687848958
cancel,18075,,,1687848958
cancel,24999,,,1687848958
newOrder,17140,0,20222,1687848982
newOrder,18075,1,20222,1687848982
newOrder,10284,0,79050,1687848982
newOrder,24999,1,79050,1687848982
cancel,10284,,,1687849558
cancel,17140,,,1687849558
cancel,18075,,,1687849558
cancel,24999,,,1687849558
newOrder,17141,0,20233,1687849582
newOrder,18075,1,20233,1687849582
newOrder,10526,0,36518,1687849582
newOrder,24957,1,36518,1687849582
cancel,10526,,,1687850159
cancel,17141,,,1687850159
cancel,18075,,,1687850159
cancel,24957,,,1687850159
newOrder,17141,0,20242,1687850181
newOrder,18075,1,20242,1687850181
newOrder,10285,0,67560,1687850181
newOrder,24999,1,67560,1687850181
cancel,10285,,,1687850758
cancel,17141,,,1687850758
cancel,18075,,,1687850758
cancel,24999,,,1687850758
newOrder,17141,0,20250,1687850779
newOrder,18075,1,20250,1687850779
newOrder,15217,0,19050,1687850779
cancel,15217,,,1687851358
cancel,17141,,,1687851358
cancel,18075,,,1687851358
newOrder,17147,0,20279,1687851381
newOrder,18075,1,20279,1687851381
newOrder,10526,0,40379,1687851381
newOrder,24957,1,40379,1687851381
cancel,10526,,,1687851958
cancel,17147,,,1687851958
cancel,18075,,,1687851958
cancel,24957,,,1687851958
newOrder,17196,0,20462,1687851980
newOrder,18075,1,20462,1687851980
newOrder,10317,0,94185,1687851980
newOrder,24999,1,94185,1687851980
cancel,10317,,,1687852559
cancel,17196,,,1687852559
cancel,18075,,,1687852559
cancel,24999,,,1687852559
newOrder,17196,0,20470,1687852580
newOrder,18075,1,20470,1687852580
newOrder,10317,0,63531,1687852580
newOrder,24999,1,63531,1687852580
cancel,10317,,,1687853158
cancel,17196,,,1687853158
cancel,18075,,,1687853158
cancel,24999,,,1687853158
newOrder,17196,0,20479,1687853180
newOrder,18075,1,20479,1687853180
newOrder,10317,0,77030,1687853180
newOrder,24999,1,77030,1687853180
cancel,10317,,,1687853759
cancel,17196,,,1687853759
cancel,18075,,,1687853759
cancel,24999,,,1687853759
newOrder,17196,0,20488,1687853783
newOrder,18075,1,20488,1687853783
newOrder,10317,0,90622,1687853783
newOrder,24999,1,90622,1687853783
cancel,10317,,,1687854358
cancel,17196,,,1687854358
cancel,18075,,,1687854358
cancel,24999,,,1687854358
newOrder,17196,0,20496,1687854380
newOrder,18075,1,20496,1687854380
newOrder,10526,0,39656,1687854380
newOrder,24957,1,39656,1687854380
cancel,10526,,,1687854958
cancel,17196,,,1687854958
cancel,18075,,,1687854958
cancel,24957,,,1687854958
newOrder,17196,0,20505,1687854981
newOrder,18075,1,20505,1687854981
newOrder,10317,0,70130,1687854981
newOrder,24999,1,70130,1687854981
cancel,10317,,,1687855558
cancel,17196,,,1687855558
cancel,18075,,,1687855558
cancel,24999,,,1687855558
newOrder,17196,0,20514,1687855582
newOrder,18075,1,20514,1687855582
newOrder,10317,0,73322,1687855582
newOrder,24999,1,73322,1687855582
cancel,10317,,,1687856159
cancel,17196,,,1687856159
cancel,18075,,,1687856159
cancel,24999,,,1687856159
newOrder,17196,0,20523,1687856181
newOrder,18075,1,20523,1687856181
newOrder,10317,0,90100,1687856181
newOrder,24999,1,90100,1687856181
cancel,10317,,,1687856758
cancel,17196,,,1687856758
cancel,18075,,,1687856758
cancel,24999,,,1687856758
newOrder,17196,0,20531,1687856782
newOrder,18075,1,20531,1687856782
newOrder,10317,0,51438,1687856782
newOrder,24999,1,51438,1687856782
cancel,10317,,,1687857358
cancel,17196,,,1687857358
cancel,18075,,,1687857358
cancel,24999,,,1687857358
newOrder,17196,0,20540,1687857381
newOrder,18075,1,20540,1687857381
newOrder,10317,0,98230,1687857381
newOrder,24999,1,98230,1687857381
cancel,10317,,,1687857959
cancel,17196,,,1687857959
cancel,18075,,,1687857959
cancel,24999,,,1687857959
newOrder,17196,0,20549,1687857982
newOrder,18075,1,20549,1687857982
newOrder,10317,0,106363,1687857982
newOrder,24999,1,106363,1687857982
cancel,10317,,,1687858558
cancel,17196,,,1687858558
cancel,18075,,,1687858558
cancel,24999,,,1687858558
newOrder,17196,0,20558,1687858580
newOrder,18075,1,20558,1687858580
newOrder,10526,0,34582,1687858580
newOrder,24957,1,34582,1687858580
cancel,10526,,,1687859160
cancel,17196,,,1687859160
cancel,18075,,,1687859160
cancel,24957,,,1687859160
newOrder,17196,0,20566,1687859183
newOrder,18075,1,20566,1687859183
newOrder,12204,0,25541,1687859183
newOrder,24957,1,25541,1687859183
cancel,12204,,,1687859758
cancel,17196,,,1687859758
cancel,18075,,,1687859758
cancel,24957,,,1687859758
newOrder,17196,0,20575,1687859780
newOrder,18075,1,20575,1687859780
newOrder,15217,0,13484,1687859780
cancel,15217,,,1687860358
cancel,17196,,,1687860358
cancel,18075,,,1687860358
newOrder,17196,0,20584,1687860383
newOrder,18075,1,20584,1687860383
newOrder,10317,0,68105,1687860383
newOrder,24999,1,68105,1687860383
cancel,10317,,,1687860958
cancel,17196,,,1687860958
cancel,18075,,,1687860958
cancel,24999,,,1687860958
newOrder,17196,0,20593,1687860981
newOrder,18075,1,20593,1687860981
newOrder,12204,0,23000,1687860981
newOrder,24957,1,23000,1687860981
cancel,12204,,,1687861558
cancel,17196,,,1687861558
cancel,18075,,,1687861558
cancel,24957,,,1687861558
newOrder,17196,0,20602,1687861581
newOrder,18075,1,20602,1687861581
newOrder,10317,0,60387,1687861581
newOrder,24999,1,60387,1687861581
cancel,10317,,,1687862159
cancel,17196,,,1687862159
cancel,18075,,,1687862159
cancel,24999,,,1687862159
newOrder,17196,0,20611,1687862179
newOrder,18075,1,20611,1687862179
newOrder,10317,0,85774,1687862179
newOrder,24999,1,85774,1687862179
cancel,10317,,,1687862758
cancel,17196,,,1687862758
cancel,18075,,,1687862758
cancel,24999,,,1687862758
newOrder,17196,0,20620,1687862780
newOrder,18075,1,20620,1687862780
newOrder,10317,0,94731,1687862780
newOrder,24999,1,94731,1687862780
cancel,10317,,,1687863358
cancel,17196,,,1687863358
cancel,18075,,,1687863358
cancel,24999,,,1687863358
newOrder,17196,0,20628,1687863382
newOrder,18075,1,20628,1687863382
newOrder,10317,0,78039,1687863382
newOrder,24999,1,78039,1687863382
cancel,10317,,,1687863958
cancel,17196,,,1687863958
cancel,18075,,,1687863958
cancel,24999,,,1687863958
newOrder,17196,0,20637,1687863981
newOrder,18075,1,20637,1687863981
newOrder,10526,0,38121,1687863981
newOrder,24957,1,38121,1687863981
cancel,10526,,,1687864558
cancel,17196,,,1687864558
cancel,18075,,,1687864558
cancel,24957,,,1687864558
newOrder,17196,0,20646,1687864580
newOrder,18075,1,20646,1687864580
newOrder,10317,0,73263,1687864580
newOrder,24999,1,73263,1687864580
cancel,10317,,,1687865158
cancel,17196,,,1687865158
cancel,18075,,,1687865158
cancel,24999,,,1687865158
newOrder,17196,0,20655,1687865181
newOrder,18075,1,20655,1687865181
newOrder,10317,0,62223,1687865181
newOrder,24999,1,62223,1687865181
cancel,10317,,,1687865758
cancel,17196,,,1687865758
cancel,18075,,,1687865758
cancel,24999,,,1687865758
newOrder,17061,0,20126,1687865781
newOrder,18075,1,20126,1687865781
newOrder,10237,0,104984,1687865781
newOrder,24999,1,104984,1687865781
cancel,10237,,,1687866358
cancel,17061,,,1687866358
cancel,18075,,,1687866358
cancel,24999,,,1687866358
newOrder,17061,0,20133,1687866381
newOrder,18075,1,20133,1687866381
newOrder,10526,0,36516,1687866381
newOrder,24957,1,36516,1687866381
cancel,10526,,,1687866959
cancel,17061,,,1687866959
cancel,18075,,,1687866959
cancel,24957,,,1687866959
newOrder,17061,0,20141,1687866981
newOrder,18075,1,20141,1687866981
newOrder,10237,0,75417,1687866981
newOrder,24999,1,75417,1687866981
cancel,10237,,,1687867559
cancel,17061,,,1687867559
cancel,18075,,,1687867559
cancel,24999,,,1687867559
newOrder,17049,0,20094,1687867581
newOrder,18075,1,20094,1687867581
newOrder,10229,0,51809,1687867581
newOrder,24999,1,51809,1687867581