instruction,price,side,qty,time
cancel,11604,,,1683375460
cancel,18343,,,1683375460
cancel,19066,,,1683375460
cancel,24999,,,1683375460
newOrder,18343,0,8016,1683375486
newOrder,19066,1,8016,1683375486
newOrder,12012,0,8742,1683375486
newOrder,24957,1,8742,1683375486
cancel,12012,,,1683376060
cancel,18343,,,1683376060
cancel,19066,,,1683376060
cancel,24957,,,1683376060
newOrder,18343,0,8017,1683376089
newOrder,19066,1,8017,1683376089
newOrder,11604,0,22285,1683376089
newOrder,24957,1,22285,1683376089
cancel,11604,,,1683376661
cancel,18343,,,1683376661
cancel,19066,,,1683376661
cancel,24957,,,1683376661
newOrder,18343,0,8018,1683376688
newOrder,19066,1,8018,1683376688
newOrder,11604,0,24882,1683376688
newOrder,24957,1,24882,1683376688
cancel,11604,,,1683377260
cancel,18343,,,1683377260
cancel,19066,,,1683377260
cancel,24957,,,1683377260
newOrder,18234,0,8017,1683377290
newOrder,19066,1,8017,1683377290
newOrder,12012,0,12292,1683377290
newOrder,24957,1,12292,1683377290
cancel,12012,,,1683377860
cancel,18234,,,1683377860
cancel,19066,,,1683377860
cancel,24957,,,1683377860
newOrder,18236,0,8018,1683377886
newOrder,19066,1,8018,1683377886
newOrder,11604,0,25351,1683377886
newOrder,24957,1,25351,1683377886
cancel,11604,,,1683378460
cancel,18236,,,1683378460
cancel,19066,,,1683378460
cancel,24957,,,1683378460
newOrder,18233,0,8019,1683378488
newOrder,19066,1,8019,1683378488
newOrder,11604,0,35190,1683378488
newOrder,24999,1,35190,1683378488
cancel,11604,,,1683379060
cancel,18233,,,1683379060
cancel,19066,,,1683379060
cancel,24999,,,1683379060
newOrder,18237,0,8020,1683379087
newOrder,19066,1,8020,1683379087
newOrder,11604,0,26052,1683379087
newOrder,24957,1,26052,1683379087
cancel,11604,,,1683379660
cancel,18237,,,1683379660
cancel,19066,,,1683379660
cancel,24957,,,1683379660
newOrder,18237,0,8021,1683379688
newOrder,19066,1,8021,1683379688
newOrder,11604,0,37233,1683379688
newOrder,24999,1,37233,1683379688
cancel,11604,,,1683380261
cancel,18237,,,1683380261
cancel,19066,,,1683380261
cancel,24999,,,1683380261
newOrder,18237,0,8022,1683380289
newOrder,19066,1,8022,1683380289
newOrder,12122,0,6357,1683380289
newOrder,21887,1,6357,1683380289
cancel,12122,,,1683380860
cancel,18237,,,1683380860
cancel,19066,,,1683380860
cancel,21887,,,1683380860
newOrder,18237,0,8023,1683380886
newOrder,19066,1,8023,1683380886
newOrder,12122,0,5319,1683380886
newOrder,21887,1,5319,1683380886
cancel,12122,,,1683381460
cancel,18237,,,1683381460
cancel,19066,,,1683381460
cancel,21887,,,1683381460
newOrder,18237,0,8024,1683381486
newOrder,19066,1,8024,1683381486
newOrder,12001,0,18675,1683381486
newOrder,24957,1,18675,1683381486
cancel,12001,,,1683382060
cancel,18237,,,1683382060
cancel,19066,,,1683382060
cancel,24957,,,1683382060
newOrder,18163,0,8021,1683382091
newOrder,19066,1,8021,1683382091
newOrder,12122,0,5521,1683382091
newOrder,21887,1,5521,1683382091
cancel,12122,,,1683382661
cancel,18163,,,1683382661
cancel,19066,,,1683382661
cancel,21887,,,1683382661
newOrder,18029,0,8007,1683382688
newOrder,19066,1,8007,1683382688
newOrder,11604,0,36280,1683382688
newOrder,24999,1,36280,1683382688
cancel,11604,,,1683383260
cancel,18029,,,1683383260
cancel,19066,,,1683383260
cancel,24999,,,1683383260
newOrder,17936,0,7993,1683383287
newOrder,19066,1,7993,1683383287
newOrder,12012,0,15989,1683383287
newOrder,24957,1,15989,1683383287
cancel,12012,,,1683383860
cancel,17936,,,1683383860
cancel,19066,,,1683383860
cancel,24957,,,1683383860
newOrder,17875,0,7982,1683383887
newOrder,19066,1,7982,1683383887
newOrder,11604,0,27566,1683383887
newOrder,24957,1,27566,1683383887
cancel,11604,,,1683384461
cancel,17875,,,1683384461
cancel,19066,,,1683384461
cancel,24957,,,1683384461
newOrder,17801,0,7965,1683384487
newOrder,19066,1,7965,1683384487
newOrder,12012,0,10137,1683384487
newOrder,24957,1,10137,1683384487
cancel,12012,,,1683385060
cancel,17801,,,1683385060
cancel,19066,,,1683385060
cancel,24957,,,1683385060
newOrder,17742,0,7950,1683385087
newOrder,19066,1,7950,1683385087
newOrder,11604,0,24397,1683385087
newOrder,24957,1,24397,1683385087
cancel,11604,,,1683385660
cancel,17742,,,1683385660
cancel,19066,,,1683385660
cancel,24957,,,1683385660
newOrder,17684,0,7934,1683385687
newOrder,19066,1,7934,1683385687
newOrder,11604,0,25967,1683385687
newOrder,24957,1,25967,1683385687
cancel,11604,,,1683386260
cancel,17684,,,1683386260
cancel,19066,,,1683386260
cancel,24957,,,1683386260
newOrder,17650,0,7924,1683386286
newOrder,19066,1,7924,1683386286
newOrder,12011,0,16769,1683386286
newOrder,24957,1,16769,1683386286
cancel,12011,,,1683386860
cancel,17650,,,1683386860
cancel,19066,,,1683386860
cancel,24957,,,1683386860
newOrder,17595,0,7906,1683386886
newOrder,19066,1,7906,1683386886
newOrder,12012,0,10560,1683386886
newOrder,24957,1,10560,1683386886
cancel,12012,,,1683387460
cancel,17595,,,1683387460
cancel,19066,,,1683387460
cancel,24957,,,1683387460
newOrder,17534,0,7884,1683387489
newOrder,19066,1,7884,1683387489
newOrder,12001,0,17858,1683387489
newOrder,24957,1,17858,1683387489
cancel,12001,,,1683388060
cancel,17534,,,1683388060
cancel,19066,,,1683388060
cancel,24957,,,1683388060
newOrder,17536,0,7885,1683388088
newOrder,19066,1,7885,1683388088
newOrder,11604,0,29919,1683388088
newOrder,24957,1,29919,1683388088
cancel,11604,,,1683388660
cancel,17536,,,1683388660
cancel,19066,,,1683388660
cancel,24957,,,1683388660
newOrder,17536,0,7886,1683388688
newOrder,19066,1,7886,1683388688
newOrder,11604,0,28378,1683388688
newOrder,24957,1,28378,1683388688
cancel,11604,,,1683389260
cancel,17536,,,1683389260
cancel,19066,,,1683389260
cancel,24957,,,1683389260
newOrder,17533,0,7886,1683389283
newOrder,19066,1,7886,1683389283
newOrder,11604,0,34546,1683389283
newOrder,24999,1,34546,1683389283
cancel,11604,,,1683389862
cancel,17533,,,1683389862
cancel,19066,,,1683389862
cancel,24999,,,1683389862
newOrder,17533,0,7887,1683389890
newOrder,19066,1,7887,1683389890
newOrder,12012,0,14497,1683389890
newOrder,24957,1,14497,1683389890
cancel,12012,,,1683390460
cancel,17533,,,1683390460
cancel,19066,,,1683390460
cancel,24957,,,1683390460
newOrder,17533,0,7888,1683390490
newOrder,19066,1,7888,1683390490
newOrder,12001,0,19421,1683390490
newOrder,24957,1,19421,1683390490
cancel,12001,,,1683391060
cancel,17533,,,1683391060
cancel,19066,,,1683391060
cancel,24957,,,1683391060
newOrder,17533,0,7889,1683391090
newOrder,19066,1,7889,1683391090
newOrder,12012,0,8481,1683391090
newOrder,24957,1,8481,1683391090
cancel,12012,,,1683391660
cancel,17533,,,1683391660
cancel,19066,,,1683391660
cancel,24957,,,1683391660
newOrder,17533,0,7889,1683391688
newOrder,19066,1,7889,1683391688
newOrder,11604,0,21615,1683391688
newOrder,24957,1,21615,1683391688
cancel,11604,,,1683392260
cancel,17533,,,1683392260
cancel,19066,,,1683392260
cancel,24957,,,1683392260
newOrder,17507,0,7880,1683392287
newOrder,19066,1,7880,1683392287
newOrder,11604,0,24788,1683392287
newOrder,24957,1,24788,1683392287
cancel,11604,,,1683392861
cancel,17507,,,1683392861
cancel,19066,,,1683392861
cancel,24957,,,1683392861
newOrder,17507,0,7881,1683392888
newOrder,19066,1,7881,1683392888
newOrder,11604,0,21366,1683392888
newOrder,24957,1,21366,1683392888
cancel,11604,,,1683393460
cancel,17507,,,1683393460
cancel,19066,,,1683393460
cancel,24957,,,1683393460
newOrder,17533,0,7892,1683393487
newOrder,19066,1,7892,1683393487
newOrder,10520,0,38961,1683393487
newOrder,24999,1,38961,1683393487
cancel,10520,,,1683394060
cancel,17533,,,1683394060
cancel,19066,,,1683394060
cancel,24999,,,1683394060
newOrder,17533,0,7893,1683394087
newOrder,19066,1,7893,1683394087
newOrder,12012,0,9589,1683394087
newOrder,24957,1,9589,1683394087
cancel,12012,,,1683394660
cancel,17533,,,1683394660
cancel,19066,,,1683394660
cancel,24957,,,1683394660
newOrder,17533,0,7894,1683394686
newOrder,19066,1,7894,1683394686
newOrder,12012,0,8083,1683394686
newOrder,21899,1,8083,1683394686
cancel,12012,,,1683395260
cancel,17533,,,1683395260
cancel,19066,,,1683395260
cancel,21899,,,1683395260
newOrder,17533,0,7895,1683395286
newOrder,19066,1,7895,1683395286
newOrder,11604,0,29615,1683395286
newOrder,24957,1,29615,1683395286
cancel,11604,,,1683395860
cancel,17533,,,1683395860
cancel,19066,,,1683395860
cancel,24957,,,1683395860
newOrder,17470,0,7870,1683395888
newOrder,19066,1,7870,1683395888
newOrder,12012,0,14781,1683395888
newOrder,24957,1,14781,1683395888
cancel,12012,,,1683396460
cancel,17470,,,1683396460
cancel,19066,,,1683396460
cancel,24957,,,1683396460
newOrder,17470,0,7871,1683396486
newOrder,19066,1,7871,1683396486
newOrder,11604,0,36661,1683396486
newOrder,24999,1,36661,1683396486
cancel,11604,,,1683397060
cancel,17470,,,1683397060
cancel,19066,,,1683397060
cancel,24999,,,1683397060
newOrder,17463,0,7868,1683397087
newOrder,19066,1,7868,1683397087
newOrder,12012,0,10748,1683397087
newOrder,24957,1,10748,1683397087
cancel,12012,,,1683397660
cancel,17463,,,1683397660
cancel,19066,,,1683397660
cancel,24957,,,1683397660
newOrder,17463,0,7869,1683397692
newOrder,19066,1,7869,1683397692
newOrder,11604,0,36911,1683397692
newOrder,24999,1,36911,1683397692
cancel,11604,,,1683398260
cancel,17463,,,1683398260
cancel,19066,,,1683398260
cancel,24999,,,1683398260
newOrder,17357,0,7822,1683398287
newOrder,19066,1,7822,1683398287
newOrder,12012,0,14708,1683398287
newOrder,24957,1,14708,1683398287
cancel,12012,,,1683398860
cancel,17357,,,1683398860
cancel,19066,,,1683398860
cancel,24957,,,1683398860
newOrder,17357,0,7823,1683398887
newOrder,19066,1,7823,1683398887
newOrder,12122,0,6902,1683398887
cancel,12122,,,1683399460
cancel,17357,,,1683399460
cancel,19066,,,1683399460
newOrder,17357,0,7823,1683399487
newOrder,19066,1,7823,1683399487
newOrder,11604,0,32328,1683399487
newOrder,24957,1,32328,1683399487
cancel,11604,,,1683400060
cancel,17357,,,1683400060
cancel,19066,,,1683400060
cancel,24957,,,1683400060
newOrder,17357,0,7824,1683400087
newOrder,19066,1,7824,1683400087
newOrder,12001,0,18263,1683400087
newOrder,24957,1,18263,1683400087
cancel,12001,,,1683400661
cancel,17357,,,1683400661
cancel,19066,,,1683400661
cancel,24957,,,1683400661
newOrder,17357,0,7825,1683400687
newOrder,19066,1,7825,1683400687
newOrder,12122,0,7094,1683400687
cancel,12122,,,1683401260
cancel,17357,,,1683401260
cancel,19066,,,1683401260
newOrder,17357,0,7826,1683401289
newOrder,19066,1,7826,1683401289
newOrder,11604,0,23442,1683401289
newOrder,24957,1,23442,1683401289
cancel,11604,,,1683401860
cancel,17357,,,1683401860
cancel,19066,,,1683401860
cancel,24957,,,1683401860
newOrder,17357,0,7827,1683401887
newOrder,19066,1,7827,1683401887
newOrder,12012,0,10600,1683401887
newOrder,24957,1,10600,1683401887
cancel,12012,,,1683402460
cancel,17357,,,1683402460
cancel,19066,,,1683402460
cancel,24957,,,1683402460
newOrder,17357,0,7828,1683402487
newOrder,19066,1,7828,1683402487
newOrder,11604,0,31694,1683402487
newOrder,24957,1,31694,1683402487
cancel,11604,,,1683403061
cancel,17357,,,1683403061
cancel,19066,,,1683403061
cancel,24957,,,1683403061
newOrder,17350,0,7825,1683403087
newOrder,19066,1,7825,1683403087
newOrder,12012,0,11249,1683403087
newOrder,24957,1,11249,1683403087
cancel,12012,,,1683403660
cancel,17350,,,1683403660
cancel,19066,,,1683403660
cancel,24957,,,1683403660
newOrder,17350,0,7826,1683403687
newOrder,19066,1,7826,1683403687
newOrder,12001,0,18880,1683403687
newOrder,24957,1,18880,1683403687
cancel,12001,,,1683404260
cancel,17350,,,1683404260
cancel,19066,,,1683404260
cancel,24957,,,1683404260
newOrder,17350,0,7827,1683404288
newOrder,19066,1,7827,1683404288
newOrder,11604,0,26590,1683404288
newOrder,24957,1,26590,1683404288
cancel,11604,,,1683404860
cancel,17350,,,1683404860
cancel,19066,,,1683404860
cancel,24957,,,1683404860
newOrder,17350,0,7828,1683404888
newOrder,19066,1,7828,1683404888
newOrder,11604,0,31295,1683404888
newOrder,24957,1,31295,1683404888
cancel,11604,,,1683405460
cancel,17350,,,1683405460
cancel,19066,,,1683405460
cancel,24957,,,1683405460
newOrder,17350,0,7829,1683405487
newOrder,19066,1,7829,1683405487
newOrder,11604,0,20978,1683405487
newOrder,24957,1,20978,1683405487
cancel,11604,,,1683406060
cancel,17350,,,1683406060
cancel,19066,,,1683406060
cancel,24957,,,1683406060
newOrder,17350,0,7829,1683406087
newOrder,19066,1,7829,1683406087
newOrder,11604,0,21080,1683406087
newOrder,24957,1,21080,1683406087
cancel,11604,,,1683406662
cancel,17350,,,1683406662
cancel,19066,,,1683406662
cancel,24957,,,1683406662
newOrder,17350,0,7830,1683406691
newOrder,19066,1,7830,1683406691
newOrder,12012,0,15879,1683406691
newOrder,24957,1,15879,1683406691
cancel,12012,,,1683407264
cancel,17350,,,1683407264
cancel,19066,,,1683407264
cancel,24957,,,1683407264
newOrder,17350,0,7831,1683407292
newOrder,19066,1,7831,1683407292
newOrder,12001,0,19085,1683407292
newOrder,24957,1,19085,1683407292
cancel,12001,,,1683407860
cancel,17350,,,1683407860
cancel,19066,,,1683407860
cancel,24957,,,1683407860
newOrder,17348,0,7831,1683407888
newOrder,19066,1,7831,1683407888
newOrder,12122,0,6738,1683407888
newOrder,21887,1,6738,1683407888
cancel,12122,,,1683408460
cancel,17348,,,1683408460
cancel,19066,,,1683408460
cancel,21887,,,1683408460
newOrder,17348,0,7832,1683408488
newOrder,19066,1,7832,1683408488
newOrder,11604,0,33359,1683408488
newOrder,24999,1,33359,1683408488
cancel,11604,,,1683409059
cancel,17348,,,1683409059
cancel,19066,,,1683409059
cancel,24999,,,1683409059
newOrder,17348,0,7832,1683409088
newOrder,19066,1,7832,1683409088
newOrder,11604,0,28630,1683409088
newOrder,24957,1,28630,1683409088
cancel,11604,,,1683409660
cancel,17348,,,1683409660
cancel,19066,,,1683409660
cancel,24957,,,1683409660
newOrder,17348,0,7833,1683409689
newOrder,19066,1,7833,1683409689
newOrder,10409,0,38371,1683409689
newOrder,24999,1,38371,1683409689
cancel,10409,,,1683410261
cancel,17348,,,1683410261
cancel,19066,,,1683410261
cancel,24999,,,1683410261
newOrder,17348,0,7834,1683410290
newOrder,19066,1,7834,1683410290
newOrder,12122,0,4859,1683410290
newOrder,21887,1,4859,1683410290
cancel,12122,,,1683410860
cancel,17348,,,1683410860
cancel,19066,,,1683410860
cancel,21887,,,1683410860
newOrder,17348,0,7835,1683410886
newOrder,19066,1,7835,1683410886
newOrder,12122,0,5969,1683410886
newOrder,21887,1,5969,1683410886
cancel,12122,,,1683411460
cancel,17348,,,1683411460
cancel,19066,,,1683411460
cancel,21887,,,1683411460
newOrder,17348,0,7836,1683411487
newOrder,19066,1,7836,1683411487
newOrder,11604,0,21819,1683411487
newOrder,24957,1,21819,1683411487
cancel,11604,,,1683412060
cancel,17348,,,1683412060
cancel,19066,,,1683412060
cancel,24957,,,1683412060
newOrder,17348,0,7837,1683412086
newOrder,19066,1,7837,1683412086
newOrder,11604,0,24648,1683412086
newOrder,24957,1,24648,1683412086
cancel,11604,,,1683412659
cancel,17348,,,1683412659
cancel,19066,,,1683412659
cancel,24957,,,1683412659
newOrder,17348,0,7837,1683412688
newOrder,19066,1,7837,1683412688
newOrder,11604,0,29307,1683412688
newOrder,24957,1,29307,1683412688
cancel,11604,,,1683413260
cancel,17348,,,1683413260
cancel,19066,,,1683413260
cancel,24957,,,1683413260
newOrder,17348,0,7838,1683413288
newOrder,19066,1,7838,1683413288
newOrder,12012,0,13130,1683413288
newOrder,24957,1,13130,1683413288
cancel,12012,,,1683413862
cancel,17348,,,1683413862
cancel,19066,,,1683413862
cancel,24957,,,1683413862
newOrder,17348,0,7839,1683413890
newOrder,19066,1,7839,1683413890
newOrder,10409,0,42210,1683413890
newOrder,24999,1,42210,1683413890
cancel,10409,,,1683414460
cancel,17348,,,1683414460
cancel,19066,,,1683414460
cancel,24999,,,1683414460
newOrder,17348,0,7840,1683414489
newOrder,19066,1,7840,1683414489
newOrder,12011,0,16199,1683414489
newOrder,24957,1,16199,1683414489
cancel,12011,,,1683415060
cancel,17348,,,1683415060
cancel,19066,,,1683415060
cancel,24957,,,1683415060
newOrder,17348,0,7841,1683415088
newOrder,19066,1,7841,1683415088
newOrder,12011,0,16639,1683415088
newOrder,24957,1,16639,1683415088
cancel,12011,,,1683415660
cancel,17348,,,1683415660
cancel,19066,,,1683415660
cancel,24957,,,1683415660
newOrder,17348,0,7841,1683415687
newOrder,19066,1,7841,1683415687
newOrder,11604,0,22440,1683415687
newOrder,24957,1,22440,1683415687
cancel,11604,,,1683416260
cancel,17348,,,1683416260
cancel,19066,,,1683416260
cancel,24957,,,1683416260
newOrder,17348,0,7842,1683416287
newOrder,19066,1,7842,1683416287
newOrder,12001,0,19053,1683416287
newOrder,24957,1,19053,1683416287
cancel,12001,,,1683416860
cancel,17348,,,1683416860
cancel,19066,,,1683416860
cancel,24957,,,1683416860
newOrder,17348,0,7843,1683416886
newOrder,19066,1,7843,1683416886
newOrder,12122,0,5991,1683416886
newOrder,21887,1,5991,1683416886
cancel,12122,,,1683417460
cancel,17348,,,1683417460
cancel,19066,,,1683417460
cancel,21887,,,1683417460
newOrder,17348,0,7844,1683417487
newOrder,19066,1,7844,1683417487
newOrder,11604,0,29041,1683417487
newOrder,24957,1,29041,1683417487
cancel,11604,,,1683418060
cancel,17348,,,1683418060
cancel,19066,,,1683418060
cancel,24957,,,1683418060
newOrder,17348,0,7845,1683418087
newOrder,19066,1,7845,1683418087
newOrder,12012,0,8923,1683418087
newOrder,24957,1,8923,1683418087
cancel,12012,,,1683418661
cancel,17348,,,1683418661
cancel,19066,,,1683418661
cancel,24957,,,1683418661
newOrder,17279,0,7810,1683418688
newOrder,19066,1,7810,1683418688
newOrder,11604,0,20973,1683418688
newOrder,24957,1,20973,1683418688
cancel,11604,,,1683419260
cancel,17279,,,1683419260
cancel,19066,,,1683419260
cancel,24957,,,1683419260
newOrder,17263,0,7802,1683419286
newOrder,19066,1,7802,1683419286
newOrder,11604,0,26402,1683419286
newOrder,24957,1,26402,1683419286
cancel,11604,,,1683419861
cancel,17263,,,1683419861
cancel,19066,,,1683419861
cancel,24957,,,1683419861
newOrder,17264,0,7804,1683419887
newOrder,19066,1,7804,1683419887
newOrder,11604,0,37215,1683419887
newOrder,24999,1,37215,1683419887
cancel,11604,,,1683420460
cancel,17264,,,1683420460
cancel,19066,,,1683420460
cancel,24999,,,1683420460
newOrder,17264,0,7805,1683420487
newOrder,19066,1,7805,1683420487
newOrder,12012,0,15015,1683420487
newOrder,24957,1,15015,1683420487
cancel,12012,,,1683421060
cancel,17264,,,1683421060
cancel,19066,,,1683421060
cancel,24957,,,1683421060
newOrder,17265,0,7806,1683421087
newOrder,19066,1,7806,1683421087
newOrder,11604,0,31224,1683421087
newOrder,24957,1,31224,1683421087
cancel,11604,,,1683421661
cancel,17265,,,1683421661
cancel,19066,,,1683421661
cancel,24957,,,1683421661
newOrder,17264,0,7806,1683421690
newOrder,19066,1,7806,1683421690
newOrder,11604,0,20858,1683421690
newOrder,24957,1,20858,1683421690
cancel,11604,,,1683422260
cancel,17264,,,1683422260
cancel,19066,,,1683422260
cancel,24957,,,1683422260
newOrder,17263,0,7807,1683422286
newOrder,19066,1,7807,1683422286
newOrder,11604,0,27775,1683422286
newOrder,24957,1,27775,1683422286
cancel,11604,,,1683422860
cancel,17263,,,1683422860
cancel,19066,,,1683422860
cancel,24957,,,1683422860
newOrder,17263,0,7807,1683422889
newOrder,19066,1,7807,1683422889
newOrder,12001,0,17221,1683422889
newOrder,24957,1,17221,1683422889
cancel,12001,,,1683423460
cancel,17263,,,1683423460
cancel,19066,,,1683423460
cancel,24957,,,1683423460
newOrder,17264,0,7808,1683423486
newOrder,19066,1,7808,1683423486
newOrder,11604,0,36980,1683423486
newOrder,24999,1,36980,1683423486
cancel,11604,,,1683424061
cancel,17264,,,1683424061
cancel,19066,,,1683424061
cancel,24999,,,1683424061
newOrder,17263,0,7809,1683424088
newOrder,19066,1,7809,1683424088
newOrder,11604,0,22822,1683424088
newOrder,24957,1,22822,1683424088
cancel,11604,,,1683424660
cancel,17263,,,1683424660
cancel,19066,,,1683424660
cancel,24957,,,1683424660
newOrder,17243,0,7799,1683424688
newOrder,19066,1,7799,1683424688
newOrder,11604,0,25308,1683424688
newOrder,24957,1,25308,1683424688
cancel,11604,,,1683425260
cancel,17243,,,1683425260
cancel,19066,,,1683425260
cancel,24957,,,1683425260
newOrder,17244,0,7800,1683425287
newOrder,19066,1,7800,1683425287
newOrder,12122,0,5691,1683425287
newOrder,21887,1,5691,1683425287
cancel,12122,,,1683425861
cancel,17244,,,1683425861
cancel,19066,,,1683425861
cancel,21887,,,1683425861
newOrder,17243,0,7800,1683425887
newOrder,19066,1,7800,1683425887
newOrder,10346,0,42059,1683425887
newOrder,24999,1,42059,1683425887
cancel,10346,,,1683426460
cancel,17243,,,1683426460
cancel,19066,,,1683426460
cancel,24999,,,1683426460
newOrder,17244,0,7802,1683426488
newOrder,19066,1,7802,1683426488
newOrder,12012,0,13402,1683426488
newOrder,24957,1,13402,1683426488
cancel,12012,,,1683427060
cancel,17244,,,1683427060
cancel,19066,,,1683427060
cancel,24957,,,1683427060
newOrder,17243,0,7802,1683427087
newOrder,19066,1,7802,1683427087
newOrder,12122,0,7136,1683427087
newOrder,21887,1,7136,1683427087
cancel,12122,,,1683427660
cancel,17243,,,1683427660
cancel,19066,,,1683427660
cancel,21887,,,1683427660
newOrder,17207,0,7783,1683427687
newOrder,19066,1,7783,1683427687
newOrder,10324,0,38922,1683427687
newOrder,24999,1,38922,1683427687
cancel,10324,,,1683428260
cancel,17207,,,1683428260
cancel,19066,,,1683428260
cancel,24999,,,1683428260
newOrder,17207,0,7783,1683428288
newOrder,19066,1,7783,1683428288
newOrder,11604,0,35775,1683428288
newOrder,24999,1,35775,1683428288
cancel,11604,,,1683428861
cancel,17207,,,1683428861
cancel,19066,,,1683428861
cancel,24999,,,1683428861
newOrder,17207,0,7784,1683428889
newOrder,19066,1,7784,1683428889
newOrder,12122,0,6179,1683428889
newOrder,21887,1,6179,1683428889
cancel,12122,,,1683429460
cancel,17207,,,1683429460
cancel,19066,,,1683429460
cancel,21887,,,1683429460
newOrder,17207,0,7785,1683429487
newOrder,19066,1,7785,1683429487
newOrder,11604,0,34058,1683429487
newOrder,24999,1,34058,1683429487
cancel,11604,,,1683430060
cancel,17207,,,1683430060
cancel,19066,,,1683430060
cancel,24999,,,1683430060
newOrder,17207,0,7786,1683430086
newOrder,19066,1,7786,1683430086
newOrder,11604,0,30946,1683430086
newOrder,24957,1,30946,1683430086
cancel,11604,,,1683430660
cancel,17207,,,1683430660
cancel,19066,,,1683430660
cancel,24957,,,1683430660
newOrder,17172,0,7766,1683430687
newOrder,19066,1,7766,1683430687
newOrder,10303,0,39459,1683430687
newOrder,24999,1,39459,1683430687
cancel,10303,,,1683431260
cancel,17172,,,1683431260
cancel,19066,,,1683431260
cancel,24999,,,1683431260
newOrder,17172,0,7767,1683431289
newOrder,19066,1,7767,1683431289
newOrder,11604,0,30654,1683431289
newOrder,24957,1,30654,1683431289
cancel,11604,,,1683431861
cancel,17172,,,1683431861
cancel,19066,,,1683431861
cancel,24957,,,1683431861
newOrder,17172,0,7768,1683431887
newOrder,19066,1,7768,1683431887
newOrder,10303,0,39580,1683431887
newOrder,24999,1,39580,1683431887
cancel,10303,,,1683432460
cancel,17172,,,1683432460
cancel,19066,,,1683432460
cancel,24999,,,1683432460
newOrder,17172,0,7769,1683432487
newOrder,19066,1,7769,1683432487
newOrder,11604,0,33028,1683432487
newOrder,24999,1,33028,1683432487
cancel,11604,,,1683433060
cancel,17172,,,1683433060
cancel,19066,,,1683433060
cancel,24999,,,1683433060
newOrder,17172,0,7769,1683433088
newOrder,19066,1,7769,1683433088
newOrder,11604,0,34136,1683433088
newOrder,24999,1,34136,1683433088
cancel,11604,,,1683433660
cancel,17172,,,1683433660
cancel,19066,,,1683433660
cancel,24999,,,1683433660
newOrder,17172,0,7770,1683433689
newOrder,19066,1,7770,1683433689
newOrder,11604,0,25401,1683433689
newOrder,24957,1,25401,1683433689
cancel,11604,,,1683434260
cancel,17172,,,1683434260
cancel,19066,,,1683434260
cancel,24957,,,1683434260
newOrder,17172,0,7771,1683434287
newOrder,19066,1,7771,1683434287
newOrder,11604,0,27928,1683434287
newOrder,24957,1,27928,1683434287
cancel,11604,,,1683434860
cancel,17172,,,1683434860
cancel,19066,,,1683434860
cancel,24957,,,1683434860
newOrder,17172,0,7772,1683434888
newOrder,19066,1,7772,1683434888
newOrder,11604,0,30825,1683434888
newOrder,24957,1,30825,1683434888
cancel,11604,,,1683435460
cancel,17172,,,1683435460
cancel,19066,,,1683435460
cancel,24957,,,1683435460
newOrder,17172,0,7772,1683435488
newOrder,19066,1,7772,1683435488
newOrder,10303,0,40280,1683435488
newOrder,24999,1,40280,1683435488
cancel,10303,,,1683436061
cancel,17172,,,1683436061
cancel,19066,,,1683436061
cancel,24999,,,1683436061
newOrder,17172,0,7773,1683436088
newOrder,19066,1,7773,1683436088
newOrder,12012,0,10882,1683436088
newOrder,24957,1,10882,1683436088
cancel,12012,,,1683436660
cancel,17172,,,1683436660
cancel,19066,,,1683436660
cancel,24957,,,1683436660
newOrder,17281,0,7835,1683436686
newOrder,19066,1,7835,1683436686
newOrder,11604,0,23096,1683436686
newOrder,24957,1,23096,1683436686
cancel,11604,,,1683437260
cancel,17281,,,1683437260
cancel,19066,,,1683437260
cancel,24957,,,1683437260
newOrder,17184,0,7782,1683437288
newOrder,19066,1,7782,1683437288
newOrder,11604,0,23158,1683437288
newOrder,24957,1,23158,1683437288
cancel,11604,,,1683437860
cancel,17184,,,1683437860
cancel,19066,,,1683437860
cancel,24957,,,1683437860
newOrder,17173,0,7776,1683437887
newOrder,19066,1,7776,1683437887
newOrder,11604,0,26383,1683437887
newOrder,24957,1,26383,1683437887
cancel,11604,,,1683438460
cancel,17173,,,1683438460
cancel,19066,,,1683438460
cancel,24957,,,1683438460
newOrder,17173,0,7777,1683438486
newOrder,19066,1,7777,1683438486
newOrder,12012,0,11607,1683438486
newOrder,24957,1,11607,1683438486
cancel,12012,,,1683439061
cancel,17173,,,1683439061
cancel,19066,,,1683439061
cancel,24957,,,1683439061
newOrder,17182,0,7783,1683439088
newOrder,19066,1,7783,1683439088
newOrder,12012,0,14785,1683439088
newOrder,24957,1,14785,1683439088
cancel,12012,,,1683439660
cancel,17182,,,1683439660
cancel,19066,,,1683439660
cancel,24957,,,1683439660
newOrder,17182,0,7784,1683439687
newOrder,19066,1,7784,1683439687
newOrder,12122,0,5951,1683439687
newOrder,21887,1,5951,1683439687
cancel,12122,,,1683440260
cancel,17182,,,1683440260
cancel,19066,,,1683440260
cancel,21887,,,1683440260
newOrder,17182,0,7785,1683440288
newOrder,19066,1,7785,1683440288
newOrder,10309,0,40338,1683440288
newOrder,24999,1,40338,1683440288
cancel,10309,,,1683440860
cancel,17182,,,1683440860
cancel,19066,,,1683440860
cancel,24999,,,1683440860
newOrder,17182,0,7786,1683440886
newOrder,19066,1,7786,1683440886
newOrder,11604,0,26244,1683440886
newOrder,24957,1,26244,1683440886
cancel,11604,,,1683441459
cancel,17182,,,1683441459
cancel,19066,,,1683441459
cancel,24957,,,1683441459
newOrder,17182,0,7786,1683441488
newOrder,19066,1,7786,1683441488
newOrder,11604,0,34673,1683441488
newOrder,24999,1,34673,1683441488
cancel,11604,,,1683442060
cancel,17182,,,1683442060
cancel,19066,,,1683442060
cancel,24999,,,1683442060
newOrder,17182,0,7787,1683442088
newOrder,19066,1,7787,1683442088
newOrder,12012,0,8893,1683442088
newOrder,24957,1,8893,1683442088
cancel,12012,,,1683442660
cancel,17182,,,1683442660
cancel,19066,,,1683442660
cancel,24957,,,1683442660
newOrder,17182,0,7788,1683442690
newOrder,19066,1,7788,1683442690
newOrder,10309,0,41678,1683442690
newOrder,24999,1,41678,1683442690
cancel,10309,,,1683443260
cancel,17182,,,1683443260
cancel,19066,,,1683443260
cancel,24999,,,1683443260
newOrder,17182,0,7789,1683443286
newOrder,19066,1,7789,1683443286
newOrder,12012,0,10819,1683443286
newOrder,24957,1,10819,1683443286
cancel,12012,,,1683443860
cancel,17182,,,1683443860
cancel,19066,,,1683443860
cancel,24957,,,1683443860
newOrder,17182,0,7789,1683443888
newOrder,19066,1,7789,1683443888
newOrder,12001,0,18250,1683443888
newOrder,24957,1,18250,1683443888
cancel,12001,,,1683444460
cancel,17182,,,1683444460
cancel,19066,,,1683444460
cancel,24957,,,1683444460
newOrder,17994,0,8099,1683444489
newOrder,19066,1,8099,1683444489
newOrder,11604,0,20891,1683444489
newOrder,24957,1,20891,1683444489
cancel,11604,,,1683445060
cancel,17994,,,1683445060
cancel,19066,,,1683445060
cancel,24957,,,1683445060
newOrder,17940,0,8090,1683445086
newOrder,19066,1,8090,1683445086
newOrder,11604,0,24221,1683445086
newOrder,24957,1,24221,1683445086
cancel,11604,,,1683445660
cancel,17940,,,1683445660
cancel,19066,,,1683445660
cancel,24957,,,1683445660
newOrder,17940,0,8091,1683445687
newOrder,19066,1,8091,1683445687
newOrder,11604,0,23727,1683445687
newOrder,24957,1,23727,1683445687
cancel,11604,,,1683446260
cancel,17940,,,1683446260
cancel,19066,,,1683446260
cancel,24957,,,1683446260
newOrder,17941,0,8092,1683446286
newOrder,19066,1,8092,1683446286
newOrder,10765,0,41952,1683446286
newOrder,24999,1,41952,1683446286
cancel,10765,,,1683446860
cancel,17941,,,1683446860
cancel,19066,,,1683446860
cancel,24999,,,1683446860
newOrder,17942,0,8094,1683446887
newOrder,19066,1,8094,1683446887
newOrder,12122,0,6386,1683446887
newOrder,21887,1,6386,1683446887
cancel,12122,,,1683447460
cancel,17942,,,1683447460
cancel,19066,,,1683447460
cancel,21887,,,1683447460
newOrder,17933,0,8093,1683447487
newOrder,19066,1,8093,1683447487
newOrder,12011,0,16397,1683447487
newOrder,24957,1,16397,1683447487
cancel,12011,,,1683448060
cancel,17933,,,1683448060
cancel,19066,,,1683448060
cancel,24957,,,1683448060
newOrder,17932,0,8094,1683448087
newOrder,19066,1,8094,1683448087
newOrder,12012,0,15923,1683448087
newOrder,24957,1,15923,1683448087
cancel,12012,,,1683448660
cancel,17932,,,1683448660
cancel,19066,,,1683448660
cancel,24957,,,1683448660
newOrder,17935,0,8095,1683448688
newOrder,19066,1,8095,1683448688
newOrder,10761,0,40059,1683448688
newOrder,24999,1,40059,1683448688
cancel,10761,,,1683449260
cancel,17935,,,1683449260
cancel,19066,,,1683449260
cancel,24999,,,1683449260
newOrder,17934,0,8096,1683449287
newOrder,19066,1,8096,1683449287
newOrder,12012,0,8569,1683449287
newOrder,24957,1,8569,1683449287
cancel,12012,,,1683449860
cancel,17934,,,1683449860
cancel,19066,,,1683449860
cancel,24957,,,1683449860
newOrder,17935,0,8097,1683449887
newOrder,19066,1,8097,1683449887
newOrder,12012,0,11561,1683449887
newOrder,24957,1,11561,1683449887
cancel,12012,,,1683450460
cancel,17935,,,1683450460
cancel,19066,,,1683450460
cancel,24957,,,1683450460
newOrder,17936,0,8098,1683450487
newOrder,19066,1,8098,1683450487
newOrder,12012,0,12913,1683450487
newOrder,24957,1,12913,1683450487
cancel,12012,,,1683451060
cancel,17936,,,1683451060
cancel,19066,,,1683451060
cancel,24957,,,1683451060
newOrder,17936,0,8099,1683451087
newOrder,19066,1,8099,1683451087
newOrder,12001,0,19224,1683451087
newOrder,24957,1,19224,1683451087
cancel,12001,,,1683451660
cancel,17936,,,1683451660
cancel,19066,,,1683451660
cancel,24957,,,1683451660
newOrder,17935,0,8100,1683451686
newOrder,19066,1,8100,1683451686
newOrder,12122,0,5878,1683451686
newOrder,21887,1,5878,1683451686
cancel,12122,,,1683452260
cancel,17935,,,1683452260
cancel,19066,,,1683452260
cancel,21887,,,1683452260
newOrder,17934,0,8101,1683452289
newOrder,19066,1,8101,1683452289
newOrder,11604,0,25354,1683452289
newOrder,24957,1,25354,1683452289
cancel,11604,,,1683452860
cancel,17934,,,1683452860
cancel,19066,,,1683452860
cancel,24957,,,1683452860
newOrder,17933,0,8101,1683452886
newOrder,19066,1,8101,1683452886
newOrder,12012,0,10236,1683452886
newOrder,24957,1,10236,1683452886
cancel,12012,,,1683453460
cancel,17933,,,1683453460
cancel,19066,,,1683453460
cancel,24957,,,1683453460
newOrder,17934,0,8103,1683453486
newOrder,19066,1,8103,1683453486
newOrder,11604,0,22351,1683453486
newOrder,24957,1,22351,1683453486
cancel,11604,,,1683454060
cancel,17934,,,1683454060
cancel,19066,,,1683454060
cancel,24957,,,1683454060
newOrder,17934,0,8103,1683454087
newOrder,19066,1,8103,1683454087
newOrder,11604,0,27646,1683454087
newOrder,24957,1,27646,1683454087
cancel,11604,,,1683454660
cancel,17934,,,1683454660
cancel,19066,,,1683454660
cancel,24957,,,1683454660
newOrder,17931,0,8104,1683454687
newOrder,19066,1,8104,1683454687
newOrder,12012,0,10314,1683454687
newOrder,24957,1,10314,1683454687
cancel,12012,,,1683455261
cancel,17931,,,1683455261
cancel,19066,,,1683455261
cancel,24957,,,1683455261
newOrder,17931,0,8105,1683455289
newOrder,19066,1,8105,1683455289
newOrder,10758,0,42345,1683455289
newOrder,24999,1,42345,1683455289
cancel,10758,,,1683455863
cancel,17931,,,1683455863
cancel,19066,,,1683455863
cancel,24999,,,1683455863
newOrder,17931,0,8106,1683455891
newOrder,19066,1,8106,1683455891
newOrder,10759,0,40675,1683455891
newOrder,24999,1,40675,1683455891
cancel,10759,,,1683456459
cancel,17931,,,1683456459
cancel,19066,,,1683456459
cancel,24999,,,1683456459
newOrder,17931,0,8107,1683456487
newOrder,19066,1,8107,1683456487
newOrder,11604,0,31802,1683456487
newOrder,24957,1,31802,1683456487
cancel,11604,,,1683457060
cancel,17931,,,1683457060
cancel,19066,,,1683457060
cancel,24957,,,1683457060
newOrder,17932,0,8108,1683457087
newOrder,19066,1,8108,1683457087
newOrder,11604,0,30324,1683457087
newOrder,24957,1,30324,1683457087
cancel,11604,,,1683457660
cancel,17932,,,1683457660
cancel,19066,,,1683457660
cancel,24957,,,1683457660
newOrder,17932,0,8109,1683457687
newOrder,19066,1,8109,1683457687
newOrder,12012,0,15691,1683457687
newOrder,24957,1,15691,1683457687
cancel,12012,,,1683458260
cancel,17932,,,1683458260
cancel,19066,,,1683458260
cancel,24957,,,1683458260
newOrder,17932,0,8110,1683458286
newOrder,19066,1,8110,1683458286
newOrder,11604,0,37008,1683458286
newOrder,24999,1,37008,1683458286
cancel,11604,,,1683458860
cancel,17932,,,1683458860
cancel,19066,,,1683458860
cancel,24999,,,1683458860
newOrder,17931,0,8111,1683458888
newOrder,19066,1,8111,1683458888
newOrder,10758,0,41048,1683458888
newOrder,24999,1,41048,1683458888
cancel,10758,,,1683459460
cancel,17931,,,1683459460
cancel,19066,,,1683459460
cancel,24999,,,1683459460
newOrder,17932,0,8112,1683459488
newOrder,19066,1,8112,1683459488
newOrder,12011,0,16216,1683459488
newOrder,24957,1,16216,1683459488
cancel,12011,,,1683460060
cancel,17932,,,1683460060
cancel,19066,,,1683460060
cancel,24957,,,1683460060
newOrder,17933,0,8113,1683460087
newOrder,19066,1,8113,1683460087
newOrder,12012,0,13484,1683460087
newOrder,24957,1,13484,1683460087
cancel,12012,,,1683460660
cancel,17933,,,1683460660
cancel,19066,,,1683460660
cancel,24957,,,1683460660
newOrder,17931,0,8113,1683460687
newOrder,19066,1,8113,1683460687
newOrder,10758,0,38776,1683460687
newOrder,24999,1,38776,1683460687
cancel,10758,,,1683461260
cancel,17931,,,1683461260
cancel,19066,,,1683461260
cancel,24999,,,1683461260
newOrder,17931,0,8114,1683461287
newOrder,19066,1,8114,1683461287
newOrder,11604,0,32088,1683461287
newOrder,24957,1,32088,1683461287