instruction,price,side,qty,time
cancel,11833,,,1676290394
cancel,19722,,,1676290394
cancel,20203,,,1676290394
cancel,24999,,,1676290394
newOrder,19722,0,27573,1676290399
newOrder,20203,1,27573,1676290399
newOrder,11833,0,110292,1676290399
newOrder,24999,1,110292,1676290399
cancel,11833,,,1676290993
cancel,19722,,,1676290993
cancel,20203,,,1676290993
cancel,24999,,,1676290993
newOrder,19722,0,27576,1676290999
newOrder,20203,1,27576,1676290999
newOrder,11833,0,110304,1676290999
newOrder,24999,1,110304,1676290999
cancel,11833,,,1676291592
cancel,19722,,,1676291592
cancel,20203,,,1676291592
cancel,24999,,,1676291592
newOrder,19722,0,27579,1676291599
newOrder,20203,1,27579,1676291599
newOrder,11833,0,110317,1676291599
newOrder,24999,1,110317,1676291599
cancel,11833,,,1676292193
cancel,19722,,,1676292193
cancel,20203,,,1676292193
cancel,24999,,,1676292193
newOrder,19722,0,27583,1676292199
newOrder,20203,1,27583,1676292199
newOrder,11833,0,110333,1676292199
newOrder,24999,1,110333,1676292199
cancel,11833,,,1676292793
cancel,19722,,,1676292793
cancel,20203,,,1676292793
cancel,24999,,,1676292793
newOrder,19722,0,27586,1676292799
newOrder,20203,1,27586,1676292799
newOrder,11833,0,110346,1676292799
newOrder,24999,1,110346,1676292799
cancel,11833,,,1676293393
cancel,19722,,,1676293393
cancel,20203,,,1676293393
cancel,24999,,,1676293393
newOrder,19577,0,27941,1676293399
newOrder,20203,1,27941,1676293399
newOrder,11746,0,111766,1676293399
newOrder,24999,1,111766,1676293399
cancel,11746,,,1676293993
cancel,19577,,,1676293993
cancel,20203,,,1676293993
cancel,24999,,,1676293993
newOrder,19760,0,27497,1676293999
newOrder,20203,1,27497,1676293999
newOrder,11856,0,109989,1676293999
newOrder,24999,1,109989,1676293999
cancel,11856,,,1676294593
cancel,19760,,,1676294593
cancel,20203,,,1676294593
cancel,24999,,,1676294593
newOrder,19662,0,27742,1676294599
newOrder,20203,1,27742,1676294599
newOrder,11797,0,110967,1676294599
newOrder,24999,1,110967,1676294599
cancel,11797,,,1676295193
cancel,19662,,,1676295193
cancel,20203,,,1676295193
cancel,24999,,,1676295193
newOrder,19662,0,27745,1676295201
newOrder,20203,1,27745,1676295201
newOrder,11797,0,110980,1676295201
newOrder,24999,1,110980,1676295201
cancel,11797,,,1676295793
cancel,19662,,,1676295793
cancel,20203,,,1676295793
cancel,24999,,,1676295793
newOrder,19662,0,27748,1676295801
newOrder,20203,1,27748,1676295801
newOrder,11797,0,110993,1676295801
newOrder,24999,1,110993,1676295801
cancel,11797,,,1676296393
cancel,19662,,,1676296393
cancel,20203,,,1676296393
cancel,24999,,,1676296393
newOrder,19662,0,27751,1676296399
newOrder,20203,1,27751,1676296399
newOrder,11797,0,111005,1676296399
newOrder,24999,1,111005,1676296399
cancel,11797,,,1676296993
cancel,19662,,,1676296993
cancel,20203,,,1676296993
cancel,24999,,,1676296993
newOrder,19633,0,27826,1676297000
newOrder,20203,1,27826,1676297000
newOrder,11780,0,111304,1676297000
newOrder,24999,1,111304,1676297000
cancel,11780,,,1676297590
cancel,19633,,,1676297590
cancel,20203,,,1676297590
cancel,24999,,,1676297590
newOrder,19662,0,27758,1676297603
newOrder,20203,1,27758,1676297603
newOrder,11797,0,111030,1676297603
newOrder,24999,1,111030,1676297603
cancel,11797,,,1676298192
cancel,19662,,,1676298192
cancel,20203,,,1676298192
cancel,24999,,,1676298192
newOrder,19633,0,27832,1676298199
newOrder,20203,1,27832,1676298199
newOrder,11780,0,111328,1676298199
newOrder,24999,1,111328,1676298199
cancel,11780,,,1676298793
cancel,19633,,,1676298793
cancel,20203,,,1676298793
cancel,24999,,,1676298793
newOrder,19662,0,27764,1676298800
newOrder,20203,1,27764,1676298800
newOrder,11797,0,111056,1676298800
newOrder,24999,1,111056,1676298800
cancel,11797,,,1676299392
cancel,19662,,,1676299392
cancel,20203,,,1676299392
cancel,24999,,,1676299392
newOrder,19662,0,27767,1676299402
newOrder,20203,1,27767,1676299402
newOrder,11797,0,111068,1676299402
newOrder,24999,1,111068,1676299402
cancel,11797,,,1676299992
cancel,19662,,,1676299992
cancel,20203,,,1676299992
cancel,24999,,,1676299992
newOrder,19662,0,27770,1676300005
newOrder,20203,1,27770,1676300005
newOrder,11797,0,111081,1676300005
newOrder,24999,1,111081,1676300005
cancel,11797,,,1676300594
cancel,19662,,,1676300594
cancel,20203,,,1676300594
cancel,24999,,,1676300594
newOrder,19662,0,27773,1676300599
newOrder,20203,1,27773,1676300599
newOrder,11797,0,111093,1676300599
newOrder,24999,1,111093,1676300599
cancel,11797,,,1676301193
cancel,19662,,,1676301193
cancel,20203,,,1676301193
cancel,24999,,,1676301193
newOrder,19665,0,27770,1676301201
newOrder,20203,1,27770,1676301201
newOrder,11799,0,111079,1676301201
newOrder,24999,1,111079,1676301201
cancel,11799,,,1676301794
cancel,19665,,,1676301794
cancel,20203,,,1676301794
cancel,24999,,,1676301794
newOrder,19665,0,27773,1676301799
newOrder,20203,1,27773,1676301799
newOrder,11799,0,111092,1676301799
newOrder,24999,1,111092,1676301799
cancel,11799,,,1676302393
cancel,19665,,,1676302393
cancel,20203,,,1676302393
cancel,24999,,,1676302393
newOrder,19665,0,27776,1676302399
newOrder,20203,1,27776,1676302399
newOrder,11799,0,111104,1676302399
newOrder,24999,1,111104,1676302399
cancel,11799,,,1676302994
cancel,19665,,,1676302994
cancel,20203,,,1676302994
cancel,24999,,,1676302994
newOrder,19665,0,27779,1676303002
newOrder,20203,1,27779,1676303002
newOrder,11799,0,111117,1676303002
newOrder,24999,1,111117,1676303002
cancel,11799,,,1676303592
cancel,19665,,,1676303592
cancel,20203,,,1676303592
cancel,24999,,,1676303592
newOrder,19665,0,27782,1676303599
newOrder,20203,1,27782,1676303599
newOrder,11799,0,111129,1676303599
newOrder,24999,1,111129,1676303599
cancel,11799,,,1676304193
cancel,19665,,,1676304193
cancel,20203,,,1676304193
cancel,24999,,,1676304193
newOrder,19665,0,27786,1676304200
newOrder,20203,1,27786,1676304200
newOrder,11799,0,111142,1676304200
newOrder,24999,1,111142,1676304200
cancel,11799,,,1676304792
cancel,19665,,,1676304792
cancel,20203,,,1676304792
cancel,24999,,,1676304792
newOrder,19665,0,27789,1676304799
newOrder,20203,1,27789,1676304799
newOrder,11799,0,111155,1676304799
newOrder,24999,1,111155,1676304799
cancel,11799,,,1676305393
cancel,19665,,,1676305393
cancel,20203,,,1676305393
cancel,24999,,,1676305393
newOrder,19665,0,27792,1676305399
newOrder,20203,1,27792,1676305399
newOrder,11799,0,111167,1676305399
newOrder,24999,1,111167,1676305399
cancel,11799,,,1676305994
cancel,19665,,,1676305994
cancel,20203,,,1676305994
cancel,24999,,,1676305994
newOrder,19665,0,27795,1676306000
newOrder,20203,1,27795,1676306000
newOrder,11799,0,111180,1676306000
newOrder,24999,1,111180,1676306000
cancel,11799,,,1676306593
cancel,19665,,,1676306593
cancel,20203,,,1676306593
cancel,24999,,,1676306593
newOrder,19665,0,27798,1676306601
newOrder,20203,1,27798,1676306601
newOrder,11799,0,111193,1676306601
newOrder,24999,1,111193,1676306601
cancel,11799,,,1676307193
cancel,19665,,,1676307193
cancel,20203,,,1676307193
cancel,24999,,,1676307193
newOrder,19665,0,27801,1676307199
newOrder,20203,1,27801,1676307199
newOrder,11799,0,111205,1676307199
newOrder,24999,1,111205,1676307199
cancel,11799,,,1676307793
cancel,19665,,,1676307793
cancel,20203,,,1676307793
cancel,24999,,,1676307793
newOrder,19665,0,27805,1676307799
newOrder,20203,1,27805,1676307799
newOrder,11799,0,111218,1676307799
newOrder,24999,1,111218,1676307799
cancel,11799,,,1676308393
cancel,19665,,,1676308393
cancel,20203,,,1676308393
cancel,24999,,,1676308393
newOrder,19636,0,27878,1676308400
newOrder,20203,1,27878,1676308400
newOrder,11782,0,111514,1676308400
newOrder,24999,1,111514,1676308400
cancel,11782,,,1676308993
cancel,19636,,,1676308993
cancel,20203,,,1676308993
cancel,24999,,,1676308993
newOrder,19665,0,27811,1676308999
newOrder,20203,1,27811,1676308999
newOrder,11799,0,111243,1676308999
newOrder,24999,1,111243,1676308999
cancel,11799,,,1676309593
cancel,19665,,,1676309593
cancel,20203,,,1676309593
cancel,24999,,,1676309593
newOrder,19665,0,27814,1676309599
newOrder,20203,1,27814,1676309599
newOrder,11799,0,111256,1676309599
newOrder,24999,1,111256,1676309599
cancel,11799,,,1676310192
cancel,19665,,,1676310192
cancel,20203,,,1676310192
cancel,24999,,,1676310192
newOrder,19665,0,27817,1676310200
newOrder,20203,1,27817,1676310200
newOrder,11799,0,111269,1676310200
newOrder,24999,1,111269,1676310200
cancel,11799,,,1676310792
cancel,19665,,,1676310792
cancel,20203,,,1676310792
cancel,24999,,,1676310792
newOrder,19665,0,27820,1676310799
newOrder,20203,1,27820,1676310799
newOrder,11799,0,111281,1676310799
newOrder,24999,1,111281,1676310799
cancel,11799,,,1676311394
cancel,19665,,,1676311394
cancel,20203,,,1676311394
cancel,24999,,,1676311394
newOrder,19665,0,27824,1676311400
newOrder,20203,1,27824,1676311400
newOrder,11799,0,111294,1676311400
newOrder,24999,1,111294,1676311400
cancel,11799,,,1676311993
cancel,19665,,,1676311993
cancel,20203,,,1676311993
cancel,24999,,,1676311993
newOrder,19665,0,27827,1676312000
newOrder,20203,1,27827,1676312000
newOrder,11799,0,111307,1676312000
newOrder,24999,1,111307,1676312000
cancel,11799,,,1676312593
cancel,19665,,,1676312593
cancel,20203,,,1676312593
cancel,24999,,,1676312593
newOrder,19665,0,27830,1676312600
newOrder,20203,1,27830,1676312600
newOrder,11799,0,111320,1676312600
newOrder,24999,1,111320,1676312600
cancel,11799,,,1676313196
cancel,19665,,,1676313196
cancel,20203,,,1676313196
cancel,24999,,,1676313196
newOrder,19778,0,27548,1676313204
newOrder,20203,1,27548,1676313204
newOrder,11867,0,110194,1676313204
newOrder,24999,1,110194,1676313204
cancel,11867,,,1676313792
cancel,19778,,,1676313792
cancel,20203,,,1676313792
cancel,24999,,,1676313792
newOrder,19684,0,27790,1676313801
newOrder,20203,1,27790,1676313801
newOrder,11810,0,111160,1676313801
newOrder,24999,1,111160,1676313801
cancel,11810,,,1676314393
cancel,19684,,,1676314393
cancel,20203,,,1676314393
cancel,24999,,,1676314393
newOrder,19654,0,27866,1676314400
newOrder,20203,1,27866,1676314400
newOrder,11792,0,111465,1676314400
newOrder,24999,1,111465,1676314400
cancel,11792,,,1676314993
cancel,19654,,,1676314993
cancel,20203,,,1676314993
cancel,24999,,,1676314993
newOrder,19684,0,27796,1676315001
newOrder,20203,1,27796,1676315001
newOrder,11810,0,111185,1676315001
newOrder,24999,1,111185,1676315001
cancel,11810,,,1676315136
cancel,19684,,,1676315136
cancel,20203,,,1676315136
cancel,24999,,,1676315136
newOrder,19706,0,27382,1676315145
newOrder,20180,1,27382,1676315145
newOrder,11824,0,109529,1676315145
newOrder,24999,1,109529,1676315145
cancel,11824,,,1676315767
cancel,19706,,,1676315767
cancel,20180,,,1676315767
cancel,24999,,,1676315767
newOrder,19677,0,27469,1676315774
newOrder,20180,1,27469,1676315774
newOrder,11806,0,109876,1676315774
newOrder,24999,1,109876,1676315774
cancel,11806,,,1676316366
cancel,19677,,,1676316366
cancel,20180,,,1676316366
cancel,24999,,,1676316366
newOrder,19706,0,27388,1676316373
newOrder,20180,1,27388,1676316373
newOrder,11824,0,109552,1676316373
newOrder,24999,1,109552,1676316373
cancel,11824,,,1676316966
cancel,19706,,,1676316966
cancel,20180,,,1676316966
cancel,24999,,,1676316966
newOrder,19706,0,27391,1676316974
newOrder,20180,1,27391,1676316974
newOrder,11824,0,109564,1676316974
cancel,11824,,,1676317569
cancel,19706,,,1676317569
cancel,20180,,,1676317569
newOrder,19677,0,27478,1676317577
newOrder,20180,1,27478,1676317577
newOrder,11806,0,109911,1676317577
newOrder,24999,1,109911,1676317577
cancel,11806,,,1676318170
cancel,19677,,,1676318170
cancel,20180,,,1676318170
cancel,24999,,,1676318170
newOrder,19706,0,27397,1676318176
newOrder,20180,1,27397,1676318176
newOrder,11824,0,109587,1676318176
newOrder,24999,1,109587,1676318176
cancel,11824,,,1676318765
cancel,19706,,,1676318765
cancel,20180,,,1676318765
cancel,24999,,,1676318765
newOrder,19706,0,27400,1676318771
newOrder,20180,1,27400,1676318771
newOrder,11824,0,109598,1676318771
newOrder,24999,1,109598,1676318771
cancel,11824,,,1676319368
cancel,19706,,,1676319368
cancel,20180,,,1676319368
cancel,24999,,,1676319368
newOrder,19678,0,27484,1676319377
newOrder,20180,1,27484,1676319377
newOrder,11807,0,109937,1676319377
newOrder,24999,1,109937,1676319377
cancel,11807,,,1676319966
cancel,19678,,,1676319966
cancel,20180,,,1676319966
cancel,24999,,,1676319966
newOrder,19706,0,27405,1676319974
newOrder,20180,1,27405,1676319974
newOrder,11824,0,109621,1676319974
newOrder,24999,1,109621,1676319974
cancel,11824,,,1676321165
cancel,19706,,,1676321165
cancel,20180,,,1676321165
cancel,24999,,,1676321165
newOrder,19706,0,27411,1676321199
newOrder,20180,1,27411,1676321199
newOrder,11824,0,109645,1676321199
newOrder,24999,1,109645,1676321199
cancel,11824,,,1676321765
cancel,19706,,,1676321765
cancel,20180,,,1676321765
cancel,24999,,,1676321765
newOrder,19677,0,27497,1676321772
newOrder,20180,1,27497,1676321772
newOrder,11806,0,109990,1676321772
newOrder,24999,1,109990,1676321772
cancel,11806,,,1676322366
cancel,19677,,,1676322366
cancel,20180,,,1676322366
cancel,24999,,,1676322366
newOrder,19675,0,27505,1676322374
newOrder,20180,1,27505,1676322374
newOrder,11805,0,110019,1676322374
newOrder,24999,1,110019,1676322374
cancel,11805,,,1676322965
cancel,19675,,,1676322965
cancel,20180,,,1676322965
cancel,24999,,,1676322965
newOrder,19676,0,27506,1676322971
newOrder,20180,1,27506,1676322971
newOrder,11806,0,110022,1676322971
newOrder,24999,1,110022,1676322971
cancel,11806,,,1676323597
cancel,19676,,,1676323597
cancel,20180,,,1676323597
cancel,24999,,,1676323597
newOrder,19705,0,27427,1676323633
newOrder,20180,1,27427,1676323633
newOrder,11823,0,109708,1676323633
newOrder,24999,1,109708,1676323633
cancel,11823,,,1676324165
cancel,19705,,,1676324165
cancel,20180,,,1676324165
cancel,24999,,,1676324165
newOrder,19675,0,27517,1676324772
newOrder,20180,1,27517,1676324772
newOrder,11805,0,110066,1676324772
newOrder,24999,1,110066,1676324772
cancel,11805,,,1676325367
cancel,19675,,,1676325367
cancel,20180,,,1676325367
cancel,24999,,,1676325367
newOrder,19675,0,27520,1676325379
newOrder,20180,1,27520,1676325379
newOrder,11805,0,110078,1676325379
newOrder,24999,1,110078,1676325379
cancel,11805,,,1676325965
cancel,19675,,,1676325965
cancel,20180,,,1676325965
cancel,24999,,,1676325965
newOrder,19676,0,27521,1676325973
newOrder,20180,1,27521,1676325973
newOrder,11806,0,110084,1676325973
newOrder,24999,1,110084,1676325973
cancel,11806,,,1676326565
cancel,19676,,,1676326565
cancel,20180,,,1676326565
cancel,24999,,,1676326565
newOrder,19675,0,27525,1676326572
newOrder,20180,1,27525,1676326572
newOrder,11805,0,110102,1676326572
newOrder,24999,1,110102,1676326572
cancel,11805,,,1676327165
cancel,19675,,,1676327165
cancel,20180,,,1676327165
cancel,24999,,,1676327165
newOrder,19675,0,27528,1676327173
newOrder,20180,1,27528,1676327173
newOrder,11805,0,110113,1676327173
newOrder,24999,1,110113,1676327173
cancel,11805,,,1676327768
cancel,19675,,,1676327768
cancel,20180,,,1676327768
cancel,24999,,,1676327768
newOrder,19705,0,27447,1676327776
newOrder,20180,1,27447,1676327776
newOrder,11823,0,109788,1676327776
newOrder,24999,1,109788,1676327776
cancel,11823,,,1676328366
cancel,19705,,,1676328366
cancel,20180,,,1676328366
cancel,24999,,,1676328366
newOrder,19705,0,27450,1676328374
newOrder,20180,1,27450,1676328374
newOrder,11823,0,109799,1676328374
newOrder,24999,1,109799,1676328374
cancel,11823,,,1676328965
cancel,19705,,,1676328965
cancel,20180,,,1676328965
cancel,24999,,,1676328965
newOrder,19705,0,27453,1676328974
newOrder,20180,1,27453,1676328974
newOrder,11823,0,109811,1676328974
newOrder,24999,1,109811,1676328974
cancel,11823,,,1676330166
cancel,19705,,,1676330166
cancel,20180,,,1676330166
cancel,24999,,,1676330166
newOrder,19675,0,27543,1676330173
newOrder,20180,1,27543,1676330173
newOrder,11805,0,110172,1676330173
newOrder,24999,1,110172,1676330173
cancel,11805,,,1676330765
cancel,19675,,,1676330765
cancel,20180,,,1676330765
cancel,24999,,,1676330765
newOrder,19656,0,27602,1676330772
newOrder,20180,1,27602,1676330772
newOrder,11794,0,110407,1676330772
newOrder,24999,1,110407,1676330772
cancel,11794,,,1676331365
cancel,19656,,,1676331365
cancel,20180,,,1676331365
cancel,24999,,,1676331365
newOrder,19657,0,27603,1676331372
newOrder,20180,1,27603,1676331372
newOrder,11794,0,110413,1676331372
newOrder,24999,1,110413,1676331372
cancel,11794,,,1676331965
cancel,19657,,,1676331965
cancel,20180,,,1676331965
cancel,24999,,,1676331965
newOrder,19656,0,27608,1676331973
newOrder,20180,1,27608,1676331973
newOrder,11794,0,110430,1676331973
newOrder,24999,1,110430,1676331973
cancel,11794,,,1676332565
cancel,19656,,,1676332565
cancel,20180,,,1676332565
cancel,24999,,,1676332565
newOrder,19656,0,27611,1676332574
newOrder,20180,1,27611,1676332574
newOrder,11794,0,110442,1676332574
newOrder,24999,1,110442,1676332574
cancel,11794,,,1676333200
cancel,19656,,,1676333200
cancel,20180,,,1676333200
cancel,24999,,,1676333200
newOrder,19655,0,27618,1676333283
newOrder,20180,1,27618,1676333283
newOrder,11793,0,110473,1676333283
newOrder,24999,1,110473,1676333283
cancel,11793,,,1676333765
cancel,19655,,,1676333765
cancel,20180,,,1676333765
cancel,24999,,,1676333765
newOrder,19657,0,27615,1676333772
newOrder,20180,1,27615,1676333772
newOrder,11794,0,110460,1676333772
newOrder,24999,1,110460,1676333772
cancel,11794,,,1676334369
cancel,19657,,,1676334369
cancel,20180,,,1676334369
cancel,24999,,,1676334369
newOrder,19654,0,27625,1676334377
newOrder,20180,1,27625,1676334377
newOrder,11792,0,110501,1676334377
newOrder,24999,1,110501,1676334377
cancel,11792,,,1676334965
cancel,19654,,,1676334965
cancel,20180,,,1676334965
cancel,24999,,,1676334965
newOrder,19656,0,27622,1676334972
newOrder,20180,1,27622,1676334972
newOrder,11794,0,110490,1676334972
newOrder,24999,1,110490,1676334972
cancel,11794,,,1676335566
cancel,19656,,,1676335566
cancel,20180,,,1676335566
cancel,24999,,,1676335566
newOrder,19656,0,27625,1676335577
newOrder,20180,1,27625,1676335577
newOrder,11794,0,110502,1676335577
newOrder,24999,1,110502,1676335577
cancel,11794,,,1676336167
cancel,19656,,,1676336167
cancel,20180,,,1676336167
cancel,24999,,,1676336167
newOrder,19656,0,27628,1676336174
newOrder,20180,1,27628,1676336174
newOrder,11794,0,110514,1676336174
newOrder,24999,1,110514,1676336174
cancel,11794,,,1676336766
cancel,19656,,,1676336766
cancel,20180,,,1676336766
cancel,24999,,,1676336766
newOrder,19656,0,27631,1676336774
newOrder,20180,1,27631,1676336774
newOrder,11794,0,110526,1676336774
newOrder,24999,1,110526,1676336774
cancel,11794,,,1676337366
cancel,19656,,,1676337366
cancel,20180,,,1676337366
cancel,24999,,,1676337366
newOrder,19653,0,27644,1676337372
newOrder,20180,1,27644,1676337372
newOrder,11792,0,110577,1676337372
newOrder,24999,1,110577,1676337372
cancel,11792,,,1676337966
cancel,19653,,,1676337966
cancel,20180,,,1676337966
cancel,24999,,,1676337966
newOrder,19655,0,27642,1676337973
newOrder,20180,1,27642,1676337973
newOrder,11793,0,110566,1676337973
newOrder,24999,1,110566,1676337973
cancel,11793,,,1676338567
cancel,19655,,,1676338567
cancel,20180,,,1676338567
cancel,24999,,,1676338567
newOrder,19656,0,27640,1676338573
newOrder,20180,1,27640,1676338573
newOrder,11794,0,110561,1676338573
newOrder,24999,1,110561,1676338573
cancel,11794,,,1676339165
cancel,19656,,,1676339165
cancel,20180,,,1676339165
cancel,24999,,,1676339165
newOrder,19655,0,27646,1676339172
newOrder,20180,1,27646,1676339172
newOrder,11793,0,110583,1676339172
newOrder,24999,1,110583,1676339172
cancel,11793,,,1676339766
cancel,19655,,,1676339766
cancel,20180,,,1676339766
cancel,24999,,,1676339766
newOrder,19655,0,27650,1676339773
newOrder,20180,1,27650,1676339773
newOrder,11793,0,110599,1676339773
newOrder,24999,1,110599,1676339773
cancel,11793,,,1676340366
cancel,19655,,,1676340366
cancel,20180,,,1676340366
cancel,24999,,,1676340366
newOrder,19657,0,27648,1676340372
newOrder,20180,1,27648,1676340372
newOrder,11794,0,110591,1676340372
newOrder,24999,1,110591,1676340372
cancel,11794,,,1676340966
cancel,19657,,,1676340966
cancel,20180,,,1676340966
cancel,24999,,,1676340966
newOrder,19656,0,27653,1676340972
newOrder,20180,1,27653,1676340972
newOrder,11794,0,110611,1676340972
newOrder,24999,1,110611,1676340972
cancel,11794,,,1676341565
cancel,19656,,,1676341565
cancel,20180,,,1676341565
cancel,24999,,,1676341565
newOrder,19656,0,27655,1676341571
newOrder,20180,1,27655,1676341571
newOrder,11794,0,110621,1676341571
newOrder,24999,1,110621,1676341571
cancel,11794,,,1676342166
cancel,19656,,,1676342166
cancel,20180,,,1676342166
cancel,24999,,,1676342166
newOrder,19656,0,27658,1676342174
newOrder,20180,1,27658,1676342174
newOrder,11794,0,110633,1676342174
newOrder,24999,1,110633,1676342174
cancel,11794,,,1676342766
cancel,19656,,,1676342766
cancel,20180,,,1676342766
cancel,24999,,,1676342766
newOrder,19657,0,27660,1676342772
newOrder,20180,1,27660,1676342772
newOrder,11794,0,110639,1676342772
newOrder,24999,1,110639,1676342772
cancel,11794,,,1676343366
cancel,19657,,,1676343366
cancel,20180,,,1676343366
cancel,24999,,,1676343366
newOrder,19655,0,27668,1676343372
newOrder,20180,1,27668,1676343372
newOrder,11793,0,110670,1676343372
newOrder,24999,1,110670,1676343372
cancel,11793,,,1676343965
cancel,19655,,,1676343965
cancel,20180,,,1676343965
cancel,24999,,,1676343965
newOrder,19657,0,27666,1676343971
newOrder,20180,1,27666,1676343971
newOrder,11794,0,110663,1676343971
newOrder,24999,1,110663,1676343971
cancel,11794,,,1676344566
cancel,19657,,,1676344566
cancel,20180,,,1676344566
cancel,24999,,,1676344566
newOrder,19656,0,27670,1676344573
newOrder,20180,1,27670,1676344573
newOrder,11794,0,110682,1676344573
newOrder,24999,1,110682,1676344573
cancel,11794,,,1676345166
cancel,19656,,,1676345166
cancel,20180,,,1676345166
cancel,24999,,,1676345166
newOrder,19657,0,27672,1676345171
newOrder,20180,1,27672,1676345171
newOrder,11794,0,110687,1676345171
newOrder,24999,1,110687,1676345171
cancel,11794,,,1676345766
cancel,19657,,,1676345766
cancel,20180,,,1676345766
cancel,24999,,,1676345766
newOrder,19656,0,27676,1676345772
newOrder,20180,1,27676,1676345772
newOrder,11794,0,110705,1676345772
newOrder,24999,1,110705,1676345772
cancel,11794,,,1676346366
cancel,19656,,,1676346366
cancel,20180,,,1676346366
cancel,24999,,,1676346366
newOrder,19656,0,27679,1676346372
newOrder,20180,1,27679,1676346372
newOrder,11794,0,110717,1676346372
newOrder,24999,1,110717,1676346372
cancel,11794,,,1676346966
cancel,19656,,,1676346966
cancel,20180,,,1676346966
cancel,24999,,,1676346966
newOrder,19657,0,27681,1676346972
newOrder,20180,1,27681,1676346972
newOrder,11794,0,110723,1676346972
newOrder,24999,1,110723,1676346972
cancel,11794,,,1676347564
cancel,19657,,,1676347564
cancel,20180,,,1676347564
cancel,24999,,,1676347564
newOrder,19640,0,27733,1676347572
newOrder,20180,1,27733,1676347572
newOrder,11784,0,110930,1676347572
newOrder,24999,1,110930,1676347572
cancel,11784,,,1676348165
cancel,19640,,,1676348165
cancel,20180,,,1676348165
cancel,24999,,,1676348165
newOrder,19638,0,27740,1676348172
newOrder,20180,1,27740,1676348172
newOrder,11783,0,110961,1676348172
newOrder,24999,1,110961,1676348172
cancel,11783,,,1676348766
cancel,19638,,,1676348766
cancel,20180,,,1676348766
cancel,24999,,,1676348766
newOrder,19639,0,27740,1676348772
newOrder,20180,1,27740,1676348772
newOrder,11784,0,110960,1676348772
newOrder,24999,1,110960,1676348772
cancel,11784,,,1676349365
cancel,19639,,,1676349365
cancel,20180,,,1676349365
cancel,24999,,,1676349365
newOrder,19640,0,27742,1676349371
newOrder,20180,1,27742,1676349371
newOrder,11784,0,110966,1676349371
newOrder,24999,1,110966,1676349371
cancel,11784,,,1676349964
cancel,19640,,,1676349964
cancel,20180,,,1676349964
cancel,24999,,,1676349964
newOrder,19638,0,27749,1676349972
newOrder,20180,1,27749,1676349972
newOrder,11783,0,110998,1676349972
newOrder,24999,1,110998,1676349972
cancel,11783,,,1676350566
cancel,19638,,,1676350566
cancel,20180,,,1676350566
cancel,24999,,,1676350566
newOrder,19639,0,27749,1676350572
newOrder,20180,1,27749,1676350572
newOrder,11784,0,110996,1676350572
newOrder,24999,1,110996,1676350572
cancel,11784,,,1676351165
cancel,19639,,,1676351165
cancel,20180,,,1676351165
cancel,24999,,,1676351165
newOrder,19639,0,27754,1676351173
newOrder,20180,1,27754,1676351173
newOrder,11783,0,111015,1676351173
newOrder,24999,1,111015,1676351173
cancel,11783,,,1676351766
cancel,19639,,,1676351766
cancel,20180,,,1676351766
cancel,24999,,,1676351766
newOrder,19639,0,27757,1676351774
newOrder,20180,1,27757,1676351774
newOrder,11783,0,111027,1676351774
newOrder,24999,1,111027,1676351774
cancel,11783,,,1676352364
cancel,19639,,,1676352364
cancel,20180,,,1676352364
cancel,24999,,,1676352364
newOrder,19640,0,27757,1676352370
newOrder,20180,1,27757,1676352370
newOrder,11784,0,111027,1676352370
newOrder,24999,1,111027,1676352370
cancel,11784,,,1676352965
cancel,19640,,,1676352965
cancel,20180,,,1676352965
cancel,24999,,,1676352965
newOrder,19639,0,27761,1676352972
newOrder,20180,1,27761,1676352972
newOrder,11784,0,111045,1676352972
newOrder,24999,1,111045,1676352972
cancel,11784,,,1676353566
cancel,19639,,,1676353566
cancel,20180,,,1676353566
cancel,24999,,,1676353566
newOrder,19640,0,27763,1676353572
newOrder,20180,1,27763,1676353572
newOrder,11784,0,111051,1676353572
newOrder,24999,1,111051,1676353572
cancel,11784,,,1676354165
cancel,19640,,,1676354165
cancel,20180,,,1676354165
cancel,24999,,,1676354165
newOrder,19639,0,27767,1676354171
newOrder,20180,1,27767,1676354171
newOrder,11784,0,111069,1676354171
newOrder,24999,1,111069,1676354171
cancel,11784,,,1676354766
cancel,19639,,,1676354766
cancel,20180,,,1676354766
cancel,24999,,,1676354766
newOrder,19639,0,27770,1676354772
newOrder,20180,1,27770,1676354772
newOrder,11784,0,111081,1676354772
newOrder,24999,1,111081,1676354772
cancel,11784,,,1676355366
cancel,19639,,,1676355366
cancel,20180,,,1676355366
cancel,24999,,,1676355366
newOrder,19640,0,27772,1676355373
newOrder,20180,1,27772,1676355373
newOrder,11784,0,111087,1676355373
newOrder,24999,1,111087,1676355373
cancel,11784,,,1676355965
cancel,19640,,,1676355965
cancel,20180,,,1676355965
cancel,24999,,,1676355965
newOrder,19639,0,27778,1676355971
newOrder,20180,1,27778,1676355971
newOrder,11783,0,111110,1676355971
newOrder,24999,1,111110,1676355971
cancel,11783,,,1676356566
cancel,19639,,,1676356566
cancel,20180,,,1676356566
cancel,24999,,,1676356566
newOrder,19639,0,27781,1676356572
newOrder,20180,1,27781,1676356572
newOrder,11783,0,111123,1676356572
newOrder,24999,1,111123,1676356572
cancel,11783,,,1676357165
cancel,19639,,,1676357165
cancel,20180,,,1676357165
cancel,24999,,,1676357165
newOrder,19640,0,27781,1676357172
newOrder,20180,1,27781,1676357172
newOrder,11784,0,111124,1676357172
newOrder,24999,1,111124,1676357172
cancel,11784,,,1676357766
cancel,19640,,,1676357766
cancel,20180,,,1676357766
cancel,24999,,,1676357766
newOrder,19640,0,27784,1676357771
newOrder,20180,1,27784,1676357771
newOrder,11784,0,111136,1676357771
newOrder,24999,1,111136,1676357771
cancel,11784,,,1676358365
cancel,19640,,,1676358365
cancel,20180,,,1676358365
cancel,24999,,,1676358365
newOrder,19640,0,27787,1676358371
newOrder,20180,1,27787,1676358371
newOrder,11784,0,111148,1676358371
newOrder,24999,1,111148,1676358371
cancel,11784,,,1676358967
cancel,19640,,,1676358967
cancel,20180,,,1676358967
cancel,24999,,,1676358967
newOrder,19639,0,27791,1676358975
newOrder,20180,1,27791,1676358975
newOrder,11784,0,111166,1676358975
newOrder,24999,1,111166,1676358975
cancel,11784,,,1676359565
cancel,19639,,,1676359565
cancel,20180,,,1676359565
cancel,24999,,,1676359565
newOrder,19639,0,27794,1676359572
newOrder,20180,1,27794,1676359572
newOrder,11784,0,111178,1676359572
newOrder,24999,1,111178,1676359572
cancel,11784,,,1676360165
cancel,19639,,,1676360165
cancel,20180,,,1676360165
cancel,24999,,,1676360165
newOrder,19639,0,27799,1676360171
newOrder,20180,1,27799,1676360171
newOrder,11783,0,111194,1676360171
newOrder,24999,1,111194,1676360171
cancel,11783,,,1676360767
cancel,19639,,,1676360767
cancel,20180,,,1676360767
cancel,24999,,,1676360767
newOrder,19667,0,27718,1676360774
newOrder,20180,1,27718,1676360774
newOrder,11800,0,110874,1676360774
newOrder,24999,1,110874,1676360774
cancel,11800,,,1676361365
cancel,19667,,,1676361365
cancel,20180,,,1676361365
cancel,24999,,,1676361365
newOrder,19638,0,27807,1676361379
newOrder,20180,1,27807,1676361379
newOrder,11783,0,111228,1676361379
newOrder,24999,1,111228,1676361379
cancel,11783,,,1676361966
cancel,19638,,,1676361966
cancel,20180,,,1676361966
cancel,24999,,,1676361966
newOrder,19640,0,27806,1676361976
newOrder,20180,1,27806,1676361976
newOrder,11784,0,111223,1676361976
newOrder,24999,1,111223,1676361976
cancel,11784,,,1676362565
cancel,19640,,,1676362565
cancel,20180,,,1676362565
cancel,24999,,,1676362565
newOrder,19667,0,27727,1676362575
newOrder,20180,1,27727,1676362575
newOrder,11800,0,110910,1676362575
newOrder,24999,1,110910,1676362575
cancel,11800,,,1676363166
cancel,19667,,,1676363166
cancel,20180,,,1676363166
cancel,24999,,,1676363166
newOrder,19638,0,27816,1676363172
newOrder,20180,1,27816,1676363172
newOrder,11783,0,111263,1676363172
newOrder,24999,1,111263,1676363172
cancel,11783,,,1676363767
cancel,19638,,,1676363767
cancel,20180,,,1676363767
cancel,24999,,,1676363767
newOrder,19640,0,27813,1676363781
newOrder,20180,1,27813,1676363781
newOrder,11784,0,111254,1676363781
newOrder,24999,1,111254,1676363781
cancel,11784,,,1676364365
cancel,19640,,,1676364365
cancel,20180,,,1676364365
cancel,24999,,,1676364365
newOrder,19640,0,27817,1676364371
newOrder,20180,1,27817,1676364371
newOrder,11784,0,111270,1676364371
newOrder,24999,1,111270,1676364371
cancel,11784,,,1676364964
cancel,19640,,,1676364964
cancel,20180,,,1676364964
cancel,24999,,,1676364964
newOrder,19640,0,27819,1676364970
newOrder,20180,1,27819,1676364970
newOrder,11784,0,111278,1676364970
newOrder,24999,1,111278,1676364970
cancel,11784,,,1676365566
cancel,19640,,,1676365566
cancel,20180,,,1676365566
cancel,24999,,,1676365566
newOrder,19640,0,27822,1676365571
newOrder,20180,1,27822,1676365571
newOrder,11784,0,111287,1676365571
newOrder,24999,1,111287,1676365571
cancel,11784,,,1676366166
cancel,19640,,,1676366166
cancel,20180,,,1676366166
cancel,24999,,,1676366166
newOrder,19640,0,27825,1676366173
newOrder,20180,1,27825,1676366173
newOrder,11784,0,111299,1676366173
newOrder,24999,1,111299,1676366173
cancel,11784,,,1676366766
cancel,19640,,,1676366766
cancel,20180,,,1676366766
cancel,24999,,,1676366766
newOrder,19640,0,27829,1676366772
newOrder,20180,1,27829,1676366772
newOrder,11784,0,111314,1676366772
newOrder,24999,1,111314,1676366772
cancel,11784,,,1676367365
cancel,19640,,,1676367365
cancel,20180,,,1676367365
cancel,24999,,,1676367365
newOrder,19639,0,27834,1676367371
newOrder,20180,1,27834,1676367371
newOrder,11784,0,111335,1676367371
newOrder,24999,1,111335,1676367371
cancel,11784,,,1676367966
cancel,19639,,,1676367966
cancel,20180,,,1676367966
cancel,24999,,,1676367966
newOrder,19639,0,27837,1676367973
newOrder,20180,1,27837,1676367973
newOrder,11784,0,111348,1676367973
newOrder,24999,1,111348,1676367973
cancel,11784,,,1676368566
cancel,19639,,,1676368566
cancel,20180,,,1676368566
cancel,24999,,,1676368566
newOrder,19667,0,27758,1676368574
newOrder,20180,1,27758,1676368574
newOrder,11800,0,111030,1676368574
newOrder,24999,1,111030,1676368574
cancel,11800,,,1676369165
cancel,19667,,,1676369165
cancel,20180,,,1676369165
cancel,24999,,,1676369165
newOrder,19640,0,27842,1676369172
newOrder,20180,1,27842,1676369172
newOrder,11784,0,111369,1676369172
newOrder,24999,1,111369,1676369172
cancel,11784,,,1676369765
cancel,19640,,,1676369765
cancel,20180,,,1676369765
cancel,24999,,,1676369765
newOrder,19667,0,27764,1676369771
newOrder,20180,1,27764,1676369771
newOrder,11800,0,111054,1676369771
newOrder,24999,1,111054,1676369771
cancel,11800,,,1676370365
cancel,19667,,,1676370365
cancel,20180,,,1676370365
cancel,24999,,,1676370365
newOrder,19820,0,27235,1676370372
newOrder,20202,1,27235,1676370372
newOrder,11892,0,108942,1676370372
newOrder,24999,1,108942,1676370372
cancel,11892,,,1676370965
cancel,19820,,,1676370965
cancel,20202,,,1676370965
cancel,24999,,,1676370965
newOrder,19820,0,27238,1676370972
newOrder,20202,1,27238,1676370972
newOrder,11892,0,108953,1676370972
newOrder,24999,1,108953,1676370972
cancel,11892,,,1676371566
cancel,19820,,,1676371566
cancel,20202,,,1676371566
cancel,24999,,,1676371566
newOrder,19820,0,27241,1676371572
newOrder,20202,1,27241,1676371572
newOrder,11892,0,108964,1676371572
newOrder,24999,1,108964,1676371572
cancel,11892,,,1676372165
cancel,19820,,,1676372165
cancel,20202,,,1676372165
cancel,24999,,,1676372165
newOrder,19820,0,27244,1676372172
newOrder,20202,1,27244,1676372172
newOrder,11892,0,108975,1676372172
newOrder,24999,1,108975,1676372172
cancel,11892,,,1676372766
cancel,19820,,,1676372766
cancel,20202,,,1676372766
cancel,24999,,,1676372766
newOrder,19820,0,27247,1676372772
newOrder,20202,1,27247,1676372772
newOrder,11892,0,108986,1676372772
newOrder,24999,1,108986,1676372772
cancel,11892,,,1676373365
cancel,19820,,,1676373365
cancel,20202,,,1676373365
cancel,24999,,,1676373365
newOrder,19820,0,27249,1676373373
newOrder,20202,1,27249,1676373373
newOrder,11892,0,108997,1676373373
newOrder,24999,1,108997,1676373373
cancel,11892,,,1676373966
cancel,19820,,,1676373966
cancel,20202,,,1676373966
cancel,24999,,,1676373966
newOrder,19820,0,27252,1676373976
newOrder,20202,1,27252,1676373976
newOrder,11892,0,109008,1676373976
newOrder,24999,1,109008,1676373976
cancel,11892,,,1676374565
cancel,19820,,,1676374565
cancel,20202,,,1676374565
cancel,24999,,,1676374565
newOrder,19820,0,27255,1676374573
newOrder,20202,1,27255,1676374573
newOrder,11892,0,109019,1676374573
newOrder,24999,1,109019,1676374573
cancel,11892,,,1676375165
cancel,19820,,,1676375165
cancel,20202,,,1676375165
cancel,24999,,,1676375165
newOrder,19820,0,27258,1676375171
newOrder,20202,1,27258,1676375171
newOrder,11892,0,109030,1676375171
newOrder,24999,1,109030,1676375171
cancel,11892,,,1676375766
cancel,19820,,,1676375766
cancel,20202,,,1676375766
cancel,24999,,,1676375766
newOrder,19820,0,27260,1676375772
newOrder,20202,1,27260,1676375772
newOrder,11892,0,109041,1676375772
newOrder,24999,1,109041,1676375772
cancel,11892,,,1676376365
cancel,19820,,,1676376365
cancel,20202,,,1676376365
cancel,24999,,,1676376365
newOrder,19820,0,27263,1676376372
newOrder,20202,1,27263,1676376372
newOrder,11892,0,109052,1676376372
newOrder,24999,1,109052,1676376372