instruction,price,side,qty,time
cancel,12204,,,1688559342
cancel,17745,,,1688559342
cancel,18075,,,1688559342
cancel,24999,,,1688559342
newOrder,17745,0,9456,1688559364
newOrder,18075,1,9456,1688559364
newOrder,12002,0,22239,1688559364
newOrder,24999,1,22239,1688559364
cancel,12002,,,1688559942
cancel,17745,,,1688559942
cancel,18075,,,1688559942
cancel,24999,,,1688559942
newOrder,17745,0,9457,1688559967
newOrder,18075,1,9457,1688559967
newOrder,10647,0,27565,1688559967
newOrder,24999,1,27565,1688559967
cancel,10647,,,1688560542
cancel,17745,,,1688560542
cancel,18075,,,1688560542
cancel,24999,,,1688560542
newOrder,17745,0,9458,1688560563
newOrder,18075,1,9458,1688560563
newOrder,10647,0,49079,1688560563
newOrder,24999,1,49079,1688560563
cancel,10647,,,1688561142
cancel,17745,,,1688561142
cancel,18075,,,1688561142
cancel,24999,,,1688561142
newOrder,17745,0,9460,1688561165
newOrder,18075,1,9460,1688561165
newOrder,10647,0,33597,1688561165
newOrder,24999,1,33597,1688561165
cancel,10647,,,1688561742
cancel,17745,,,1688561742
cancel,18075,,,1688561742
cancel,24999,,,1688561742
newOrder,17745,0,9461,1688561763
newOrder,18075,1,9461,1688561763
newOrder,10647,0,29596,1688561763
newOrder,24999,1,29596,1688561763
cancel,10647,,,1688562342
cancel,17745,,,1688562342
cancel,18075,,,1688562342
cancel,24999,,,1688562342
newOrder,17745,0,9462,1688562366
newOrder,18075,1,9462,1688562366
newOrder,10647,0,36423,1688562366
newOrder,24999,1,36423,1688562366
cancel,10647,,,1688562942
cancel,17745,,,1688562942
cancel,18075,,,1688562942
cancel,24999,,,1688562942
newOrder,17745,0,9463,1688562964
newOrder,18075,1,9463,1688562964
newOrder,12204,0,12781,1688562964
newOrder,24999,1,12781,1688562964
cancel,12204,,,1688563542
cancel,17745,,,1688563542
cancel,18075,,,1688563542
cancel,24999,,,1688563542
newOrder,17745,0,9465,1688563567
newOrder,18075,1,9465,1688563567
newOrder,10647,0,44002,1688563567
newOrder,24999,1,44002,1688563567
cancel,10647,,,1688564143
cancel,17745,,,1688564143
cancel,18075,,,1688564143
cancel,24999,,,1688564143
newOrder,17745,0,9466,1688564168
newOrder,18075,1,9466,1688564168
newOrder,17189,0,7411,1688564168
newOrder,19999,1,7411,1688564168
cancel,17189,,,1688564742
cancel,17745,,,1688564742
cancel,18075,,,1688564742
cancel,19999,,,1688564742
newOrder,17745,0,9467,1688564764
newOrder,18075,1,9467,1688564764
newOrder,10647,0,26694,1688564764
newOrder,24999,1,26694,1688564764
cancel,10647,,,1688565342
cancel,17745,,,1688565342
cancel,18075,,,1688565342
cancel,24999,,,1688565342
newOrder,17745,0,9469,1688565364
newOrder,18075,1,9469,1688565364
newOrder,12204,0,17128,1688565364
newOrder,24999,1,17128,1688565364
cancel,12204,,,1688565942
cancel,17745,,,1688565942
cancel,18075,,,1688565942
cancel,24999,,,1688565942
newOrder,17747,0,9469,1688565964
newOrder,18075,1,9469,1688565964
newOrder,12204,0,14848,1688565964
newOrder,24999,1,14848,1688565964
cancel,12204,,,1688566543
cancel,17747,,,1688566543
cancel,18075,,,1688566543
cancel,24999,,,1688566543
newOrder,17747,0,9471,1688566565
newOrder,18075,1,9471,1688566565
newOrder,10648,0,50883,1688566565
newOrder,24999,1,50883,1688566565
cancel,10648,,,1688567142
cancel,17747,,,1688567142
cancel,18075,,,1688567142
cancel,24999,,,1688567142
newOrder,17747,0,9472,1688567164
newOrder,18075,1,9472,1688567164
newOrder,17189,0,9365,1688567164
newOrder,19999,1,9365,1688567164
cancel,17189,,,1688567742
cancel,17747,,,1688567742
cancel,18075,,,1688567742
cancel,19999,,,1688567742
newOrder,17747,0,9473,1688567763
newOrder,18075,1,9473,1688567763
newOrder,10648,0,33286,1688567763
newOrder,24999,1,33286,1688567763
cancel,10648,,,1688568342
cancel,17747,,,1688568342
cancel,18075,,,1688568342
cancel,24999,,,1688568342
newOrder,17747,0,9474,1688568365
newOrder,18075,1,9474,1688568365
newOrder,10648,0,38593,1688568365
newOrder,24999,1,38593,1688568365
cancel,10648,,,1688568942
cancel,17747,,,1688568942
cancel,18075,,,1688568942
cancel,24999,,,1688568942
newOrder,17747,0,9476,1688568966
newOrder,18075,1,9476,1688568966
newOrder,10648,0,47659,1688568966
newOrder,24999,1,47659,1688568966
cancel,10648,,,1688569542
cancel,17747,,,1688569542
cancel,18075,,,1688569542
cancel,24999,,,1688569542
newOrder,17747,0,9477,1688569564
newOrder,18075,1,9477,1688569564
newOrder,14002,0,10406,1688569564
newOrder,19999,1,10406,1688569564
cancel,14002,,,1688570143
cancel,17747,,,1688570143
cancel,18075,,,1688570143
cancel,19999,,,1688570143
newOrder,17653,0,9502,1688570166
newOrder,18075,1,9502,1688570166
newOrder,10592,0,46306,1688570166
newOrder,24999,1,46306,1688570166
cancel,10592,,,1688570742
cancel,17653,,,1688570742
cancel,18075,,,1688570742
cancel,24999,,,1688570742
newOrder,17575,0,9520,1688570764
newOrder,18075,1,9520,1688570764
newOrder,10545,0,47538,1688570764
newOrder,24999,1,47538,1688570764
cancel,10545,,,1688571342
cancel,17575,,,1688571342
cancel,18075,,,1688571342
cancel,24999,,,1688571342
newOrder,17481,0,9535,1688571365
newOrder,18075,1,9535,1688571365
newOrder,17189,0,7605,1688571365
newOrder,19999,1,7605,1688571365
cancel,17189,,,1688571942
cancel,17481,,,1688571942
cancel,18075,,,1688571942
cancel,19999,,,1688571942
newOrder,17481,0,9536,1688571964
newOrder,18075,1,9536,1688571964
newOrder,10527,0,27706,1688571964
newOrder,24999,1,27706,1688571964
cancel,10527,,,1688572542
cancel,17481,,,1688572542
cancel,18075,,,1688572542
cancel,24999,,,1688572542
newOrder,17481,0,9538,1688572565
newOrder,18075,1,9538,1688572565
newOrder,12204,0,15205,1688572565
newOrder,24999,1,15205,1688572565
cancel,12204,,,1688573142
cancel,17481,,,1688573142
cancel,18075,,,1688573142
cancel,24999,,,1688573142
newOrder,17481,0,9539,1688573164
newOrder,18075,1,9539,1688573164
newOrder,10527,0,33285,1688573164
newOrder,24999,1,33285,1688573164
cancel,10527,,,1688573742
cancel,17481,,,1688573742
cancel,18075,,,1688573742
cancel,24999,,,1688573742
newOrder,17481,0,9540,1688573764
newOrder,18075,1,9540,1688573764
newOrder,17189,0,5849,1688573764
newOrder,19999,1,5849,1688573764
cancel,17189,,,1688574342
cancel,17481,,,1688574342
cancel,18075,,,1688574342
cancel,19999,,,1688574342
newOrder,17481,0,9541,1688574365
newOrder,18075,1,9541,1688574365
newOrder,17189,0,8894,1688574365
newOrder,19999,1,8894,1688574365
cancel,17189,,,1688574942
cancel,17481,,,1688574942
cancel,18075,,,1688574942
cancel,19999,,,1688574942
newOrder,17481,0,9543,1688574963
newOrder,18075,1,9543,1688574963
newOrder,10527,0,26287,1688574963
newOrder,24999,1,26287,1688574963
cancel,10527,,,1688575543
cancel,17481,,,1688575543
cancel,18075,,,1688575543
cancel,24999,,,1688575543
newOrder,17481,0,9544,1688575565
newOrder,18075,1,9544,1688575565
newOrder,10527,0,51010,1688575565
newOrder,24999,1,51010,1688575565
cancel,10527,,,1688576142
cancel,17481,,,1688576142
cancel,18075,,,1688576142
cancel,24999,,,1688576142
newOrder,17481,0,9545,1688576167
newOrder,18075,1,9545,1688576167
newOrder,12204,0,17491,1688576167
newOrder,24999,1,17491,1688576167
cancel,12204,,,1688576742
cancel,17481,,,1688576742
cancel,18075,,,1688576742
cancel,24999,,,1688576742
newOrder,17481,0,9547,1688576765
newOrder,18075,1,9547,1688576765
newOrder,12204,0,15854,1688576765
newOrder,24999,1,15854,1688576765
cancel,12204,,,1688577342
cancel,17481,,,1688577342
cancel,18075,,,1688577342
cancel,24999,,,1688577342
newOrder,17481,0,9548,1688577365
newOrder,18075,1,9548,1688577365
newOrder,12162,0,20929,1688577365
newOrder,24999,1,20929,1688577365
cancel,12162,,,1688577942
cancel,17481,,,1688577942
cancel,18075,,,1688577942
cancel,24999,,,1688577942
newOrder,17481,0,9549,1688577965
newOrder,18075,1,9549,1688577965
newOrder,12162,0,18670,1688577965
newOrder,24999,1,18670,1688577965
cancel,12162,,,1688578542
cancel,17481,,,1688578542
cancel,18075,,,1688578542
cancel,24999,,,1688578542
newOrder,17498,0,9548,1688578567
newOrder,18075,1,9548,1688578567
newOrder,10527,0,41046,1688578567
newOrder,24999,1,41046,1688578567
cancel,10527,,,1688579142
cancel,17498,,,1688579142
cancel,18075,,,1688579142
cancel,24999,,,1688579142
newOrder,17498,0,9550,1688579164
newOrder,18075,1,9550,1688579164
newOrder,10527,0,37012,1688579164
newOrder,24999,1,37012,1688579164
cancel,10527,,,1688579743
cancel,17498,,,1688579743
cancel,18075,,,1688579743
cancel,24999,,,1688579743
newOrder,17498,0,9551,1688579765
newOrder,18075,1,9551,1688579765
newOrder,10527,0,33102,1688579765
newOrder,24999,1,33102,1688579765
cancel,10527,,,1688580341
cancel,17498,,,1688580341
cancel,18075,,,1688580341
cancel,24999,,,1688580341
newOrder,17498,0,9552,1688580365
newOrder,18075,1,9552,1688580365
newOrder,17189,0,8376,1688580365
newOrder,19999,1,8376,1688580365
cancel,17189,,,1688580942
cancel,17498,,,1688580942
cancel,18075,,,1688580942
cancel,19999,,,1688580942
newOrder,17498,0,9553,1688580965
newOrder,18075,1,9553,1688580965
newOrder,10527,0,25623,1688580965
newOrder,24999,1,25623,1688580965
cancel,10527,,,1688581542
cancel,17498,,,1688581542
cancel,18075,,,1688581542
cancel,24999,,,1688581542
newOrder,17498,0,9555,1688581565
newOrder,18075,1,9555,1688581565
newOrder,10527,0,25878,1688581565
newOrder,24999,1,25878,1688581565
cancel,10527,,,1688582142
cancel,17498,,,1688582142
cancel,18075,,,1688582142
cancel,24999,,,1688582142
newOrder,17498,0,9556,1688582164
newOrder,18075,1,9556,1688582164
newOrder,10527,0,42906,1688582164
newOrder,24999,1,42906,1688582164
cancel,10527,,,1688582742
cancel,17498,,,1688582742
cancel,18075,,,1688582742
cancel,24999,,,1688582742
newOrder,17498,0,9557,1688582765
newOrder,18075,1,9557,1688582765
newOrder,10527,0,32927,1688582765
newOrder,24999,1,32927,1688582765
cancel,10527,,,1688583342
cancel,17498,,,1688583342
cancel,18075,,,1688583342
cancel,24999,,,1688583342
newOrder,17498,0,9559,1688583364
newOrder,18075,1,9559,1688583364
newOrder,10527,0,43970,1688583364
newOrder,24999,1,43970,1688583364
cancel,10527,,,1688583941
cancel,17498,,,1688583941
cancel,18075,,,1688583941
cancel,24999,,,1688583941
newOrder,17498,0,9560,1688583964
newOrder,18075,1,9560,1688583964
newOrder,10527,0,27597,1688583964
newOrder,24999,1,27597,1688583964
cancel,10527,,,1688584542
cancel,17498,,,1688584542
cancel,18075,,,1688584542
cancel,24999,,,1688584542
newOrder,17498,0,9561,1688584564
newOrder,18075,1,9561,1688584564
newOrder,10527,0,29463,1688584564
newOrder,24999,1,29463,1688584564
cancel,10527,,,1688585142
cancel,17498,,,1688585142
cancel,18075,,,1688585142
cancel,24999,,,1688585142
newOrder,17498,0,9562,1688585163
newOrder,18075,1,9562,1688585163
newOrder,17189,0,8197,1688585163
newOrder,19999,1,8197,1688585163
cancel,17189,,,1688585743
cancel,17498,,,1688585743
cancel,18075,,,1688585743
cancel,19999,,,1688585743
newOrder,17498,0,9564,1688585765
newOrder,18075,1,9564,1688585765
newOrder,10527,0,31440,1688585765
newOrder,24999,1,31440,1688585765
cancel,10527,,,1688586342
cancel,17498,,,1688586342
cancel,18075,,,1688586342
cancel,24999,,,1688586342
newOrder,17498,0,9565,1688586364
newOrder,18075,1,9565,1688586364
newOrder,12162,0,19051,1688586364
newOrder,24999,1,19051,1688586364
cancel,12162,,,1688586942
cancel,17498,,,1688586942
cancel,18075,,,1688586942
cancel,24999,,,1688586942
newOrder,17453,0,9571,1688586966
newOrder,18075,1,9571,1688586966
newOrder,10527,0,37413,1688586966
newOrder,24999,1,37413,1688586966
cancel,10527,,,1688587542
cancel,17453,,,1688587542
cancel,18075,,,1688587542
cancel,24999,,,1688587542
newOrder,17453,0,9573,1688587564
newOrder,18075,1,9573,1688587564
newOrder,10527,0,45821,1688587564
newOrder,24999,1,45821,1688587564
cancel,10527,,,1688588141
cancel,17453,,,1688588141
cancel,18075,,,1688588141
cancel,24999,,,1688588141
newOrder,17453,0,9574,1688588164
newOrder,18075,1,9574,1688588164
newOrder,12204,0,17714,1688588164
newOrder,24999,1,17714,1688588164
cancel,12204,,,1688588741
cancel,17453,,,1688588741
cancel,18075,,,1688588741
cancel,24999,,,1688588741
newOrder,17453,0,9575,1688588765
newOrder,18075,1,9575,1688588765
newOrder,10527,0,42201,1688588765
newOrder,24999,1,42201,1688588765
cancel,10527,,,1688589342
cancel,17453,,,1688589342
cancel,18075,,,1688589342
cancel,24999,,,1688589342
newOrder,17453,0,9577,1688589367
newOrder,18075,1,9577,1688589367
newOrder,10527,0,35704,1688589367
newOrder,24999,1,35704,1688589367
cancel,10527,,,1688589944
cancel,17453,,,1688589944
cancel,18075,,,1688589944
cancel,24999,,,1688589944
newOrder,17453,0,9578,1688589966
newOrder,18075,1,9578,1688589966
newOrder,10527,0,40498,1688589966
newOrder,24999,1,40498,1688589966
cancel,10527,,,1688590542
cancel,17453,,,1688590542
cancel,18075,,,1688590542
cancel,24999,,,1688590542
newOrder,17453,0,9579,1688590566
newOrder,18075,1,9579,1688590566
newOrder,12162,0,18607,1688590566
newOrder,24999,1,18607,1688590566
cancel,12162,,,1688591142
cancel,17453,,,1688591142
cancel,18075,,,1688591142
cancel,24999,,,1688591142
newOrder,17453,0,9580,1688591164
newOrder,18075,1,9580,1688591164
newOrder,10527,0,30953,1688591164
newOrder,24999,1,30953,1688591164
cancel,10527,,,1688591744
cancel,17453,,,1688591744
cancel,18075,,,1688591744
cancel,24999,,,1688591744
newOrder,17453,0,9582,1688591769
newOrder,18075,1,9582,1688591769
newOrder,10527,0,37629,1688591769
newOrder,24999,1,37629,1688591769
cancel,10527,,,1688592342
cancel,17453,,,1688592342
cancel,18075,,,1688592342
cancel,24999,,,1688592342
newOrder,17453,0,9583,1688592365
newOrder,18075,1,9583,1688592365
newOrder,10527,0,31342,1688592365
newOrder,24999,1,31342,1688592365
cancel,10527,,,1688592942
cancel,17453,,,1688592942
cancel,18075,,,1688592942
cancel,24999,,,1688592942
newOrder,17453,0,9584,1688592964
newOrder,18075,1,9584,1688592964
newOrder,10527,0,39753,1688592964
newOrder,24999,1,39753,1688592964
cancel,10527,,,1688593542
cancel,17453,,,1688593542
cancel,18075,,,1688593542
cancel,24999,,,1688593542
newOrder,17453,0,9586,1688593566
newOrder,18075,1,9586,1688593566
newOrder,10527,0,30965,1688593566
newOrder,24999,1,30965,1688593566
cancel,10527,,,1688594142
cancel,17453,,,1688594142
cancel,18075,,,1688594142
cancel,24999,,,1688594142
newOrder,17453,0,9587,1688594165
newOrder,18075,1,9587,1688594165
newOrder,12162,0,18746,1688594165
newOrder,24999,1,18746,1688594165
cancel,12162,,,1688594742
cancel,17453,,,1688594742
cancel,18075,,,1688594742
cancel,24999,,,1688594742
newOrder,17453,0,9588,1688594765
newOrder,18075,1,9588,1688594765
newOrder,10527,0,31113,1688594765
newOrder,24999,1,31113,1688594765
cancel,10527,,,1688595342
cancel,17453,,,1688595342
cancel,18075,,,1688595342
cancel,24999,,,1688595342
newOrder,17453,0,9589,1688595364
newOrder,18075,1,9589,1688595364
newOrder,10527,0,24869,1688595364
newOrder,24999,1,24869,1688595364
cancel,10527,,,1688595942
cancel,17453,,,1688595942
cancel,18075,,,1688595942
cancel,24999,,,1688595942
newOrder,17453,0,9591,1688595965
newOrder,18075,1,9591,1688595965
newOrder,10527,0,42955,1688595965
newOrder,24999,1,42955,1688595965
cancel,10527,,,1688596542
cancel,17453,,,1688596542
cancel,18075,,,1688596542
cancel,24999,,,1688596542
newOrder,17453,0,9592,1688596567
newOrder,18075,1,9592,1688596567
newOrder,12204,0,12256,1688596567
newOrder,24999,1,12256,1688596567
cancel,12204,,,1688597143
cancel,17453,,,1688597143
cancel,18075,,,1688597143
cancel,24999,,,1688597143
newOrder,17453,0,9593,1688597164
newOrder,18075,1,9593,1688597164
newOrder,12002,0,22399,1688597164
newOrder,24999,1,22399,1688597164
cancel,12002,,,1688597742
cancel,17453,,,1688597742
cancel,18075,,,1688597742
cancel,24999,,,1688597742
newOrder,17453,0,9595,1688597764
newOrder,18075,1,9595,1688597764
newOrder,12204,0,13152,1688597764
newOrder,24999,1,13152,1688597764
cancel,12204,,,1688598342
cancel,17453,,,1688598342
cancel,18075,,,1688598342
cancel,24999,,,1688598342
newOrder,17453,0,9596,1688598364
newOrder,18075,1,9596,1688598364
newOrder,10527,0,46851,1688598364
newOrder,24999,1,46851,1688598364
cancel,10527,,,1688598942
cancel,17453,,,1688598942
cancel,18075,,,1688598942
cancel,24999,,,1688598942
newOrder,17453,0,9597,1688598964
newOrder,18075,1,9597,1688598964
newOrder,12162,0,20006,1688598964
newOrder,24999,1,20006,1688598964
cancel,12162,,,1688599542
cancel,17453,,,1688599542
cancel,18075,,,1688599542
cancel,24999,,,1688599542
newOrder,17453,0,9598,1688599564
newOrder,18075,1,9598,1688599564
newOrder,10527,0,34358,1688599564
newOrder,24999,1,34358,1688599564
cancel,10527,,,1688600142
cancel,17453,,,1688600142
cancel,18075,,,1688600142
cancel,24999,,,1688600142
newOrder,17453,0,9600,1688600165
newOrder,18075,1,9600,1688600165
newOrder,12204,0,18477,1688600165
newOrder,24999,1,18477,1688600165
cancel,12204,,,1688600742
cancel,17453,,,1688600742
cancel,18075,,,1688600742
cancel,24999,,,1688600742
newOrder,17453,0,9601,1688600764
newOrder,18075,1,9601,1688600764
newOrder,10527,0,30279,1688600764
newOrder,24999,1,30279,1688600764
cancel,10527,,,1688601342
cancel,17453,,,1688601342
cancel,18075,,,1688601342
cancel,24999,,,1688601342
newOrder,17453,0,9602,1688601364
newOrder,18075,1,9602,1688601364
newOrder,10527,0,46168,1688601364
newOrder,24999,1,46168,1688601364
cancel,10527,,,1688601943
cancel,17453,,,1688601943
cancel,18075,,,1688601943
cancel,24999,,,1688601943
newOrder,17453,0,9604,1688601967
newOrder,18075,1,9604,1688601967
newOrder,10527,0,43151,1688601967
newOrder,24999,1,43151,1688601967
cancel,10527,,,1688602542
cancel,17453,,,1688602542
cancel,18075,,,1688602542
cancel,24999,,,1688602542
newOrder,17453,0,9605,1688602566
newOrder,18075,1,9605,1688602566
newOrder,10527,0,32858,1688602566
newOrder,24999,1,32858,1688602566
cancel,10527,,,1688603144
cancel,17453,,,1688603144
cancel,18075,,,1688603144
cancel,24999,,,1688603144
newOrder,17453,0,9606,1688603169
newOrder,18075,1,9606,1688603169
newOrder,17189,0,5785,1688603169
newOrder,19999,1,5785,1688603169
cancel,17189,,,1688603742
cancel,17453,,,1688603742
cancel,18075,,,1688603742
cancel,19999,,,1688603742
newOrder,17453,0,9607,1688603766
newOrder,18075,1,9607,1688603766
newOrder,12204,0,14158,1688603766
newOrder,24999,1,14158,1688603766
cancel,12204,,,1688604342
cancel,17453,,,1688604342
cancel,18075,,,1688604342
cancel,24999,,,1688604342
newOrder,17453,0,9609,1688604365
newOrder,18075,1,9609,1688604365
newOrder,10527,0,34002,1688604365
newOrder,24999,1,34002,1688604365
cancel,10527,,,1688604942
cancel,17453,,,1688604942
cancel,18075,,,1688604942
cancel,24999,,,1688604942
newOrder,17453,0,9610,1688604966
newOrder,18075,1,9610,1688604966
newOrder,12204,0,14617,1688604966
newOrder,24999,1,14617,1688604966
cancel,12204,,,1688605543
cancel,17453,,,1688605543
cancel,18075,,,1688605543
cancel,24999,,,1688605543
newOrder,17453,0,9611,1688605566
newOrder,18075,1,9611,1688605566
newOrder,10527,0,41064,1688605566
newOrder,24999,1,41064,1688605566
cancel,10527,,,1688606142
cancel,17453,,,1688606142
cancel,18075,,,1688606142
cancel,24999,,,1688606142
newOrder,17453,0,9613,1688606168
newOrder,18075,1,9613,1688606168
newOrder,10527,0,51737,1688606168
newOrder,24999,1,51737,1688606168
cancel,10527,,,1688606742
cancel,17453,,,1688606742
cancel,18075,,,1688606742
cancel,24999,,,1688606742
newOrder,17454,0,9614,1688606764
newOrder,18075,1,9614,1688606764
newOrder,10527,0,27309,1688606764
newOrder,24999,1,27309,1688606764
cancel,10527,,,1688607345
cancel,17454,,,1688607345
cancel,18075,,,1688607345
cancel,24999,,,1688607345
newOrder,17454,0,9615,1688607369
newOrder,18075,1,9615,1688607369
newOrder,12013,0,21937,1688607369
newOrder,24999,1,21937,1688607369
cancel,12013,,,1688607942
cancel,17454,,,1688607942
cancel,18075,,,1688607942
cancel,24999,,,1688607942
newOrder,17454,0,9616,1688607965
newOrder,18075,1,9616,1688607965
newOrder,10527,0,35466,1688607965
newOrder,24999,1,35466,1688607965
cancel,10527,,,1688608542
cancel,17454,,,1688608542
cancel,18075,,,1688608542
cancel,24999,,,1688608542
newOrder,17454,0,9618,1688608566
newOrder,18075,1,9618,1688608566
newOrder,10527,0,26980,1688608566
newOrder,24999,1,26980,1688608566
cancel,10527,,,1688609142
cancel,17454,,,1688609142
cancel,18075,,,1688609142
cancel,24999,,,1688609142
newOrder,17454,0,9619,1688609165
newOrder,18075,1,9619,1688609165
newOrder,10527,0,29390,1688609165
newOrder,24999,1,29390,1688609165
cancel,10527,,,1688609742
cancel,17454,,,1688609742
cancel,18075,,,1688609742
cancel,24999,,,1688609742
newOrder,17454,0,9620,1688609764
newOrder,18075,1,9620,1688609764
newOrder,10527,0,23779,1688609764
newOrder,24999,1,23779,1688609764
cancel,10527,,,1688610341
cancel,17454,,,1688610341
cancel,18075,,,1688610341
cancel,24999,,,1688610341
newOrder,17454,0,9622,1688610364
newOrder,18075,1,9622,1688610364
newOrder,17189,0,7403,1688610364
newOrder,19999,1,7403,1688610364
cancel,17189,,,1688610942
cancel,17454,,,1688610942
cancel,18075,,,1688610942
cancel,19999,,,1688610942
newOrder,17454,0,9623,1688610964
newOrder,18075,1,9623,1688610964
newOrder,10527,0,46859,1688610964
newOrder,24999,1,46859,1688610964
cancel,10527,,,1688611542
cancel,17454,,,1688611542
cancel,18075,,,1688611542
cancel,24999,,,1688611542
newOrder,17454,0,9624,1688611564
newOrder,18075,1,9624,1688611564
newOrder,10527,0,42504,1688611564
newOrder,24999,1,42504,1688611564
cancel,10527,,,1688612142
cancel,17454,,,1688612142
cancel,18075,,,1688612142
cancel,24999,,,1688612142
newOrder,17454,0,9626,1688612165
newOrder,18075,1,9626,1688612165
newOrder,12013,0,22256,1688612165
newOrder,24999,1,22256,1688612165
cancel,12013,,,1688612744
cancel,17454,,,1688612744
cancel,18075,,,1688612744
cancel,24999,,,1688612744
newOrder,17454,0,9627,1688612767
newOrder,18075,1,9627,1688612767
newOrder,10528,0,31172,1688612767
newOrder,24999,1,31172,1688612767
cancel,10528,,,1688613343
cancel,17454,,,1688613343
cancel,18075,,,1688613343
cancel,24999,,,1688613343
newOrder,17454,0,9628,1688613365
newOrder,18075,1,9628,1688613365
newOrder,12204,0,16445,1688613365
newOrder,24999,1,16445,1688613365
cancel,12204,,,1688613941
cancel,17454,,,1688613941
cancel,18075,,,1688613941
cancel,24999,,,1688613941
newOrder,17454,0,9629,1688613966
newOrder,18075,1,9629,1688613966
newOrder,10527,0,49971,1688613966
newOrder,24999,1,49971,1688613966
cancel,10527,,,1688614542
cancel,17454,,,1688614542
cancel,18075,,,1688614542
cancel,24999,,,1688614542
newOrder,17454,0,9631,1688614565
newOrder,18075,1,9631,1688614565
newOrder,10528,0,24922,1688614565
newOrder,24999,1,24922,1688614565
cancel,10528,,,1688615142
cancel,17454,,,1688615142
cancel,18075,,,1688615142
cancel,24999,,,1688615142
newOrder,17454,0,9632,1688615165
newOrder,18075,1,9632,1688615165
newOrder,10527,0,50999,1688615165
newOrder,24999,1,50999,1688615165
cancel,10527,,,1688615742
cancel,17454,,,1688615742
cancel,18075,,,1688615742
cancel,24999,,,1688615742
newOrder,17454,0,9633,1688615764
newOrder,18075,1,9633,1688615764
newOrder,10527,0,45964,1688615764
newOrder,24999,1,45964,1688615764
cancel,10527,,,1688616342
cancel,17454,,,1688616342
cancel,18075,,,1688616342
cancel,24999,,,1688616342
newOrder,17454,0,9635,1688616364
newOrder,18075,1,9635,1688616364
newOrder,12204,0,18602,1688616364
newOrder,24999,1,18602,1688616364
cancel,12204,,,1688616942
cancel,17454,,,1688616942
cancel,18075,,,1688616942
cancel,24999,,,1688616942
newOrder,17454,0,9636,1688616965
newOrder,18075,1,9636,1688616965
newOrder,10527,0,51485,1688616965
newOrder,24999,1,51485,1688616965
cancel,10527,,,1688617542
cancel,17454,,,1688617542
cancel,18075,,,1688617542
cancel,24999,,,1688617542
newOrder,17454,0,9637,1688617564
newOrder,18075,1,9637,1688617564
newOrder,10527,0,38417,1688617564
newOrder,24999,1,38417,1688617564
cancel,10527,,,1688618142
cancel,17454,,,1688618142
cancel,18075,,,1688618142
cancel,24999,,,1688618142
newOrder,17454,0,9639,1688618164
newOrder,18075,1,9639,1688618164
newOrder,10527,0,47073,1688618164
newOrder,24999,1,47073,1688618164
cancel,10527,,,1688618741
cancel,17454,,,1688618741
cancel,18075,,,1688618741
cancel,24999,,,1688618741
newOrder,17454,0,9640,1688618764
newOrder,18075,1,9640,1688618764
newOrder,10527,0,41276,1688618764
newOrder,24999,1,41276,1688618764
cancel,10527,,,1688619342
cancel,17454,,,1688619342
cancel,18075,,,1688619342
cancel,24999,,,1688619342
newOrder,17454,0,9641,1688619365
newOrder,18075,1,9641,1688619365
newOrder,12204,0,17637,1688619365
newOrder,24999,1,17637,1688619365
cancel,12204,,,1688619942
cancel,17454,,,1688619942
cancel,18075,,,1688619942
cancel,24999,,,1688619942
newOrder,17454,0,9643,1688619964
newOrder,18075,1,9643,1688619964
newOrder,10527,0,39058,1688619964
newOrder,24999,1,39058,1688619964
cancel,10527,,,1688620542
cancel,17454,,,1688620542
cancel,18075,,,1688620542
cancel,24999,,,1688620542
newOrder,17454,0,9644,1688620563
newOrder,18075,1,9644,1688620563
newOrder,12204,0,18787,1688620563
newOrder,24999,1,18787,1688620563
cancel,12204,,,1688621142
cancel,17454,,,1688621142
cancel,18075,,,1688621142
cancel,24999,,,1688621142
newOrder,17454,0,9645,1688621164
newOrder,18075,1,9645,1688621164
newOrder,10527,0,41011,1688621164
newOrder,24999,1,41011,1688621164
cancel,10527,,,1688621742
cancel,17454,,,1688621742
cancel,18075,,,1688621742
cancel,24999,,,1688621742
newOrder,17454,0,9646,1688621766
newOrder,18075,1,9646,1688621766
newOrder,10527,0,42548,1688621766
newOrder,24999,1,42548,1688621766
cancel,10527,,,1688622341
cancel,17454,,,1688622341
cancel,18075,,,1688622341
cancel,24999,,,1688622341
newOrder,17454,0,9648,1688622364
newOrder,18075,1,9648,1688622364
newOrder,12204,0,16448,1688622364
newOrder,24999,1,16448,1688622364
cancel,12204,,,1688622942
cancel,17454,,,1688622942
cancel,18075,,,1688622942
cancel,24999,,,1688622942
newOrder,17454,0,9649,1688622964
newOrder,18075,1,9649,1688622964
newOrder,10528,0,27177,1688622964
newOrder,24999,1,27177,1688622964
cancel,10528,,,1688623542
cancel,17454,,,1688623542
cancel,18075,,,1688623542
cancel,24999,,,1688623542
newOrder,17454,0,9650,1688623564
newOrder,18075,1,9650,1688623564
newOrder,10528,0,27443,1688623564
newOrder,24999,1,27443,1688623564
cancel,10528,,,1688624141
cancel,17454,,,1688624141
cancel,18075,,,1688624141
cancel,24999,,,1688624141
newOrder,17454,0,9652,1688624164
newOrder,18075,1,9652,1688624164
newOrder,10527,0,36741,1688624164
newOrder,24999,1,36741,1688624164
cancel,10527,,,1688624742
cancel,17454,,,1688624742
cancel,18075,,,1688624742
cancel,24999,,,1688624742
newOrder,17454,0,9653,1688624765
newOrder,18075,1,9653,1688624765
newOrder,10527,0,46976,1688624765
newOrder,24999,1,46976,1688624765
cancel,10527,,,1688625342
cancel,17454,,,1688625342
cancel,18075,,,1688625342
cancel,24999,,,1688625342
newOrder,17454,0,9654,1688625363
newOrder,18075,1,9654,1688625363
newOrder,10527,0,45109,1688625363
newOrder,24999,1,45109,1688625363
cancel,10527,,,1688625942
cancel,17454,,,1688625942
cancel,18075,,,1688625942
cancel,24999,,,1688625942
newOrder,17454,0,9656,1688625964
newOrder,18075,1,9656,1688625964
newOrder,12162,0,20620,1688625964
newOrder,24999,1,20620,1688625964
cancel,12162,,,1688626542
cancel,17454,,,1688626542
cancel,18075,,,1688626542
cancel,24999,,,1688626542
newOrder,17454,0,9657,1688626566
newOrder,18075,1,9657,1688626566
newOrder,12204,0,13194,1688626566
newOrder,24999,1,13194,1688626566
cancel,12204,,,1688627143
cancel,17454,,,1688627143
cancel,18075,,,1688627143
cancel,24999,,,1688627143
newOrder,17454,0,9658,1688627165
newOrder,18075,1,9658,1688627165
newOrder,12204,0,16108,1688627165
newOrder,24999,1,16108,1688627165
cancel,12204,,,1688627742
cancel,17454,,,1688627742
cancel,18075,,,1688627742
cancel,24999,,,1688627742
newOrder,17454,0,9660,1688627766
newOrder,18075,1,9660,1688627766
newOrder,10527,0,48131,1688627766
newOrder,24999,1,48131,1688627766
cancel,10527,,,1688628341
cancel,17454,,,1688628341
cancel,18075,,,1688628341
cancel,24999,,,1688628341
newOrder,17454,0,9661,1688628364
newOrder,18075,1,9661,1688628364
newOrder,10528,0,32724,1688628364
newOrder,24999,1,32724,1688628364
cancel,10528,,,1688628942
cancel,17454,,,1688628942
cancel,18075,,,1688628942
cancel,24999,,,1688628942
newOrder,17454,0,9662,1688628964
newOrder,18075,1,9662,1688628964
newOrder,17189,0,7186,1688628964
newOrder,19999,1,7186,1688628964
cancel,17189,,,1688629543
cancel,17454,,,1688629543
cancel,18075,,,1688629543
cancel,19999,,,1688629543
newOrder,17454,0,9663,1688629566
newOrder,18075,1,9663,1688629566
newOrder,10527,0,33714,1688629566
newOrder,24999,1,33714,1688629566
cancel,10527,,,1688630142
cancel,17454,,,1688630142
cancel,18075,,,1688630142
cancel,24999,,,1688630142
newOrder,17454,0,9665,1688630165
newOrder,18075,1,9665,1688630165
newOrder,12162,0,19951,1688630165
newOrder,24999,1,19951,1688630165
cancel,12162,,,1688630742
cancel,17454,,,1688630742
cancel,18075,,,1688630742
cancel,24999,,,1688630742
newOrder,17454,0,9666,1688630765
newOrder,18075,1,9666,1688630765
newOrder,10527,0,42612,1688630765
newOrder,24999,1,42612,1688630765
cancel,10527,,,1688631342
cancel,17454,,,1688631342
cancel,18075,,,1688631342
cancel,24999,,,1688631342
newOrder,17454,0,9667,1688631363
newOrder,18075,1,9667,1688631363
newOrder,10527,0,36771,1688631363
newOrder,24999,1,36771,1688631363
cancel,10527,,,1688631942
cancel,17454,,,1688631942
cancel,18075,,,1688631942
cancel,24999,,,1688631942
newOrder,17454,0,9669,1688631965
newOrder,18075,1,9669,1688631965
newOrder,10528,0,23697,1688631965
newOrder,24999,1,23697,1688631965
cancel,10528,,,1688632542
cancel,17454,,,1688632542
cancel,18075,,,1688632542
cancel,24999,,,1688632542
newOrder,17454,0,9670,1688632564
newOrder,18075,1,9670,1688632564
newOrder,10527,0,45871,1688632564
newOrder,24999,1,45871,1688632564
cancel,10527,,,1688633141
cancel,17454,,,1688633141
cancel,18075,,,1688633141
cancel,24999,,,1688633141
newOrder,17454,0,9671,1688633164
newOrder,18075,1,9671,1688633164
newOrder,12204,0,11963,1688633164
newOrder,24999,1,11963,1688633164
cancel,12204,,,1688633743
cancel,17454,,,1688633743
cancel,18075,,,1688633743
cancel,24999,,,1688633743
newOrder,17457,0,9672,1688633765
newOrder,18075,1,9672,1688633765
newOrder,10528,0,29681,1688633765
newOrder,24999,1,29681,1688633765
cancel,10528,,,1688634342
cancel,17457,,,1688634342
cancel,18075,,,1688634342
cancel,24999,,,1688634342
newOrder,17429,0,9676,1688634366
newOrder,18075,1,9676,1688634366
newOrder,10527,0,34912,1688634366
newOrder,24999,1,34912,1688634366
cancel,10527,,,1688634942
cancel,17429,,,1688634942
cancel,18075,,,1688634942
cancel,24999,,,1688634942
newOrder,17429,0,9677,1688634964
newOrder,18075,1,9677,1688634964
newOrder,10527,0,37668,1688634964
newOrder,24999,1,37668,1688634964
cancel,10527,,,1688635543
cancel,17429,,,1688635543
cancel,18075,,,1688635543
cancel,24999,,,1688635543
newOrder,17429,0,9679,1688635564
newOrder,18075,1,9679,1688635564
newOrder,10527,0,47585,1688635564
newOrder,24999,1,47585,1688635564
cancel,10527,,,1688636142
cancel,17429,,,1688636142
cancel,18075,,,1688636142
cancel,24999,,,1688636142
newOrder,17429,0,9680,1688636166
newOrder,18075,1,9680,1688636166
newOrder,10527,0,34143,1688636166
newOrder,24999,1,34143,1688636166
cancel,10527,,,1688636743
cancel,17429,,,1688636743
cancel,18075,,,1688636743
cancel,24999,,,1688636743
newOrder,17429,0,9681,1688636768
newOrder,18075,1,9681,1688636768
newOrder,17189,0,7767,1688636768
newOrder,19999,1,7767,1688636768
cancel,17189,,,1688637342
cancel,17429,,,1688637342
cancel,18075,,,1688637342
cancel,19999,,,1688637342
newOrder,17429,0,9683,1688637365
newOrder,18075,1,9683,1688637365
newOrder,10527,0,48841,1688637365
newOrder,24999,1,48841,1688637365
cancel,10527,,,1688637942
cancel,17429,,,1688637942
cancel,18075,,,1688637942
cancel,24999,,,1688637942
newOrder,17429,0,9684,1688637965
newOrder,18075,1,9684,1688637965
newOrder,12204,0,17847,1688637965
newOrder,24999,1,17847,1688637965
cancel,12204,,,1688638542
cancel,17429,,,1688638542
cancel,18075,,,1688638542
cancel,24999,,,1688638542
newOrder,17429,0,9685,1688638565
newOrder,18075,1,9685,1688638565
newOrder,12204,0,15421,1688638565
newOrder,24999,1,15421,1688638565
cancel,12204,,,1688639142
cancel,17429,,,1688639142
cancel,18075,,,1688639142
cancel,24999,,,1688639142
newOrder,17429,0,9687,1688639166
newOrder,18075,1,9687,1688639166
newOrder,12162,0,20197,1688639166
newOrder,24999,1,20197,1688639166
cancel,12162,,,1688639742
cancel,17429,,,1688639742
cancel,18075,,,1688639742
cancel,24999,,,1688639742
newOrder,17429,0,9688,1688639765
newOrder,18075,1,9688,1688639765
newOrder,12013,0,22052,1688639765
newOrder,24999,1,22052,1688639765
cancel,12013,,,1688640343
cancel,17429,,,1688640343
cancel,18075,,,1688640343
cancel,24999,,,1688640343
newOrder,17429,0,9689,1688640366
newOrder,18075,1,9689,1688640366
newOrder,17189,0,8586,1688640366
newOrder,19999,1,8586,1688640366
cancel,17189,,,1688640941
cancel,17429,,,1688640941
cancel,18075,,,1688640941
cancel,19999,,,1688640941
newOrder,17399,0,9693,1688640964
newOrder,18075,1,9693,1688640964
newOrder,10528,0,25756,1688640964
newOrder,24999,1,25756,1688640964
cancel,10528,,,1688641542
cancel,17399,,,1688641542
cancel,18075,,,1688641542
cancel,24999,,,1688641542
newOrder,17408,0,9693,1688641565
newOrder,18075,1,9693,1688641565
newOrder,12162,0,19923,1688641565
newOrder,24999,1,19923,1688641565
cancel,12162,,,1688642142
cancel,17408,,,1688642142
cancel,18075,,,1688642142
cancel,24999,,,1688642142
newOrder,17408,0,9695,1688642167
newOrder,18075,1,9695,1688642167
newOrder,10528,0,24686,1688642167
newOrder,24999,1,24686,1688642167
cancel,10528,,,1688642743
cancel,17408,,,1688642743
cancel,18075,,,1688642743
cancel,24999,,,1688642743
newOrder,17408,0,9696,1688642768
newOrder,18075,1,9696,1688642768
newOrder,12204,0,13534,1688642768
newOrder,24999,1,13534,1688642768
cancel,12204,,,1688643342
cancel,17408,,,1688643342
cancel,18075,,,1688643342
cancel,24999,,,1688643342
newOrder,17408,0,9697,1688643363
newOrder,18075,1,9697,1688643363
newOrder,12204,0,18510,1688643363
newOrder,24999,1,18510,1688643363
cancel,12204,,,1688643942
cancel,17408,,,1688643942
cancel,18075,,,1688643942
cancel,24999,,,1688643942
newOrder,17408,0,9699,1688643966
newOrder,18075,1,9699,1688643966
newOrder,10528,0,28511,1688643966
newOrder,24999,1,28511,1688643966
cancel,10528,,,1688644543
cancel,17408,,,1688644543
cancel,18075,,,1688644543
cancel,24999,,,1688644543
newOrder,17408,0,9700,1688644567
newOrder,18075,1,9700,1688644567
newOrder,10527,0,33022,1688644567
newOrder,24999,1,33022,1688644567
cancel,10527,,,1688645142
cancel,17408,,,1688645142
cancel,18075,,,1688645142
cancel,24999,,,1688645142
newOrder,17324,0,9704,1688645168
newOrder,18075,1,9704,1688645168
newOrder,17189,0,9517,1688645168
newOrder,19999,1,9517,1688645168