instruction,price,side,qty,time
cancel,10641,,,1685275797
cancel,17735,,,1685275797
cancel,19080,,,1685275797
cancel,24999,,,1685275797
newOrder,17736,0,17791,1685275823
newOrder,19080,1,17791,1685275823
newOrder,12202,0,22362,1685275823
newOrder,24957,1,22362,1685275823
cancel,12202,,,1685276397
cancel,17736,,,1685276397
cancel,19080,,,1685276397
cancel,24957,,,1685276397
newOrder,17736,0,17797,1685276420
newOrder,19080,1,17797,1685276420
newOrder,12202,0,25076,1685276420
newOrder,24957,1,25076,1685276420
cancel,12202,,,1685276998
cancel,17736,,,1685276998
cancel,19080,,,1685276998
cancel,24957,,,1685276998
newOrder,17736,0,17802,1685277021
newOrder,19080,1,17802,1685277021
newOrder,10642,0,40808,1685277021
newOrder,24957,1,40808,1685277021
cancel,10642,,,1685277599
cancel,17736,,,1685277599
cancel,19080,,,1685277599
cancel,24957,,,1685277599
newOrder,17736,0,17808,1685277623
newOrder,19080,1,17808,1685277623
newOrder,12202,0,22550,1685277623
newOrder,24957,1,22550,1685277623
cancel,12202,,,1685278197
cancel,17736,,,1685278197
cancel,19080,,,1685278197
cancel,24957,,,1685278197
newOrder,17736,0,17814,1685278221
newOrder,19080,1,17814,1685278221
newOrder,10642,0,59121,1685278221
newOrder,24999,1,59121,1685278221
cancel,10642,,,1685278798
cancel,17736,,,1685278798
cancel,19080,,,1685278798
cancel,24999,,,1685278798
newOrder,17736,0,17819,1685278821
newOrder,19080,1,17819,1685278821
newOrder,10642,0,58695,1685278821
newOrder,24999,1,58695,1685278821
cancel,10642,,,1685279397
cancel,17736,,,1685279397
cancel,19080,,,1685279397
cancel,24999,,,1685279397
newOrder,17736,0,17825,1685279419
newOrder,19080,1,17825,1685279419
newOrder,10642,0,60788,1685279419
newOrder,24999,1,60788,1685279419
cancel,10642,,,1685279998
cancel,17736,,,1685279998
cancel,19080,,,1685279998
cancel,24999,,,1685279998
newOrder,17749,0,17926,1685280021
newOrder,19080,1,17926,1685280021
newOrder,10649,0,56948,1685280021
newOrder,24999,1,56948,1685280021
cancel,10649,,,1685280599
cancel,17749,,,1685280599
cancel,19080,,,1685280599
cancel,24999,,,1685280599
newOrder,17749,0,17933,1685280621
newOrder,19080,1,17933,1685280621
newOrder,12202,0,27829,1685280621
newOrder,24957,1,27829,1685280621
cancel,12202,,,1685281197
cancel,17749,,,1685281197
cancel,19080,,,1685281197
cancel,24957,,,1685281197
newOrder,17748,0,17932,1685281221
newOrder,19080,1,17932,1685281221
newOrder,10649,0,54567,1685281221
newOrder,24999,1,54567,1685281221
cancel,10649,,,1685281797
cancel,17748,,,1685281797
cancel,19080,,,1685281797
cancel,24999,,,1685281797
newOrder,17749,0,17945,1685281822
newOrder,19080,1,17945,1685281822
newOrder,12202,0,28957,1685281822
newOrder,24957,1,28957,1685281822
cancel,12202,,,1685282398
cancel,17749,,,1685282398
cancel,19080,,,1685282398
cancel,24957,,,1685282398
newOrder,17652,0,17195,1685282424
newOrder,19080,1,17195,1685282424
newOrder,12202,0,29740,1685282424
newOrder,24957,1,29740,1685282424
cancel,12202,,,1685282997
cancel,17652,,,1685282997
cancel,19080,,,1685282997
cancel,24957,,,1685282997
newOrder,17652,0,17199,1685283025
newOrder,19080,1,17199,1685283025
newOrder,10591,0,42091,1685283025
newOrder,24957,1,42091,1685283025
cancel,10591,,,1685283599
cancel,17652,,,1685283599
cancel,19080,,,1685283599
cancel,24957,,,1685283599
newOrder,17652,0,17204,1685283622
newOrder,19080,1,17204,1685283622
newOrder,10591,0,89814,1685283622
newOrder,24999,1,89814,1685283622
cancel,10591,,,1685284198
cancel,17652,,,1685284198
cancel,19080,,,1685284198
cancel,24999,,,1685284198
newOrder,17647,0,17173,1685284222
newOrder,19080,1,17173,1685284222
newOrder,12202,0,26117,1685284222
newOrder,24957,1,26117,1685284222
cancel,12202,,,1685284798
cancel,17647,,,1685284798
cancel,19080,,,1685284798
cancel,24957,,,1685284798
newOrder,17646,0,17170,1685284821
newOrder,19080,1,17170,1685284821
newOrder,10588,0,55620,1685284821
newOrder,24999,1,55620,1685284821
cancel,10588,,,1685285397
cancel,17646,,,1685285397
cancel,19080,,,1685285397
cancel,24999,,,1685285397
newOrder,17647,0,17182,1685285421
newOrder,19080,1,17182,1685285421
newOrder,12202,0,24643,1685285421
newOrder,24957,1,24643,1685285421
cancel,12202,,,1685285997
cancel,17647,,,1685285997
cancel,19080,,,1685285997
cancel,24957,,,1685285997
newOrder,17647,0,17186,1685286022
newOrder,19080,1,17186,1685286022
newOrder,12202,0,20333,1685286022
newOrder,24957,1,20333,1685286022
cancel,12202,,,1685286597
cancel,17647,,,1685286597
cancel,19080,,,1685286597
cancel,24957,,,1685286597
newOrder,17641,0,17141,1685286620
newOrder,19080,1,17141,1685286620
newOrder,15111,0,10993,1685286620
cancel,15111,,,1685287198
cancel,17641,,,1685287198
cancel,19080,,,1685287198
newOrder,17647,0,17194,1685287220
newOrder,19080,1,17194,1685287220
newOrder,10588,0,64660,1685287220
newOrder,24999,1,64660,1685287220
cancel,10588,,,1685287797
cancel,17647,,,1685287797
cancel,19080,,,1685287797
cancel,24999,,,1685287797
newOrder,17647,0,17198,1685287822
newOrder,19080,1,17198,1685287822
newOrder,10588,0,88692,1685287822
newOrder,24999,1,88692,1685287822
cancel,10588,,,1685288398
cancel,17647,,,1685288398
cancel,19080,,,1685288398
cancel,24999,,,1685288398
newOrder,17647,0,17202,1685288425
newOrder,19080,1,17202,1685288425
newOrder,12202,0,29324,1685288425
newOrder,24957,1,29324,1685288425
cancel,12202,,,1685288998
cancel,17647,,,1685288998
cancel,19080,,,1685288998
cancel,24957,,,1685288998
newOrder,17647,0,17206,1685289021
newOrder,19080,1,17206,1685289021
newOrder,10588,0,88026,1685289021
newOrder,24999,1,88026,1685289021
cancel,10588,,,1685289598
cancel,17647,,,1685289598
cancel,19080,,,1685289598
cancel,24999,,,1685289598
newOrder,17647,0,17210,1685289623
newOrder,19080,1,17210,1685289623
newOrder,10588,0,55671,1685289623
newOrder,24999,1,55671,1685289623
cancel,10588,,,1685290198
cancel,17647,,,1685290198
cancel,19080,,,1685290198
cancel,24999,,,1685290198
newOrder,17646,0,17206,1685290221
newOrder,19080,1,17206,1685290221
newOrder,10588,0,89814,1685290221
newOrder,24999,1,89814,1685290221
cancel,10588,,,1685290798
cancel,17646,,,1685290798
cancel,19080,,,1685290798
cancel,24999,,,1685290798
newOrder,17646,0,17210,1685290822
newOrder,19080,1,17210,1685290822
newOrder,10588,0,73526,1685290822
newOrder,24999,1,73526,1685290822
cancel,10588,,,1685291397
cancel,17646,,,1685291397
cancel,19080,,,1685291397
cancel,24999,,,1685291397
newOrder,17646,0,17214,1685291420
newOrder,19080,1,17214,1685291420
newOrder,15111,0,15733,1685291420
cancel,15111,,,1685291998
cancel,17646,,,1685291998
cancel,19080,,,1685291998
newOrder,17647,0,17220,1685292021
newOrder,19080,1,17220,1685292021
newOrder,10588,0,57123,1685292021
newOrder,24999,1,57123,1685292021
cancel,10588,,,1685292597
cancel,17647,,,1685292597
cancel,19080,,,1685292597
cancel,24999,,,1685292597
newOrder,17648,0,17231,1685292620
newOrder,19080,1,17231,1685292620
newOrder,12202,0,29298,1685292620
newOrder,24957,1,29298,1685292620
cancel,12202,,,1685293198
cancel,17648,,,1685293198
cancel,19080,,,1685293198
cancel,24957,,,1685293198
newOrder,17648,0,17235,1685293225
newOrder,19080,1,17235,1685293225
newOrder,10589,0,49681,1685293225
newOrder,24999,1,49681,1685293225
cancel,10589,,,1685293797
cancel,17648,,,1685293797
cancel,19080,,,1685293797
cancel,24999,,,1685293797
newOrder,17648,0,17239,1685293822
newOrder,19080,1,17239,1685293822
newOrder,10589,0,78651,1685293822
newOrder,24999,1,78651,1685293822
cancel,10589,,,1685294398
cancel,17648,,,1685294398
cancel,19080,,,1685294398
cancel,24999,,,1685294398
newOrder,17647,0,17236,1685294422
newOrder,19080,1,17236,1685294422
newOrder,10588,0,39326,1685294422
newOrder,24957,1,39326,1685294422
cancel,10588,,,1685294997
cancel,17647,,,1685294997
cancel,19080,,,1685294997
cancel,24957,,,1685294997
newOrder,17648,0,17247,1685295020
newOrder,19080,1,17247,1685295020
newOrder,10589,0,67085,1685295020
newOrder,24999,1,67085,1685295020
cancel,10589,,,1685295598
cancel,17648,,,1685295598
cancel,19080,,,1685295598
cancel,24999,,,1685295598
newOrder,17647,0,17243,1685295621
newOrder,19080,1,17243,1685295621
newOrder,10588,0,60667,1685295621
newOrder,24999,1,60667,1685295621
cancel,10588,,,1685296198
cancel,17647,,,1685296198
cancel,19080,,,1685296198
cancel,24999,,,1685296198
newOrder,17648,0,17255,1685296221
newOrder,19080,1,17255,1685296221
newOrder,10589,0,44455,1685296221
newOrder,24999,1,44455,1685296221
cancel,10589,,,1685296797
cancel,17648,,,1685296797
cancel,19080,,,1685296797
cancel,24999,,,1685296797
newOrder,17648,0,17259,1685296820
newOrder,19080,1,17259,1685296820
newOrder,12202,0,20579,1685296820
newOrder,24957,1,20579,1685296820
cancel,12202,,,1685297398
cancel,17648,,,1685297398
cancel,19080,,,1685297398
cancel,24957,,,1685297398
newOrder,17581,0,16700,1685297422
newOrder,19080,1,16700,1685297422
newOrder,10549,0,55200,1685297422
newOrder,24999,1,55200,1685297422
cancel,10549,,,1685297998
cancel,17581,,,1685297998
cancel,19080,,,1685297998
cancel,24999,,,1685297998
newOrder,17547,0,16407,1685298020
newOrder,19080,1,16407,1685298020
newOrder,10528,0,60185,1685298020
newOrder,24999,1,60185,1685298020
cancel,10528,,,1685298598
cancel,17547,,,1685298598
cancel,19080,,,1685298598
cancel,24999,,,1685298598
newOrder,17547,0,16405,1685298624
newOrder,19080,1,16405,1685298624
newOrder,10528,0,74719,1685298624
newOrder,24999,1,74719,1685298624
cancel,10528,,,1685299198
cancel,17547,,,1685299198
cancel,19080,,,1685299198
cancel,24999,,,1685299198
newOrder,17547,0,16414,1685299224
newOrder,19080,1,16414,1685299224
newOrder,12202,0,28907,1685299224
newOrder,24957,1,28907,1685299224
cancel,12202,,,1685299316
cancel,17547,,,1685299316
cancel,19080,,,1685299316
cancel,24957,,,1685299316
newOrder,17547,0,16415,1685299444
newOrder,19080,1,16415,1685299444
newOrder,15111,0,10068,1685299444
cancel,15111,,,1685300054
cancel,17547,,,1685300054
cancel,19080,,,1685300054
newOrder,17547,0,16417,1685300078
newOrder,19080,1,16417,1685300078
newOrder,10528,0,74386,1685300078
newOrder,24999,1,74386,1685300078
cancel,10528,,,1685300654
cancel,17547,,,1685300654
cancel,19080,,,1685300654
cancel,24999,,,1685300654
newOrder,17547,0,16419,1685300678
newOrder,19080,1,16419,1685300678
newOrder,10528,0,50046,1685300678
newOrder,24999,1,50046,1685300678
cancel,10528,,,1685301254
cancel,17547,,,1685301254
cancel,19080,,,1685301254
cancel,24999,,,1685301254
newOrder,17546,0,16410,1685301277
newOrder,19080,1,16410,1685301277
newOrder,10528,0,74481,1685301277
newOrder,24999,1,74481,1685301277
cancel,10528,,,1685301854
cancel,17546,,,1685301854
cancel,19080,,,1685301854
cancel,24999,,,1685301854
newOrder,17547,0,16416,1685301877
newOrder,19080,1,16416,1685301877
newOrder,10528,0,69128,1685301877
newOrder,24999,1,69128,1685301877
cancel,10528,,,1685302454
cancel,17547,,,1685302454
cancel,19080,,,1685302454
cancel,24999,,,1685302454
newOrder,17545,0,16407,1685302477
newOrder,19080,1,16407,1685302477
newOrder,10527,0,84283,1685302477
newOrder,24999,1,84283,1685302477
cancel,10527,,,1685303054
cancel,17545,,,1685303054
cancel,19080,,,1685303054
cancel,24999,,,1685303054
newOrder,17546,0,16416,1685303077
newOrder,19080,1,16416,1685303077
newOrder,10528,0,46568,1685303077
newOrder,24999,1,46568,1685303077
cancel,10528,,,1685303654
cancel,17546,,,1685303654
cancel,19080,,,1685303654
cancel,24999,,,1685303654
newOrder,17548,0,16434,1685303681
newOrder,19080,1,16434,1685303681
newOrder,10529,0,50448,1685303681
newOrder,24999,1,50448,1685303681
cancel,10529,,,1685304255
cancel,17548,,,1685304255
cancel,19080,,,1685304255
cancel,24999,,,1685304255
newOrder,17549,0,16444,1685304279
newOrder,19080,1,16444,1685304279
newOrder,10529,0,58698,1685304279
newOrder,24999,1,58698,1685304279
cancel,10529,,,1685304854
cancel,17549,,,1685304854
cancel,19080,,,1685304854
cancel,24999,,,1685304854
newOrder,17549,0,16446,1685304877
newOrder,19080,1,16446,1685304877
newOrder,10529,0,86817,1685304877
newOrder,24999,1,86817,1685304877
cancel,10529,,,1685305455
cancel,17549,,,1685305455
cancel,19080,,,1685305455
cancel,24999,,,1685305455
newOrder,17567,0,16608,1685305480
newOrder,19080,1,16608,1685305480
newOrder,10540,0,55136,1685305480
newOrder,24999,1,55136,1685305480
cancel,10540,,,1685306055
cancel,17567,,,1685306055
cancel,19080,,,1685306055
cancel,24999,,,1685306055
newOrder,17567,0,16610,1685306078
newOrder,19080,1,16610,1685306078
newOrder,10540,0,60003,1685306078
newOrder,24999,1,60003,1685306078
cancel,10540,,,1685306654
cancel,17567,,,1685306654
cancel,19080,,,1685306654
cancel,24999,,,1685306654
newOrder,17567,0,16612,1685306677
newOrder,19080,1,16612,1685306677
newOrder,10540,0,44972,1685306677
newOrder,24999,1,44972,1685306677
cancel,10540,,,1685307254
cancel,17567,,,1685307254
cancel,19080,,,1685307254
cancel,24999,,,1685307254
newOrder,17535,0,16332,1685307276
newOrder,19080,1,16332,1685307276
newOrder,10521,0,66110,1685307276
newOrder,24999,1,66110,1685307276
cancel,10521,,,1685307855
cancel,17535,,,1685307855
cancel,19080,,,1685307855
cancel,24999,,,1685307855
newOrder,17546,0,16430,1685307878
newOrder,19080,1,16430,1685307878
newOrder,15111,0,12963,1685307878
cancel,15111,,,1685308454
cancel,17546,,,1685308454
cancel,19080,,,1685308454
newOrder,17547,0,16439,1685308478
newOrder,19080,1,16439,1685308478
newOrder,12202,0,29930,1685308478
newOrder,24957,1,29930,1685308478
cancel,12202,,,1685309054
cancel,17547,,,1685309054
cancel,19080,,,1685309054
cancel,24957,,,1685309054
newOrder,17546,0,16433,1685309078
newOrder,19080,1,16433,1685309078
newOrder,12202,0,18378,1685309078
newOrder,24957,1,18378,1685309078
cancel,12202,,,1685309656
cancel,17546,,,1685309656
cancel,19080,,,1685309656
cancel,24957,,,1685309656
newOrder,17546,0,16434,1685309680
newOrder,19080,1,16434,1685309680
newOrder,10528,0,74446,1685309680
newOrder,24999,1,74446,1685309680
cancel,10528,,,1685310254
cancel,17546,,,1685310254
cancel,19080,,,1685310254
cancel,24999,,,1685310254
newOrder,17545,0,16427,1685310277
newOrder,19080,1,16427,1685310277
newOrder,12202,0,23005,1685310277
newOrder,24957,1,23005,1685310277
cancel,12202,,,1685310854
cancel,17545,,,1685310854
cancel,19080,,,1685310854
cancel,24957,,,1685310854
newOrder,17546,0,16437,1685310878
newOrder,19080,1,16437,1685310878
newOrder,10528,0,85113,1685310878
newOrder,24999,1,85113,1685310878
cancel,10528,,,1685311456
cancel,17546,,,1685311456
cancel,19080,,,1685311456
cancel,24999,,,1685311456
newOrder,17546,0,16438,1685311484
newOrder,19080,1,16438,1685311484
newOrder,10528,0,43128,1685311484
newOrder,24999,1,43128,1685311484
cancel,10528,,,1685312054
cancel,17546,,,1685312054
cancel,19080,,,1685312054
cancel,24999,,,1685312054
newOrder,17547,0,16447,1685312077
newOrder,19080,1,16447,1685312077
newOrder,10528,0,38876,1685312077
newOrder,24957,1,38876,1685312077
cancel,10528,,,1685312655
cancel,17547,,,1685312655
cancel,19080,,,1685312655
cancel,24957,,,1685312655
newOrder,17546,0,16440,1685312677
newOrder,19080,1,16440,1685312677
newOrder,12162,0,33643,1685312677
newOrder,24957,1,33643,1685312677
cancel,12162,,,1685313255
cancel,17546,,,1685313255
cancel,19080,,,1685313255
cancel,24957,,,1685313255
newOrder,17547,0,16450,1685313280
newOrder,19080,1,16450,1685313280
newOrder,10528,0,62710,1685313280
newOrder,24999,1,62710,1685313280
cancel,10528,,,1685313854
cancel,17547,,,1685313854
cancel,19080,,,1685313854
cancel,24999,,,1685313854
newOrder,17547,0,16451,1685313877
newOrder,19080,1,16451,1685313877
newOrder,10528,0,71191,1685313877
newOrder,24999,1,71191,1685313877
cancel,10528,,,1685314454
cancel,17547,,,1685314454
cancel,19080,,,1685314454
cancel,24999,,,1685314454
newOrder,17547,0,16453,1685314478
newOrder,19080,1,16453,1685314478
newOrder,12202,0,19794,1685314478
newOrder,24957,1,19794,1685314478
cancel,12202,,,1685315054
cancel,17547,,,1685315054
cancel,19080,,,1685315054
cancel,24957,,,1685315054
newOrder,17547,0,16454,1685315077
newOrder,19080,1,16454,1685315077
newOrder,12202,0,29561,1685315077
newOrder,24957,1,29561,1685315077
cancel,12202,,,1685315654
cancel,17547,,,1685315654
cancel,19080,,,1685315654
cancel,24957,,,1685315654
newOrder,17547,0,16457,1685315676
newOrder,19080,1,16457,1685315676
newOrder,10528,0,70563,1685315676
newOrder,24999,1,70563,1685315676
cancel,10528,,,1685316255
cancel,17547,,,1685316255
cancel,19080,,,1685316255
cancel,24999,,,1685316255
newOrder,17547,0,16457,1685316277
newOrder,19080,1,16457,1685316277
newOrder,12202,0,19719,1685316277
newOrder,24957,1,19719,1685316277
cancel,12202,,,1685316854
cancel,17547,,,1685316854
cancel,19080,,,1685316854
cancel,24957,,,1685316854
newOrder,17546,0,16450,1685316880
newOrder,19080,1,16450,1685316880
newOrder,12202,0,20847,1685316880
newOrder,24957,1,20847,1685316880
cancel,12202,,,1685317454
cancel,17546,,,1685317454
cancel,19080,,,1685317454
cancel,24957,,,1685317454
newOrder,17547,0,16458,1685317477
newOrder,19080,1,16458,1685317477
newOrder,10528,0,69833,1685317477
newOrder,24999,1,69833,1685317477
cancel,10528,,,1685318055
cancel,17547,,,1685318055
cancel,19080,,,1685318055
cancel,24999,,,1685318055
newOrder,17547,0,16462,1685318078
newOrder,19080,1,16462,1685318078
newOrder,12301,0,17755,1685318078
newOrder,24957,1,17755,1685318078
cancel,12301,,,1685318654
cancel,17547,,,1685318654
cancel,19080,,,1685318654
cancel,24957,,,1685318654
newOrder,17547,0,16463,1685318678
newOrder,19080,1,16463,1685318678
newOrder,10528,0,84114,1685318678
newOrder,24999,1,84114,1685318678
cancel,10528,,,1685319254
cancel,17547,,,1685319254
cancel,19080,,,1685319254
cancel,24999,,,1685319254
newOrder,17547,0,16465,1685319281
newOrder,19080,1,16465,1685319281
newOrder,10528,0,64267,1685319281
newOrder,24999,1,64267,1685319281
cancel,10528,,,1685319854
cancel,17547,,,1685319854
cancel,19080,,,1685319854
cancel,24999,,,1685319854
newOrder,17547,0,16466,1685319879
newOrder,19080,1,16466,1685319879
newOrder,10528,0,62157,1685319879
newOrder,24999,1,62157,1685319879
cancel,10528,,,1685320455
cancel,17547,,,1685320455
cancel,19080,,,1685320455
cancel,24999,,,1685320455
newOrder,17547,0,16467,1685320479
newOrder,19080,1,16467,1685320479
newOrder,10528,0,76240,1685320479
newOrder,24999,1,76240,1685320479
cancel,10528,,,1685321056
cancel,17547,,,1685321056
cancel,19080,,,1685321056
cancel,24999,,,1685321056
newOrder,17547,0,16468,1685321078
newOrder,19080,1,16468,1685321078
newOrder,10528,0,88428,1685321078
newOrder,24999,1,88428,1685321078
cancel,10528,,,1685321655
cancel,17547,,,1685321655
cancel,19080,,,1685321655
cancel,24999,,,1685321655
newOrder,17547,0,16470,1685321679
newOrder,19080,1,16470,1685321679
newOrder,12202,0,26246,1685321679
newOrder,24957,1,26246,1685321679
cancel,12202,,,1685322254
cancel,17547,,,1685322254
cancel,19080,,,1685322254
cancel,24957,,,1685322254
newOrder,17547,0,16471,1685322278
newOrder,19080,1,16471,1685322278
newOrder,12302,0,31558,1685322278
newOrder,24957,1,31558,1685322278
cancel,12302,,,1685322854
cancel,17547,,,1685322854
cancel,19080,,,1685322854
cancel,24957,,,1685322854
newOrder,17472,0,15754,1685322879
newOrder,19080,1,15754,1685322879
newOrder,10483,0,44415,1685322879
newOrder,24999,1,44415,1685322879
cancel,10483,,,1685323455
cancel,17472,,,1685323455
cancel,19080,,,1685323455
cancel,24999,,,1685323455
newOrder,17442,0,15466,1685323479
newOrder,19080,1,15466,1685323479
newOrder,10465,0,68604,1685323479
newOrder,24999,1,68604,1685323479
cancel,10465,,,1685324055
cancel,17442,,,1685324055
cancel,19080,,,1685324055
cancel,24999,,,1685324055
newOrder,17441,0,15457,1685324078
newOrder,19080,1,15457,1685324078
newOrder,10464,0,50585,1685324078
newOrder,24999,1,50585,1685324078
cancel,10464,,,1685324654
cancel,17441,,,1685324654
cancel,19080,,,1685324654
cancel,24999,,,1685324654
newOrder,17321,0,14302,1685324677
newOrder,19080,1,14302,1685324677
newOrder,10393,0,46040,1685324677
newOrder,24999,1,46040,1685324677
cancel,10393,,,1685325254
cancel,17321,,,1685325254
cancel,19080,,,1685325254
cancel,24999,,,1685325254
newOrder,17321,0,14299,1685325277
newOrder,19080,1,14299,1685325277
newOrder,15111,0,12005,1685325277
cancel,15111,,,1685325854
cancel,17321,,,1685325854
cancel,19080,,,1685325854
newOrder,17321,0,14296,1685325879
newOrder,19080,1,14296,1685325879
newOrder,10393,0,61012,1685325879
newOrder,24999,1,61012,1685325879
cancel,10393,,,1685326454
cancel,17321,,,1685326454
cancel,19080,,,1685326454
cancel,24999,,,1685326454
newOrder,17321,0,14291,1685326479
newOrder,19080,1,14291,1685326479
newOrder,12302,0,23492,1685326479
newOrder,24957,1,23492,1685326479
cancel,12302,,,1685327054
cancel,17321,,,1685327054
cancel,19080,,,1685327054
cancel,24957,,,1685327054
newOrder,17320,0,14279,1685327079
newOrder,19080,1,14279,1685327079
newOrder,10392,0,54854,1685327079
newOrder,24999,1,54854,1685327079
cancel,10392,,,1685327654
cancel,17320,,,1685327654
cancel,19080,,,1685327654
cancel,24999,,,1685327654
newOrder,17321,0,14284,1685327679
newOrder,19080,1,14284,1685327679
newOrder,10393,0,73358,1685327679
newOrder,24999,1,73358,1685327679
cancel,10393,,,1685328255
cancel,17321,,,1685328255
cancel,19080,,,1685328255
cancel,24999,,,1685328255
newOrder,17321,0,14281,1685328280
newOrder,19080,1,14281,1685328280
newOrder,10393,0,42116,1685328280
newOrder,24999,1,42116,1685328280
cancel,10393,,,1685328855
cancel,17321,,,1685328855
cancel,19080,,,1685328855
cancel,24999,,,1685328855
newOrder,17321,0,14277,1685328879
newOrder,19080,1,14277,1685328879
newOrder,10393,0,46458,1685328879
newOrder,24999,1,46458,1685328879
cancel,10393,,,1685329456
cancel,17321,,,1685329456
cancel,19080,,,1685329456
cancel,24999,,,1685329456
newOrder,17321,0,14274,1685329479
newOrder,19080,1,14274,1685329479
newOrder,10393,0,60272,1685329479
newOrder,24999,1,60272,1685329479
cancel,10393,,,1685330055
cancel,17321,,,1685330055
cancel,19080,,,1685330055
cancel,24999,,,1685330055
newOrder,17321,0,14270,1685330079
newOrder,19080,1,14270,1685330079
newOrder,10393,0,75326,1685330079
newOrder,24999,1,75326,1685330079
cancel,10393,,,1685330655
cancel,17321,,,1685330655
cancel,19080,,,1685330655
cancel,24999,,,1685330655
newOrder,17321,0,14267,1685330677
newOrder,19080,1,14267,1685330677
newOrder,10393,0,61516,1685330677
newOrder,24999,1,61516,1685330677
cancel,10393,,,1685331254
cancel,17321,,,1685331254
cancel,19080,,,1685331254
cancel,24999,,,1685331254
newOrder,17321,0,14258,1685331277
newOrder,19080,1,14258,1685331277
newOrder,10392,0,62621,1685331277
newOrder,24999,1,62621,1685331277
cancel,10392,,,1685331855
cancel,17321,,,1685331855
cancel,19080,,,1685331855
cancel,24999,,,1685331855
newOrder,17321,0,14254,1685331879
newOrder,19080,1,14254,1685331879
newOrder,10392,0,75210,1685331879
newOrder,24999,1,75210,1685331879
cancel,10392,,,1685332455
cancel,17321,,,1685332455
cancel,19080,,,1685332455
cancel,24999,,,1685332455
newOrder,17321,0,14250,1685332478
newOrder,19080,1,14250,1685332478
newOrder,10392,0,37872,1685332478
newOrder,24957,1,37872,1685332478
cancel,10392,,,1685333054
cancel,17321,,,1685333054
cancel,19080,,,1685333054
cancel,24957,,,1685333054
newOrder,17321,0,14246,1685333077
newOrder,19080,1,14246,1685333077
newOrder,12302,0,28611,1685333077
newOrder,24957,1,28611,1685333077
cancel,12302,,,1685333654
cancel,17321,,,1685333654
cancel,19080,,,1685333654
cancel,24957,,,1685333654
newOrder,17321,0,14243,1685333678
newOrder,19080,1,14243,1685333678
newOrder,12302,0,25811,1685333678
newOrder,24957,1,25811,1685333678
cancel,12302,,,1685334255
cancel,17321,,,1685334255
cancel,19080,,,1685334255
cancel,24957,,,1685334255
newOrder,17321,0,14239,1685334281
newOrder,19080,1,14239,1685334281
newOrder,10392,0,64977,1685334281
newOrder,24999,1,64977,1685334281
cancel,10392,,,1685334854
cancel,17321,,,1685334854
cancel,19080,,,1685334854
cancel,24999,,,1685334854
newOrder,17321,0,14235,1685334878
newOrder,19080,1,14235,1685334878
newOrder,10392,0,50244,1685334878
newOrder,24999,1,50244,1685334878
cancel,10392,,,1685335454
cancel,17321,,,1685335454
cancel,19080,,,1685335454
cancel,24999,,,1685335454
newOrder,17321,0,14231,1685335477
newOrder,19080,1,14231,1685335477
newOrder,12302,0,28577,1685335477
newOrder,24957,1,28577,1685335477
cancel,12302,,,1685336054
cancel,17321,,,1685336054
cancel,19080,,,1685336054
cancel,24957,,,1685336054
newOrder,17217,0,13198,1685336078
newOrder,19080,1,13198,1685336078
newOrder,12013,0,33254,1685336078
newOrder,24957,1,33254,1685336078
cancel,12013,,,1685336654
cancel,17217,,,1685336654
cancel,19080,,,1685336654
cancel,24957,,,1685336654
newOrder,17217,0,13193,1685336678
newOrder,19080,1,13193,1685336678
newOrder,12302,0,25515,1685336678
newOrder,24957,1,25515,1685336678
cancel,12302,,,1685337254
cancel,17217,,,1685337254
cancel,19080,,,1685337254
cancel,24957,,,1685337254
newOrder,17217,0,13186,1685337277
newOrder,19080,1,13186,1685337277
newOrder,12301,0,29874,1685337277
newOrder,24957,1,29874,1685337277
cancel,12301,,,1685337855
cancel,17217,,,1685337855
cancel,19080,,,1685337855
cancel,24957,,,1685337855
newOrder,17216,0,13171,1685337878
newOrder,19080,1,13171,1685337878
newOrder,10330,0,45204,1685337878
newOrder,24999,1,45204,1685337878
cancel,10330,,,1685338455
cancel,17216,,,1685338455
cancel,19080,,,1685338455
cancel,24999,,,1685338455
newOrder,17216,0,13166,1685338477
newOrder,19080,1,13166,1685338477
newOrder,10330,0,48875,1685338477
newOrder,24999,1,48875,1685338477
cancel,10330,,,1685339054
cancel,17216,,,1685339054
cancel,19080,,,1685339054
cancel,24999,,,1685339054
newOrder,17216,0,13159,1685339077
newOrder,19080,1,13159,1685339077
newOrder,15101,0,13733,1685339077
newOrder,24957,1,13733,1685339077
cancel,15101,,,1685339654
cancel,17216,,,1685339654
cancel,19080,,,1685339654
cancel,24957,,,1685339654
newOrder,17216,0,13152,1685339677
newOrder,19080,1,13152,1685339677
newOrder,10330,0,60008,1685339677
newOrder,24999,1,60008,1685339677
cancel,10330,,,1685340255
cancel,17216,,,1685340255
cancel,19080,,,1685340255
cancel,24999,,,1685340255
newOrder,17216,0,13145,1685340277
newOrder,19080,1,13145,1685340277
newOrder,10330,0,47215,1685340277
newOrder,24999,1,47215,1685340277
cancel,10330,,,1685340854
cancel,17216,,,1685340854
cancel,19080,,,1685340854
cancel,24999,,,1685340854
newOrder,17216,0,13138,1685340880
newOrder,19080,1,13138,1685340880
newOrder,10329,0,48259,1685340880
newOrder,24999,1,48259,1685340880
cancel,10329,,,1685341454
cancel,17216,,,1685341454
cancel,19080,,,1685341454
cancel,24999,,,1685341454
newOrder,17216,0,13138,1685341477
newOrder,19080,1,13138,1685341477
newOrder,10330,0,45314,1685341477
newOrder,24999,1,45314,1685341477
cancel,10330,,,1685342054
cancel,17216,,,1685342054
cancel,19080,,,1685342054
cancel,24999,,,1685342054
newOrder,17216,0,13123,1685342077
newOrder,19080,1,13123,1685342077
newOrder,10329,0,36529,1685342077
newOrder,24957,1,36529,1685342077
cancel,10329,,,1685342655
cancel,17216,,,1685342655
cancel,19080,,,1685342655
cancel,24957,,,1685342655
newOrder,17216,0,13119,1685342678
newOrder,19080,1,13119,1685342678
newOrder,10329,0,45349,1685342678
newOrder,24999,1,45349,1685342678
cancel,10329,,,1685343255
cancel,17216,,,1685343255
cancel,19080,,,1685343255
cancel,24999,,,1685343255
newOrder,17216,0,13110,1685343277
newOrder,19080,1,13110,1685343277
newOrder,12302,0,15395,1685343277
newOrder,24957,1,15395,1685343277
cancel,12302,,,1685343854
cancel,17216,,,1685343854
cancel,19080,,,1685343854
cancel,24957,,,1685343854
newOrder,17215,0,13102,1685343877
newOrder,19080,1,13102,1685343877
newOrder,12302,0,26454,1685343877
newOrder,24957,1,26454,1685343877
cancel,12302,,,1685344454
cancel,17215,,,1685344454
cancel,19080,,,1685344454
cancel,24957,,,1685344454
newOrder,17214,0,13086,1685344477
newOrder,19080,1,13086,1685344477
newOrder,10329,0,67888,1685344477
newOrder,24999,1,67888,1685344477
cancel,10329,,,1685345056
cancel,17214,,,1685345056
cancel,19080,,,1685345056
cancel,24999,,,1685345056
newOrder,17214,0,13078,1685345078
newOrder,19080,1,13078,1685345078
newOrder,12162,0,31509,1685345078
newOrder,24957,1,31509,1685345078
cancel,12162,,,1685345654
cancel,17214,,,1685345654
cancel,19080,,,1685345654
cancel,24957,,,1685345654
newOrder,17214,0,13069,1685345678
newOrder,19080,1,13069,1685345678
newOrder,12162,0,31821,1685345678
newOrder,24957,1,31821,1685345678
cancel,12162,,,1685346255
cancel,17214,,,1685346255
cancel,19080,,,1685346255
cancel,24957,,,1685346255
newOrder,17213,0,13056,1685346278
newOrder,19080,1,13056,1685346278
newOrder,10328,0,52850,1685346278
newOrder,24999,1,52850,1685346278
cancel,10328,,,1685346854
cancel,17213,,,1685346854
cancel,19080,,,1685346854
cancel,24999,,,1685346854
newOrder,17214,0,13050,1685346878
newOrder,19080,1,13050,1685346878
newOrder,12302,0,18907,1685346878
newOrder,24957,1,18907,1685346878
cancel,12302,,,1685347454
cancel,17214,,,1685347454
cancel,19080,,,1685347454
cancel,24957,,,1685347454
newOrder,17214,0,13045,1685347477
newOrder,19080,1,13045,1685347477
newOrder,10328,0,38993,1685347477
newOrder,24999,1,38993,1685347477
cancel,10328,,,1685348055
cancel,17214,,,1685348055
cancel,19080,,,1685348055
cancel,24999,,,1685348055
newOrder,17214,0,13041,1685348076
newOrder,19080,1,13041,1685348076
newOrder,15101,0,13558,1685348076
newOrder,24957,1,13558,1685348076
cancel,15101,,,1685348654
cancel,17214,,,1685348654
cancel,19080,,,1685348654
cancel,24957,,,1685348654
newOrder,17215,0,13041,1685348679
newOrder,19080,1,13041,1685348679
newOrder,10329,0,69684,1685348679
newOrder,24999,1,69684,1685348679
cancel,10329,,,1685349254
cancel,17215,,,1685349254
cancel,19080,,,1685349254
cancel,24999,,,1685349254
newOrder,17194,0,12824,1685349277
newOrder,19080,1,12824,1685349277
newOrder,10316,0,42862,1685349277
newOrder,24999,1,42862,1685349277
cancel,10316,,,1685349854
cancel,17194,,,1685349854
cancel,19080,,,1685349854
cancel,24999,,,1685349854
newOrder,17193,0,12805,1685349877
newOrder,19080,1,12805,1685349877
newOrder,15111,0,10670,1685349877
cancel,15111,,,1685350454
cancel,17193,,,1685350454
cancel,19080,,,1685350454
newOrder,17193,0,12801,1685350480
newOrder,19080,1,12801,1685350480
newOrder,12302,0,18721,1685350480
newOrder,24957,1,18721,1685350480
cancel,12302,,,1685351054
cancel,17193,,,1685351054
cancel,19080,,,1685351054
cancel,24957,,,1685351054
newOrder,17193,0,12791,1685351077
newOrder,19080,1,12791,1685351077
newOrder,10316,0,41390,1685351077
newOrder,24999,1,41390,1685351077
cancel,10316,,,1685351654
cancel,17193,,,1685351654
cancel,19080,,,1685351654
cancel,24999,,,1685351654
newOrder,17193,0,12789,1685351678
newOrder,19080,1,12789,1685351678
newOrder,12302,0,23961,1685351678
newOrder,24957,1,23961,1685351678
cancel,12302,,,1685352254
cancel,17193,,,1685352254
cancel,19080,,,1685352254
cancel,24957,,,1685352254
newOrder,17191,0,12758,1685352278
newOrder,19080,1,12758,1685352278
newOrder,10315,0,64442,1685352278
newOrder,24999,1,64442,1685352278
cancel,10315,,,1685352855
cancel,17191,,,1685352855
cancel,19080,,,1685352855
cancel,24999,,,1685352855
newOrder,17191,0,12751,1685352880
newOrder,19080,1,12751,1685352880
newOrder,12302,0,26428,1685352880
newOrder,24957,1,26428,1685352880
cancel,12302,,,1685353455
cancel,17191,,,1685353455
cancel,19080,,,1685353455
cancel,24957,,,1685353455
newOrder,17190,0,12736,1685353477
newOrder,19080,1,12736,1685353477
newOrder,10314,0,65006,1685353477
newOrder,24999,1,65006,1685353477
cancel,10314,,,1685354054
cancel,17190,,,1685354054
cancel,19080,,,1685354054
cancel,24999,,,1685354054
newOrder,17205,0,12875,1685354077
newOrder,19080,1,12875,1685354077
newOrder,15111,0,13036,1685354077
newOrder,21899,1,13036,1685354077
cancel,15111,,,1685354654
cancel,17205,,,1685354654
cancel,19080,,,1685354654
cancel,21899,,,1685354654
newOrder,17203,0,12850,1685354679
newOrder,19080,1,12850,1685354679
newOrder,12013,0,32293,1685354679
newOrder,24957,1,32293,1685354679
cancel,12013,,,1685355254
cancel,17203,,,1685355254
cancel,19080,,,1685355254
cancel,24957,,,1685355254
newOrder,17204,0,12851,1685355276
newOrder,19080,1,12851,1685355276
newOrder,10322,0,66664,1685355276
newOrder,24999,1,66664,1685355276
cancel,10322,,,1685355854
cancel,17204,,,1685355854
cancel,19080,,,1685355854
cancel,24999,,,1685355854
newOrder,17204,0,12843,1685355878
newOrder,19080,1,12843,1685355878
newOrder,10322,0,57744,1685355878
newOrder,24999,1,57744,1685355878
cancel,10322,,,1685356455
cancel,17204,,,1685356455
cancel,19080,,,1685356455
cancel,24999,,,1685356455
newOrder,17208,0,12878,1685356478
newOrder,19080,1,12878,1685356478
newOrder,10325,0,47080,1685356478
newOrder,24999,1,47080,1685356478
cancel,10325,,,1685357055
cancel,17208,,,1685357055
cancel,19080,,,1685357055
cancel,24999,,,1685357055
newOrder,17210,0,12889,1685357078
newOrder,19080,1,12889,1685357078
newOrder,12302,0,16346,1685357078
newOrder,24957,1,16346,1685357078
cancel,12302,,,1685357654
cancel,17210,,,1685357654
cancel,19080,,,1685357654
cancel,24957,,,1685357654
newOrder,17210,0,12883,1685357676
newOrder,19080,1,12883,1685357676
newOrder,12162,0,30144,1685357676
newOrder,24957,1,30144,1685357676
cancel,12162,,,1685358254
cancel,17210,,,1685358254
cancel,19080,,,1685358254
cancel,24957,,,1685358254
newOrder,17210,0,12875,1685358278
newOrder,19080,1,12875,1685358278
newOrder,12302,0,16051,1685358278
newOrder,24957,1,16051,1685358278
cancel,12302,,,1685358854
cancel,17210,,,1685358854
cancel,19080,,,1685358854
cancel,24957,,,1685358854
newOrder,17210,0,12866,1685358880
newOrder,19080,1,12866,1685358880
newOrder,10326,0,68601,1685358880
newOrder,24999,1,68601,1685358880
cancel,10326,,,1685359454
cancel,17210,,,1685359454
cancel,19080,,,1685359454
cancel,24999,,,1685359454
newOrder,17209,0,12850,1685359478
newOrder,19080,1,12850,1685359478
newOrder,10325,0,46395,1685359478
newOrder,24999,1,46395,1685359478
cancel,10325,,,1685360054
cancel,17209,,,1685360054
cancel,19080,,,1685360054
cancel,24999,,,1685360054
newOrder,17210,0,12849,1685360076
newOrder,19080,1,12849,1685360076
newOrder,15111,0,8318,1685360076
cancel,15111,,,1685360655
cancel,17210,,,1685360655
cancel,19080,,,1685360655
newOrder,17209,0,12832,1685360677
newOrder,19080,1,12832,1685360677
newOrder,12302,0,19159,1685360677
newOrder,24957,1,19159,1685360677
cancel,12302,,,1685361255
cancel,17209,,,1685361255
cancel,19080,,,1685361255
cancel,24957,,,1685361255
newOrder,17209,0,12823,1685361277
newOrder,19080,1,12823,1685361277
newOrder,10325,0,36129,1685361277
newOrder,24957,1,36129,1685361277
cancel,10325,,,1685361854
cancel,17209,,,1685361854
cancel,19080,,,1685361854
cancel,24957,,,1685361854
newOrder,17209,0,12814,1685361877
newOrder,19080,1,12814,1685361877
newOrder,10325,0,54087,1685361877
newOrder,24999,1,54087,1685361877