instruction,price,side,qty,time
cancel,12089,,,1681401324
cancel,18893,,,1681401324
cancel,19066,,,1681401324
cancel,24999,,,1681401324
newOrder,18893,0,9768,1681401354
newOrder,19066,1,9768,1681401354
newOrder,12089,0,31422,1681401354
newOrder,24999,1,31422,1681401354
cancel,12089,,,1681401924
cancel,18893,,,1681401924
cancel,19066,,,1681401924
cancel,24999,,,1681401924
newOrder,18893,0,9769,1681401955
newOrder,19066,1,9769,1681401955
newOrder,14003,0,14467,1681401955
newOrder,24999,1,14467,1681401955
cancel,14003,,,1681402524
cancel,18893,,,1681402524
cancel,19066,,,1681402524
cancel,24999,,,1681402524
newOrder,18893,0,9770,1681402555
newOrder,19066,1,9770,1681402555
newOrder,12089,0,51542,1681402555
newOrder,24999,1,51542,1681402555
cancel,12089,,,1681403124
cancel,18893,,,1681403124
cancel,19066,,,1681403124
cancel,24999,,,1681403124
newOrder,18893,0,9772,1681403155
newOrder,19066,1,9772,1681403155
newOrder,14003,0,13024,1681403155
newOrder,24999,1,13024,1681403155
cancel,14003,,,1681403725
cancel,18893,,,1681403725
cancel,19066,,,1681403725
cancel,24999,,,1681403725
newOrder,18893,0,9773,1681403756
newOrder,19066,1,9773,1681403756
newOrder,12089,0,37557,1681403756
newOrder,24999,1,37557,1681403756
cancel,12089,,,1681404324
cancel,18893,,,1681404324
cancel,19066,,,1681404324
cancel,24999,,,1681404324
newOrder,18893,0,9774,1681404356
newOrder,19066,1,9774,1681404356
newOrder,12089,0,48599,1681404356
newOrder,24999,1,48599,1681404356
cancel,12089,,,1681404924
cancel,18893,,,1681404924
cancel,19066,,,1681404924
cancel,24999,,,1681404924
newOrder,18893,0,9775,1681404955
newOrder,19066,1,9775,1681404955
newOrder,12089,0,30551,1681404955
newOrder,24999,1,30551,1681404955
cancel,12089,,,1681405524
cancel,18893,,,1681405524
cancel,19066,,,1681405524
cancel,24999,,,1681405524
newOrder,18893,0,9777,1681405555
newOrder,19066,1,9777,1681405555
newOrder,12089,0,46000,1681405555
newOrder,24999,1,46000,1681405555
cancel,12089,,,1681406124
cancel,18893,,,1681406124
cancel,19066,,,1681406124
cancel,24999,,,1681406124
newOrder,18893,0,9778,1681406154
newOrder,19066,1,9778,1681406154
newOrder,12089,0,48734,1681406154
newOrder,24999,1,48734,1681406154
cancel,12089,,,1681406725
cancel,18893,,,1681406725
cancel,19066,,,1681406725
cancel,24999,,,1681406725
newOrder,18893,0,9779,1681406755
newOrder,19066,1,9779,1681406755
newOrder,12089,0,39357,1681406755
newOrder,24999,1,39357,1681406755
cancel,12089,,,1681407324
cancel,18893,,,1681407324
cancel,19066,,,1681407324
cancel,24999,,,1681407324
newOrder,18899,0,9776,1681407352
newOrder,19066,1,9776,1681407352
newOrder,14003,0,14713,1681407352
newOrder,24999,1,14713,1681407352
cancel,14003,,,1681407924
cancel,18899,,,1681407924
cancel,19066,,,1681407924
cancel,24999,,,1681407924
newOrder,18900,0,9777,1681407950
newOrder,19066,1,9777,1681407950
newOrder,12089,0,50079,1681407950
newOrder,24999,1,50079,1681407950
cancel,12089,,,1681408523
cancel,18900,,,1681408523
cancel,19066,,,1681408523
cancel,24999,,,1681408523
newOrder,18898,0,9779,1681408552
newOrder,19066,1,9779,1681408552
newOrder,12089,0,40509,1681408552
newOrder,24999,1,40509,1681408552
cancel,12089,,,1681409124
cancel,18898,,,1681409124
cancel,19066,,,1681409124
cancel,24999,,,1681409124
newOrder,18898,0,9780,1681409153
newOrder,19066,1,9780,1681409153
newOrder,15001,0,11801,1681409153
newOrder,24999,1,11801,1681409153
cancel,15001,,,1681409724
cancel,18898,,,1681409724
cancel,19066,,,1681409724
cancel,24999,,,1681409724
newOrder,18902,0,9779,1681409752
newOrder,19066,1,9779,1681409752
newOrder,12089,0,38162,1681409752
newOrder,24999,1,38162,1681409752
cancel,12089,,,1681410324
cancel,18902,,,1681410324
cancel,19066,,,1681410324
cancel,24999,,,1681410324
newOrder,18900,0,9782,1681410353
newOrder,19066,1,9782,1681410353
newOrder,14003,0,23698,1681410353
newOrder,24999,1,23698,1681410353
cancel,14003,,,1681410924
cancel,18900,,,1681410924
cancel,19066,,,1681410924
cancel,24999,,,1681410924
newOrder,18901,0,9782,1681410952
newOrder,19066,1,9782,1681410952
newOrder,12089,0,34417,1681410952
newOrder,24999,1,34417,1681410952
cancel,12089,,,1681411524
cancel,18901,,,1681411524
cancel,19066,,,1681411524
cancel,24999,,,1681411524
newOrder,18853,0,9818,1681411554
newOrder,19066,1,9818,1681411554
newOrder,15001,0,11873,1681411554
newOrder,24999,1,11873,1681411554
cancel,15001,,,1681412124
cancel,18853,,,1681412124
cancel,19066,,,1681412124
cancel,24999,,,1681412124
newOrder,18836,0,9831,1681412153
newOrder,19066,1,9831,1681412153
newOrder,15001,0,11649,1681412153
newOrder,24499,1,11649,1681412153
cancel,15001,,,1681412724
cancel,18836,,,1681412724
cancel,19066,,,1681412724
cancel,24499,,,1681412724
newOrder,18835,0,9833,1681412753
newOrder,19066,1,9833,1681412753
newOrder,12089,0,35479,1681412753
newOrder,24999,1,35479,1681412753
cancel,12089,,,1681413326
cancel,18835,,,1681413326
cancel,19066,,,1681413326
cancel,24999,,,1681413326
newOrder,18833,0,9836,1681413355
newOrder,19066,1,9836,1681413355
newOrder,12089,0,41937,1681413355
newOrder,24999,1,41937,1681413355
cancel,12089,,,1681413924
cancel,18833,,,1681413924
cancel,19066,,,1681413924
cancel,24999,,,1681413924
newOrder,18836,0,9835,1681413953
newOrder,19066,1,9835,1681413953
newOrder,12089,0,45885,1681413953
newOrder,24999,1,45885,1681413953
cancel,12089,,,1681414524
cancel,18836,,,1681414524
cancel,19066,,,1681414524
cancel,24999,,,1681414524
newOrder,18836,0,9836,1681414553
newOrder,19066,1,9836,1681414553
newOrder,14003,0,26011,1681414553
newOrder,24999,1,26011,1681414553
cancel,14003,,,1681415124
cancel,18836,,,1681415124
cancel,19066,,,1681415124
cancel,24999,,,1681415124
newOrder,18835,0,9838,1681415152
newOrder,19066,1,9838,1681415152
newOrder,12089,0,46932,1681415152
newOrder,24999,1,46932,1681415152
cancel,12089,,,1681415724
cancel,18835,,,1681415724
cancel,19066,,,1681415724
cancel,24999,,,1681415724
newOrder,18934,0,9679,1681415753
newOrder,19181,1,9679,1681415753
newOrder,14003,0,12298,1681415753
newOrder,24999,1,12298,1681415753
cancel,14003,,,1681416324
cancel,18934,,,1681416324
cancel,19181,,,1681416324
cancel,24999,,,1681416324
newOrder,18934,0,9681,1681416353
newOrder,19181,1,9681,1681416353
newOrder,14003,0,15421,1681416353
newOrder,24999,1,15421,1681416353
cancel,14003,,,1681416924
cancel,18934,,,1681416924
cancel,19181,,,1681416924
cancel,24999,,,1681416924
newOrder,18934,0,9677,1681416953
newOrder,19187,1,9677,1681416953
newOrder,14003,0,25332,1681416953
newOrder,24999,1,25332,1681416953
cancel,14003,,,1681417524
cancel,18934,,,1681417524
cancel,19187,,,1681417524
cancel,24999,,,1681417524
newOrder,18934,0,9680,1681417553
newOrder,19185,1,9680,1681417553
newOrder,12089,0,31835,1681417553
newOrder,24999,1,31835,1681417553
cancel,12089,,,1681418125
cancel,18934,,,1681418125
cancel,19185,,,1681418125
cancel,24999,,,1681418125
newOrder,18934,0,9681,1681418155
newOrder,19185,1,9681,1681418155
newOrder,14003,0,17598,1681418155
newOrder,24999,1,17598,1681418155
cancel,14003,,,1681418725
cancel,18934,,,1681418725
cancel,19185,,,1681418725
cancel,24999,,,1681418725
newOrder,18934,0,9682,1681418753
newOrder,19186,1,9682,1681418753
newOrder,14003,0,24390,1681418753
newOrder,24999,1,24390,1681418753
cancel,14003,,,1681419324
cancel,18934,,,1681419324
cancel,19186,,,1681419324
cancel,24999,,,1681419324
newOrder,18934,0,9684,1681419353
newOrder,19184,1,9684,1681419353
newOrder,14003,0,15336,1681419353
newOrder,24999,1,15336,1681419353
cancel,14003,,,1681419924
cancel,18934,,,1681419924
cancel,19184,,,1681419924
cancel,24999,,,1681419924
newOrder,18934,0,9685,1681419953
newOrder,19185,1,9685,1681419953
newOrder,12089,0,47609,1681419953
newOrder,24999,1,47609,1681419953
cancel,12089,,,1681420525
cancel,18934,,,1681420525
cancel,19185,,,1681420525
cancel,24999,,,1681420525
newOrder,18934,0,9687,1681420553
newOrder,19184,1,9687,1681420553
newOrder,14003,0,19254,1681420553
newOrder,24999,1,19254,1681420553
cancel,14003,,,1681421124
cancel,18934,,,1681421124
cancel,19184,,,1681421124
cancel,24999,,,1681421124
newOrder,18934,0,9687,1681421152
newOrder,19185,1,9687,1681421152
newOrder,14003,0,12731,1681421152
newOrder,24999,1,12731,1681421152
cancel,14003,,,1681421724
cancel,18934,,,1681421724
cancel,19185,,,1681421724
cancel,24999,,,1681421724
newOrder,18934,0,9688,1681421752
newOrder,19186,1,9688,1681421752
newOrder,15102,0,9002,1681421752
newOrder,21899,1,9002,1681421752
cancel,15102,,,1681422324
cancel,18934,,,1681422324
cancel,19186,,,1681422324
cancel,21899,,,1681422324
newOrder,18934,0,9691,1681422353
newOrder,19184,1,9691,1681422353
newOrder,14003,0,19368,1681422353
newOrder,24999,1,19368,1681422353
cancel,14003,,,1681422924
cancel,18934,,,1681422924
cancel,19184,,,1681422924
cancel,24999,,,1681422924
newOrder,18934,0,9691,1681422953
newOrder,19185,1,9691,1681422953
newOrder,14003,0,21044,1681422953
newOrder,24999,1,21044,1681422953
cancel,14003,,,1681423524
cancel,18934,,,1681423524
cancel,19185,,,1681423524
cancel,24999,,,1681423524
newOrder,18934,0,9692,1681423553
newOrder,19186,1,9692,1681423553
newOrder,14003,0,23709,1681423553
newOrder,24999,1,23709,1681423553
cancel,14003,,,1681424124
cancel,18934,,,1681424124
cancel,19186,,,1681424124
cancel,24999,,,1681424124
newOrder,18934,0,9697,1681424152
newOrder,19181,1,9697,1681424152
newOrder,15102,0,7193,1681424152
newOrder,21899,1,7193,1681424152
cancel,15102,,,1681424724
cancel,18934,,,1681424724
cancel,19181,,,1681424724
cancel,21899,,,1681424724
newOrder,18934,0,9722,1681424763
newOrder,19150,1,9722,1681424763
newOrder,12089,0,34991,1681424763
newOrder,24999,1,34991,1681424763
cancel,12089,,,1681425324
cancel,18934,,,1681425324
cancel,19150,,,1681425324
cancel,24999,,,1681425324
newOrder,18934,0,9698,1681425352
newOrder,19182,1,9698,1681425352
newOrder,12089,0,28976,1681425352
newOrder,24999,1,28976,1681425352
cancel,12089,,,1681425924
cancel,18934,,,1681425924
cancel,19182,,,1681425924
cancel,24999,,,1681425924
newOrder,18934,0,9699,1681425953
newOrder,19182,1,9699,1681425953
newOrder,14003,0,15756,1681425953
newOrder,24999,1,15756,1681425953
cancel,14003,,,1681426525
cancel,18934,,,1681426525
cancel,19182,,,1681426525
cancel,24999,,,1681426525
newOrder,18934,0,9701,1681426554
newOrder,19182,1,9701,1681426554
newOrder,12089,0,27721,1681426554
newOrder,24999,1,27721,1681426554
cancel,12089,,,1681427124
cancel,18934,,,1681427124
cancel,19182,,,1681427124
cancel,24999,,,1681427124
newOrder,18934,0,9702,1681427153
newOrder,19182,1,9702,1681427153
newOrder,12089,0,33855,1681427153
newOrder,24999,1,33855,1681427153
cancel,12089,,,1681427724
cancel,18934,,,1681427724
cancel,19182,,,1681427724
cancel,24999,,,1681427724
newOrder,18934,0,9703,1681427753
newOrder,19182,1,9703,1681427753
newOrder,15102,0,6420,1681427753
newOrder,21899,1,6420,1681427753
cancel,15102,,,1681428324
cancel,18934,,,1681428324
cancel,19182,,,1681428324
cancel,21899,,,1681428324
newOrder,18934,0,9704,1681428353
newOrder,19182,1,9704,1681428353
newOrder,13597,0,26193,1681428353
newOrder,24999,1,26193,1681428353
cancel,13597,,,1681428924
cancel,18934,,,1681428924
cancel,19182,,,1681428924
cancel,24999,,,1681428924
newOrder,18934,0,9706,1681428951
newOrder,19182,1,9706,1681428951
newOrder,12089,0,36560,1681428951
newOrder,24999,1,36560,1681428951
cancel,12089,,,1681429524
cancel,18934,,,1681429524
cancel,19182,,,1681429524
cancel,24999,,,1681429524
newOrder,18934,0,9707,1681429551
newOrder,19182,1,9707,1681429551
newOrder,12089,0,50546,1681429551
newOrder,24999,1,50546,1681429551
cancel,12089,,,1681430124
cancel,18934,,,1681430124
cancel,19182,,,1681430124
cancel,24999,,,1681430124
newOrder,18934,0,9708,1681430153
newOrder,19182,1,9708,1681430153
newOrder,12089,0,44221,1681430153
newOrder,24999,1,44221,1681430153
cancel,12089,,,1681430724
cancel,18934,,,1681430724
cancel,19182,,,1681430724
cancel,24999,,,1681430724
newOrder,18934,0,9709,1681430753
newOrder,19182,1,9709,1681430753
newOrder,12089,0,36100,1681430753
newOrder,24999,1,36100,1681430753
cancel,12089,,,1681431324
cancel,18934,,,1681431324
cancel,19182,,,1681431324
cancel,24999,,,1681431324
newOrder,18934,0,9707,1681431353
newOrder,19187,1,9707,1681431353
newOrder,14003,0,15498,1681431353
newOrder,24999,1,15498,1681431353
cancel,14003,,,1681431924
cancel,18934,,,1681431924
cancel,19187,,,1681431924
cancel,24999,,,1681431924
newOrder,18934,0,9708,1681431952
newOrder,19187,1,9708,1681431952
newOrder,14003,0,19499,1681431952
newOrder,24999,1,19499,1681431952
cancel,14003,,,1681432524
cancel,18934,,,1681432524
cancel,19187,,,1681432524
cancel,24999,,,1681432524
newOrder,18934,0,9709,1681432551
newOrder,19187,1,9709,1681432551
newOrder,12089,0,30327,1681432551
newOrder,24999,1,30327,1681432551
cancel,12089,,,1681433125
cancel,18934,,,1681433125
cancel,19187,,,1681433125
cancel,24999,,,1681433125
newOrder,18934,0,9711,1681433155
newOrder,19187,1,9711,1681433155
newOrder,12089,0,38687,1681433155
newOrder,24999,1,38687,1681433155
cancel,12089,,,1681433724
cancel,18934,,,1681433724
cancel,19187,,,1681433724
cancel,24999,,,1681433724
newOrder,18934,0,9712,1681433751
newOrder,19187,1,9712,1681433751
newOrder,12089,0,36122,1681433751
newOrder,24999,1,36122,1681433751
cancel,12089,,,1681434324
cancel,18934,,,1681434324
cancel,19187,,,1681434324
cancel,24999,,,1681434324
newOrder,18934,0,9713,1681434352
newOrder,19187,1,9713,1681434352
newOrder,12089,0,33326,1681434352
newOrder,24999,1,33326,1681434352
cancel,12089,,,1681434925
cancel,18934,,,1681434925
cancel,19187,,,1681434925
cancel,24999,,,1681434925
newOrder,18934,0,9714,1681434954
newOrder,19187,1,9714,1681434954
newOrder,12089,0,38604,1681434954
newOrder,24999,1,38604,1681434954
cancel,12089,,,1681435525
cancel,18934,,,1681435525
cancel,19187,,,1681435525
cancel,24999,,,1681435525
newOrder,18934,0,9715,1681435554
newOrder,19187,1,9715,1681435554
newOrder,12089,0,43828,1681435554
newOrder,24999,1,43828,1681435554
cancel,12089,,,1681436124
cancel,18934,,,1681436124
cancel,19187,,,1681436124
cancel,24999,,,1681436124
newOrder,18301,0,10181,1681436152
newOrder,19066,1,10181,1681436152
newOrder,12089,0,30061,1681436152
newOrder,24999,1,30061,1681436152
cancel,12089,,,1681436725
cancel,18301,,,1681436725
cancel,19066,,,1681436725
cancel,24999,,,1681436725
newOrder,18934,0,9770,1681436753
newOrder,19121,1,9770,1681436753
newOrder,12089,0,30479,1681436753
newOrder,24999,1,30479,1681436753
cancel,12089,,,1681437324
cancel,18934,,,1681437324
cancel,19121,,,1681437324
cancel,24999,,,1681437324
newOrder,18934,0,9742,1681437352
newOrder,19158,1,9742,1681437352
newOrder,12089,0,40354,1681437352
newOrder,24999,1,40354,1681437352
cancel,12089,,,1681437924
cancel,18934,,,1681437924
cancel,19158,,,1681437924
cancel,24999,,,1681437924
newOrder,18934,0,9744,1681437954
newOrder,19158,1,9744,1681437954
newOrder,12089,0,38413,1681437954
newOrder,24999,1,38413,1681437954
cancel,12089,,,1681438524
cancel,18934,,,1681438524
cancel,19158,,,1681438524
cancel,24999,,,1681438524
newOrder,18934,0,9745,1681438553
newOrder,19158,1,9745,1681438553
newOrder,12089,0,46229,1681438553
newOrder,24999,1,46229,1681438553
cancel,12089,,,1681439124
cancel,18934,,,1681439124
cancel,19158,,,1681439124
cancel,24999,,,1681439124
newOrder,18934,0,9768,1681439153
newOrder,19131,1,9768,1681439153
newOrder,14003,0,15175,1681439153
newOrder,24999,1,15175,1681439153
cancel,14003,,,1681439724
cancel,18934,,,1681439724
cancel,19131,,,1681439724
cancel,24999,,,1681439724
newOrder,18934,0,9771,1681439753
newOrder,19128,1,9771,1681439753
newOrder,14003,0,20007,1681439753
newOrder,24999,1,20007,1681439753
cancel,14003,,,1681440324
cancel,18934,,,1681440324
cancel,19128,,,1681440324
cancel,24999,,,1681440324
newOrder,18934,0,9775,1681440351
newOrder,19125,1,9775,1681440351
newOrder,15102,0,6362,1681440351
newOrder,21899,1,6362,1681440351
cancel,15102,,,1681440923
cancel,18934,,,1681440923
cancel,19125,,,1681440923
cancel,21899,,,1681440923
newOrder,18934,0,9777,1681440953
newOrder,19124,1,9777,1681440953
newOrder,13597,0,27011,1681440953
newOrder,24999,1,27011,1681440953
cancel,13597,,,1681441524
cancel,18934,,,1681441524
cancel,19124,,,1681441524
cancel,24999,,,1681441524
newOrder,18934,0,9777,1681441552
newOrder,19125,1,9777,1681441552
newOrder,15002,0,11052,1681441552
newOrder,24499,1,11052,1681441552
cancel,15002,,,1681442125
cancel,18934,,,1681442125
cancel,19125,,,1681442125
cancel,24499,,,1681442125
newOrder,18934,0,9777,1681442155
newOrder,19127,1,9777,1681442155
newOrder,14003,0,18935,1681442155
newOrder,24999,1,18935,1681442155
cancel,14003,,,1681442725
cancel,18934,,,1681442725
cancel,19127,,,1681442725
cancel,24999,,,1681442725
newOrder,18934,0,9777,1681442752
newOrder,19129,1,9777,1681442752
newOrder,14003,0,13644,1681442752
newOrder,24999,1,13644,1681442752
cancel,14003,,,1681443324
cancel,18934,,,1681443324
cancel,19129,,,1681443324
cancel,24999,,,1681443324
newOrder,18934,0,9779,1681443354
newOrder,19128,1,9779,1681443354
newOrder,13597,0,27136,1681443354
newOrder,24999,1,27136,1681443354
cancel,13597,,,1681443924
cancel,18934,,,1681443924
cancel,19128,,,1681443924
cancel,24999,,,1681443924
newOrder,18934,0,9780,1681443952
newOrder,19128,1,9780,1681443952
newOrder,12089,0,35608,1681443952
newOrder,24999,1,35608,1681443952
cancel,12089,,,1681444524
cancel,18934,,,1681444524
cancel,19128,,,1681444524
cancel,24999,,,1681444524
newOrder,18934,0,9783,1681444555
newOrder,19126,1,9783,1681444555
newOrder,12089,0,48391,1681444555
newOrder,24999,1,48391,1681444555
cancel,12089,,,1681445124
cancel,18934,,,1681445124
cancel,19126,,,1681445124
cancel,24999,,,1681445124
newOrder,18934,0,9785,1681445153
newOrder,19125,1,9785,1681445153
newOrder,15102,0,9283,1681445153
newOrder,21899,1,9283,1681445153
cancel,15102,,,1681445725
cancel,18934,,,1681445725
cancel,19125,,,1681445725
cancel,21899,,,1681445725
newOrder,18934,0,9789,1681445755
newOrder,19121,1,9789,1681445755
newOrder,12089,0,47681,1681445755
newOrder,24999,1,47681,1681445755
cancel,12089,,,1681446324
cancel,18934,,,1681446324
cancel,19121,,,1681446324
cancel,24999,,,1681446324
newOrder,18934,0,9787,1681446352
newOrder,19126,1,9787,1681446352
newOrder,15104,0,8039,1681446352
newOrder,21899,1,8039,1681446352
cancel,15104,,,1681446924
cancel,18934,,,1681446924
cancel,19126,,,1681446924
cancel,21899,,,1681446924
newOrder,18911,0,9851,1681446952
newOrder,19066,1,9851,1681446952
newOrder,12089,0,50785,1681446952
newOrder,24999,1,50785,1681446952
cancel,12089,,,1681447524
cancel,18911,,,1681447524
cancel,19066,,,1681447524
cancel,24999,,,1681447524
newOrder,18911,0,9853,1681447553
newOrder,19066,1,9853,1681447553
newOrder,14003,0,24540,1681447553
newOrder,24999,1,24540,1681447553
cancel,14003,,,1681448124
cancel,18911,,,1681448124
cancel,19066,,,1681448124
cancel,24999,,,1681448124
newOrder,18911,0,9854,1681448153
newOrder,19066,1,9854,1681448153
newOrder,14003,0,28945,1681448153
newOrder,24999,1,28945,1681448153
cancel,14003,,,1681448724
cancel,18911,,,1681448724
cancel,19066,,,1681448724
cancel,24999,,,1681448724
newOrder,18934,0,9769,1681448753
newOrder,19154,1,9769,1681448753
newOrder,15104,0,13815,1681448753
newOrder,24999,1,13815,1681448753
cancel,15104,,,1681449324
cancel,18934,,,1681449324
cancel,19154,,,1681449324
cancel,24999,,,1681449324
newOrder,18934,0,9770,1681449354
newOrder,19154,1,9770,1681449354
newOrder,12089,0,38733,1681449354
newOrder,24999,1,38733,1681449354
cancel,12089,,,1681449924
cancel,18934,,,1681449924
cancel,19154,,,1681449924
cancel,24999,,,1681449924
newOrder,18916,0,9854,1681449952
newOrder,19066,1,9854,1681449952
newOrder,12089,0,38139,1681449952
newOrder,24999,1,38139,1681449952
cancel,12089,,,1681450524
cancel,18916,,,1681450524
cancel,19066,,,1681450524
cancel,24999,,,1681450524
newOrder,18916,0,9855,1681450557
newOrder,19066,1,9855,1681450557
newOrder,15001,0,19709,1681450557
newOrder,24999,1,19709,1681450557
cancel,15001,,,1681451124
cancel,18916,,,1681451124
cancel,19066,,,1681451124
cancel,24999,,,1681451124
newOrder,18916,0,9857,1681451153
newOrder,19066,1,9857,1681451153
newOrder,14003,0,24079,1681451153
newOrder,24999,1,24079,1681451153
cancel,14003,,,1681451725
cancel,18916,,,1681451725
cancel,19066,,,1681451725
cancel,24999,,,1681451725
newOrder,18916,0,9858,1681451754
newOrder,19066,1,9858,1681451754
newOrder,15104,0,8627,1681451754
newOrder,21899,1,8627,1681451754
cancel,15104,,,1681452324
cancel,18916,,,1681452324
cancel,19066,,,1681452324
cancel,21899,,,1681452324
newOrder,18916,0,9859,1681452352
newOrder,19066,1,9859,1681452352
newOrder,14003,0,25159,1681452352
newOrder,24999,1,25159,1681452352
cancel,14003,,,1681452923
cancel,18916,,,1681452923
cancel,19066,,,1681452923
cancel,24999,,,1681452923
newOrder,18916,0,9860,1681452954
newOrder,19066,1,9860,1681452954
newOrder,12089,0,49711,1681452954
newOrder,24999,1,49711,1681452954
cancel,12089,,,1681453524
cancel,18916,,,1681453524
cancel,19066,,,1681453524
cancel,24999,,,1681453524
newOrder,18916,0,9862,1681453553
newOrder,19066,1,9862,1681453553
newOrder,14003,0,21803,1681453553
newOrder,24999,1,21803,1681453553
cancel,14003,,,1681454125
cancel,18916,,,1681454125
cancel,19066,,,1681454125
cancel,24999,,,1681454125
newOrder,18916,0,9863,1681454153
newOrder,19066,1,9863,1681454153
newOrder,14003,0,32465,1681454153
newOrder,24999,1,32465,1681454153
cancel,14003,,,1681454724
cancel,18916,,,1681454724
cancel,19066,,,1681454724
cancel,24999,,,1681454724
newOrder,18934,0,9790,1681454754
newOrder,19144,1,9790,1681454754
newOrder,14003,0,31245,1681454754
newOrder,24999,1,31245,1681454754
cancel,14003,,,1681455324
cancel,18934,,,1681455324
cancel,19144,,,1681455324
cancel,24999,,,1681455324
newOrder,18934,0,9791,1681455354
newOrder,19144,1,9791,1681455354
newOrder,13597,0,35460,1681455354
newOrder,24999,1,35460,1681455354
cancel,13597,,,1681455924
cancel,18934,,,1681455924
cancel,19144,,,1681455924
cancel,24999,,,1681455924
newOrder,18934,0,9792,1681455952
newOrder,19144,1,9792,1681455952
newOrder,13597,0,35239,1681455952
newOrder,24999,1,35239,1681455952
cancel,13597,,,1681456524
cancel,18934,,,1681456524
cancel,19144,,,1681456524
cancel,24999,,,1681456524
newOrder,18934,0,9794,1681456553
newOrder,19144,1,9794,1681456553
newOrder,14003,0,21508,1681456553
newOrder,24999,1,21508,1681456553
cancel,14003,,,1681457124
cancel,18934,,,1681457124
cancel,19144,,,1681457124
cancel,24999,,,1681457124
newOrder,18934,0,9795,1681457155
newOrder,19144,1,9795,1681457155
newOrder,14003,0,21407,1681457155
newOrder,24999,1,21407,1681457155
cancel,14003,,,1681457724
cancel,18934,,,1681457724
cancel,19144,,,1681457724
cancel,24999,,,1681457724
newOrder,18934,0,9796,1681457752
newOrder,19144,1,9796,1681457752
newOrder,12089,0,41689,1681457752
newOrder,24999,1,41689,1681457752
cancel,12089,,,1681458324
cancel,18934,,,1681458324
cancel,19144,,,1681458324
cancel,24999,,,1681458324
newOrder,18934,0,9797,1681458354
newOrder,19144,1,9797,1681458354
newOrder,15104,0,8115,1681458354
newOrder,21899,1,8115,1681458354
cancel,15104,,,1681458924
cancel,18934,,,1681458924
cancel,19144,,,1681458924
cancel,21899,,,1681458924
newOrder,18934,0,9799,1681458953
newOrder,19144,1,9799,1681458953
newOrder,12089,0,48862,1681458953
newOrder,24999,1,48862,1681458953
cancel,12089,,,1681459524
cancel,18934,,,1681459524
cancel,19144,,,1681459524
cancel,24999,,,1681459524
newOrder,18934,0,9800,1681459552
newOrder,19144,1,9800,1681459552
newOrder,15104,0,7309,1681459552
newOrder,21899,1,7309,1681459552
cancel,15104,,,1681460124
cancel,18934,,,1681460124
cancel,19144,,,1681460124
cancel,21899,,,1681460124
newOrder,18934,0,9801,1681460152
newOrder,19144,1,9801,1681460152
newOrder,15104,0,16191,1681460152
newOrder,24999,1,16191,1681460152
cancel,15104,,,1681460724
cancel,18934,,,1681460724
cancel,19144,,,1681460724
cancel,24999,,,1681460724
newOrder,18934,0,9741,1681460752
newOrder,19218,1,9741,1681460752
newOrder,15104,0,14230,1681460752
newOrder,24999,1,14230,1681460752
cancel,15104,,,1681461325
cancel,18934,,,1681461325
cancel,19218,,,1681461325
cancel,24999,,,1681461325
newOrder,18934,0,9743,1681461353
newOrder,19218,1,9743,1681461353
newOrder,12089,0,42022,1681461353
newOrder,24999,1,42022,1681461353
cancel,12089,,,1681461924
cancel,18934,,,1681461924
cancel,19218,,,1681461924
cancel,24999,,,1681461924
newOrder,18934,0,9744,1681461953
newOrder,19218,1,9744,1681461953
newOrder,14003,0,25752,1681461953
newOrder,24999,1,25752,1681461953
cancel,14003,,,1681462524
cancel,18934,,,1681462524
cancel,19218,,,1681462524
cancel,24999,,,1681462524
newOrder,18934,0,9745,1681462552
newOrder,19218,1,9745,1681462552
newOrder,14003,0,30519,1681462552
newOrder,24999,1,30519,1681462552
cancel,14003,,,1681463124
cancel,18934,,,1681463124
cancel,19218,,,1681463124
cancel,24999,,,1681463124
newOrder,18934,0,9746,1681463153
newOrder,19218,1,9746,1681463153
newOrder,14003,0,27967,1681463153
newOrder,24999,1,27967,1681463153
cancel,14003,,,1681463725
cancel,18934,,,1681463725
cancel,19218,,,1681463725
cancel,24999,,,1681463725
newOrder,18934,0,9748,1681463754
newOrder,19218,1,9748,1681463754
newOrder,15104,0,14899,1681463754
newOrder,24999,1,14899,1681463754
cancel,15104,,,1681464326
cancel,18934,,,1681464326
cancel,19218,,,1681464326
cancel,24999,,,1681464326
newOrder,18934,0,9749,1681464356
newOrder,19218,1,9749,1681464356
newOrder,14003,0,26921,1681464356
newOrder,24999,1,26921,1681464356
cancel,14003,,,1681464924
cancel,18934,,,1681464924
cancel,19218,,,1681464924
cancel,24999,,,1681464924
newOrder,18934,0,9750,1681464954
newOrder,19218,1,9750,1681464954
newOrder,12089,0,50667,1681464954
newOrder,24999,1,50667,1681464954
cancel,12089,,,1681465524
cancel,18934,,,1681465524
cancel,19218,,,1681465524
cancel,24999,,,1681465524
newOrder,18934,0,9751,1681465553
newOrder,19218,1,9751,1681465553
newOrder,12089,0,48240,1681465553
newOrder,24999,1,48240,1681465553
cancel,12089,,,1681466124
cancel,18934,,,1681466124
cancel,19218,,,1681466124
cancel,24999,,,1681466124
newOrder,18934,0,9753,1681466153
newOrder,19218,1,9753,1681466153
newOrder,12089,0,42114,1681466153
newOrder,24999,1,42114,1681466153
cancel,12089,,,1681466724
cancel,18934,,,1681466724
cancel,19218,,,1681466724
cancel,24999,,,1681466724
newOrder,18934,0,9754,1681466753
newOrder,19218,1,9754,1681466753
newOrder,12089,0,50141,1681466753
newOrder,24999,1,50141,1681466753
cancel,12089,,,1681467324
cancel,18934,,,1681467324
cancel,19218,,,1681467324
cancel,24999,,,1681467324
newOrder,18934,0,9755,1681467353
newOrder,19218,1,9755,1681467353
newOrder,15001,0,19969,1681467353
newOrder,24999,1,19969,1681467353
cancel,15001,,,1681467924
cancel,18934,,,1681467924
cancel,19218,,,1681467924
cancel,24999,,,1681467924
newOrder,18934,0,9756,1681467952
newOrder,19218,1,9756,1681467952
newOrder,14003,0,27840,1681467952
newOrder,24999,1,27840,1681467952
cancel,14003,,,1681468523
cancel,18934,,,1681468523
cancel,19218,,,1681468523
cancel,24999,,,1681468523
newOrder,18934,0,9758,1681468553
newOrder,19218,1,9758,1681468553
newOrder,12089,0,37610,1681468553
newOrder,24999,1,37610,1681468553
cancel,12089,,,1681469124
cancel,18934,,,1681469124
cancel,19218,,,1681469124
cancel,24999,,,1681469124
newOrder,18934,0,9871,1681469152
newOrder,19080,1,9871,1681469152
newOrder,15104,0,16049,1681469152
newOrder,24999,1,16049,1681469152
cancel,15104,,,1681469724
cancel,18934,,,1681469724
cancel,19080,,,1681469724
cancel,24999,,,1681469724
newOrder,18934,0,9761,1681469753
newOrder,19217,1,9761,1681469753
newOrder,14003,0,29694,1681469753
newOrder,24999,1,29694,1681469753
cancel,14003,,,1681470324
cancel,18934,,,1681470324
cancel,19217,,,1681470324
cancel,24999,,,1681470324
newOrder,18934,0,9762,1681470353
newOrder,19217,1,9762,1681470353
newOrder,14003,0,32277,1681470353
newOrder,24999,1,32277,1681470353
cancel,14003,,,1681470924
cancel,18934,,,1681470924
cancel,19217,,,1681470924
cancel,24999,,,1681470924
newOrder,18934,0,9769,1681470953
newOrder,19211,1,9769,1681470953
newOrder,12089,0,36682,1681470953
newOrder,24999,1,36682,1681470953
cancel,12089,,,1681471525
cancel,18934,,,1681471525
cancel,19211,,,1681471525
cancel,24999,,,1681471525
newOrder,18934,0,9770,1681471553
newOrder,19211,1,9770,1681471553
newOrder,14003,0,22670,1681471553
newOrder,24999,1,22670,1681471553
cancel,14003,,,1681472124
cancel,18934,,,1681472124
cancel,19211,,,1681472124
cancel,24999,,,1681472124
newOrder,18934,0,9771,1681472154
newOrder,19211,1,9771,1681472154
newOrder,15104,0,13403,1681472154
newOrder,24999,1,13403,1681472154
cancel,15104,,,1681472724
cancel,18934,,,1681472724
cancel,19211,,,1681472724
cancel,24999,,,1681472724
newOrder,18934,0,9772,1681472754
newOrder,19211,1,9772,1681472754
newOrder,14003,0,29289,1681472754
newOrder,24999,1,29289,1681472754
cancel,14003,,,1681473324
cancel,18934,,,1681473324
cancel,19211,,,1681473324
cancel,24999,,,1681473324
newOrder,18934,0,9774,1681473353
newOrder,19211,1,9774,1681473353
newOrder,14003,0,28807,1681473353
newOrder,24999,1,28807,1681473353
cancel,14003,,,1681473923
cancel,18934,,,1681473923
cancel,19211,,,1681473923
cancel,24999,,,1681473923
newOrder,18934,0,9775,1681473956
newOrder,19211,1,9775,1681473956
newOrder,15104,0,17688,1681473956
newOrder,24999,1,17688,1681473956
cancel,15104,,,1681474524
cancel,18934,,,1681474524
cancel,19211,,,1681474524
cancel,24999,,,1681474524
newOrder,18934,0,9776,1681474592
newOrder,19211,1,9776,1681474592
newOrder,15104,0,16118,1681474592
newOrder,24999,1,16118,1681474592
cancel,15104,,,1681475124
cancel,18934,,,1681475124
cancel,19211,,,1681475124
cancel,24999,,,1681475124
newOrder,18934,0,9779,1681475154
newOrder,19209,1,9779,1681475154
newOrder,15104,0,8808,1681475154
newOrder,21899,1,8808,1681475154
cancel,15104,,,1681475724
cancel,18934,,,1681475724
cancel,19209,,,1681475724
cancel,21899,,,1681475724
newOrder,18934,0,9780,1681475753
newOrder,19209,1,9780,1681475753
newOrder,14003,0,25638,1681475753
newOrder,24999,1,25638,1681475753
cancel,14003,,,1681476324
cancel,18934,,,1681476324
cancel,19209,,,1681476324
cancel,24999,,,1681476324
newOrder,18934,0,9782,1681476353
newOrder,19209,1,9782,1681476353
newOrder,15104,0,7723,1681476353
newOrder,21899,1,7723,1681476353
cancel,15104,,,1681476925
cancel,18934,,,1681476925
cancel,19209,,,1681476925
cancel,21899,,,1681476925
newOrder,18934,0,9783,1681476954
newOrder,19209,1,9783,1681476954
newOrder,12089,0,36069,1681476954
newOrder,24999,1,36069,1681476954
cancel,12089,,,1681477524
cancel,18934,,,1681477524
cancel,19209,,,1681477524
cancel,24999,,,1681477524
newOrder,18934,0,9784,1681477552
newOrder,19209,1,9784,1681477552
newOrder,12089,0,48327,1681477552
newOrder,24999,1,48327,1681477552
cancel,12089,,,1681478124
cancel,18934,,,1681478124
cancel,19209,,,1681478124
cancel,24999,,,1681478124
newOrder,18934,0,9785,1681478153
newOrder,19209,1,9785,1681478153
newOrder,14003,0,29678,1681478153
newOrder,24999,1,29678,1681478153
cancel,14003,,,1681478724
cancel,18934,,,1681478724
cancel,19209,,,1681478724
cancel,24999,,,1681478724
newOrder,18934,0,9787,1681478754
newOrder,19209,1,9787,1681478754
newOrder,14003,0,32307,1681478754
newOrder,24999,1,32307,1681478754
cancel,14003,,,1681479325
cancel,18934,,,1681479325
cancel,19209,,,1681479325
cancel,24999,,,1681479325
newOrder,18934,0,9788,1681479354
newOrder,19209,1,9788,1681479354
newOrder,14003,0,22812,1681479354
newOrder,24999,1,22812,1681479354
cancel,14003,,,1681479925
cancel,18934,,,1681479925
cancel,19209,,,1681479925
cancel,24999,,,1681479925
newOrder,18934,0,9789,1681479953
newOrder,19209,1,9789,1681479953
newOrder,14003,0,33080,1681479953
newOrder,24999,1,33080,1681479953
cancel,14003,,,1681480524
cancel,18934,,,1681480524
cancel,19209,,,1681480524
cancel,24999,,,1681480524
newOrder,18934,0,9790,1681480553
newOrder,19209,1,9790,1681480553
newOrder,15104,0,10999,1681480553
newOrder,24499,1,10999,1681480553
cancel,15104,,,1681481124
cancel,18934,,,1681481124
cancel,19209,,,1681481124
cancel,24499,,,1681481124
newOrder,18934,0,9792,1681481154
newOrder,19209,1,9792,1681481154
newOrder,15104,0,12004,1681481154
newOrder,24999,1,12004,1681481154
cancel,15104,,,1681481724
cancel,18934,,,1681481724
cancel,19209,,,1681481724
cancel,24999,,,1681481724
newOrder,18934,0,9793,1681481752
newOrder,19209,1,9793,1681481752
newOrder,12089,0,46163,1681481752
newOrder,24999,1,46163,1681481752
cancel,12089,,,1681482324
cancel,18934,,,1681482324
cancel,19209,,,1681482324
cancel,24999,,,1681482324
newOrder,18934,0,9794,1681482354
newOrder,19209,1,9794,1681482354
newOrder,15104,0,11077,1681482354
newOrder,24499,1,11077,1681482354
cancel,15104,,,1681482925
cancel,18934,,,1681482925
cancel,19209,,,1681482925
cancel,24499,,,1681482925
newOrder,18934,0,9875,1681482953
newOrder,19113,1,9875,1681482953
newOrder,15104,0,9477,1681482953
newOrder,21899,1,9477,1681482953
cancel,15104,,,1681483524
cancel,18934,,,1681483524
cancel,19113,,,1681483524
cancel,21899,,,1681483524
newOrder,18934,0,9860,1681483553
newOrder,19134,1,9860,1681483553
newOrder,14003,0,30194,1681483553
newOrder,24999,1,30194,1681483553
cancel,14003,,,1681484124
cancel,18934,,,1681484124
cancel,19134,,,1681484124
cancel,24999,,,1681484124
newOrder,18934,0,9861,1681484154
newOrder,19134,1,9861,1681484154
newOrder,15104,0,10958,1681484154
newOrder,24499,1,10958,1681484154
cancel,15104,,,1681484725
cancel,18934,,,1681484725
cancel,19134,,,1681484725
cancel,24499,,,1681484725
newOrder,18934,0,9855,1681484756
newOrder,19143,1,9855,1681484756
newOrder,15104,0,8079,1681484756
newOrder,21899,1,8079,1681484756
cancel,15104,,,1681485324
cancel,18934,,,1681485324
cancel,19143,,,1681485324
cancel,21899,,,1681485324
newOrder,18934,0,9865,1681485354
newOrder,19132,1,9865,1681485354
newOrder,15104,0,15582,1681485354
newOrder,24999,1,15582,1681485354
cancel,15104,,,1681485924
cancel,18934,,,1681485924
cancel,19132,,,1681485924
cancel,24999,,,1681485924
newOrder,18934,0,9865,1681485960
newOrder,19134,1,9865,1681485960
newOrder,12089,0,48089,1681485960
newOrder,24999,1,48089,1681485960
cancel,12089,,,1681486524
cancel,18934,,,1681486524
cancel,19134,,,1681486524
cancel,24999,,,1681486524
newOrder,18934,0,9868,1681486553
newOrder,19132,1,9868,1681486553
newOrder,12089,0,32874,1681486553
newOrder,24999,1,32874,1681486553
cancel,12089,,,1681487124
cancel,18934,,,1681487124
cancel,19132,,,1681487124
cancel,24999,,,1681487124
newOrder,18934,0,9866,1681487153
newOrder,19135,1,9866,1681487153
newOrder,12089,0,47714,1681487153
newOrder,24999,1,47714,1681487153