instruction,price,side,qty,time
cancel,11950,,,1678623365
cancel,19916,,,1678623365
cancel,20523,,,1678623365
cancel,24999,,,1678623365
newOrder,19916,0,14172,1678623373
newOrder,20535,1,14172,1678623373
newOrder,11950,0,67339,1678623373
newOrder,24999,1,67339,1678623373
cancel,11950,,,1678623965
cancel,19916,,,1678623965
cancel,20535,,,1678623965
cancel,24999,,,1678623965
newOrder,19916,0,14162,1678623973
newOrder,20548,1,14162,1678623973
newOrder,11950,0,31963,1678623973
newOrder,24999,1,31963,1678623973
cancel,11950,,,1678624565
cancel,19916,,,1678624565
cancel,20548,,,1678624565
cancel,24999,,,1678624565
newOrder,19916,0,14181,1678624572
newOrder,20530,1,14181,1678624572
newOrder,13501,0,12859,1678624572
cancel,13501,,,1678625165
cancel,19916,,,1678625165
cancel,20530,,,1678625165
newOrder,19916,0,14192,1678625171
newOrder,20520,1,14192,1678625171
newOrder,13004,0,18838,1678625171
cancel,13004,,,1678625765
cancel,19916,,,1678625765
cancel,20520,,,1678625765
newOrder,19916,0,14195,1678625773
newOrder,20520,1,14195,1678625773
newOrder,11950,0,49711,1678625773
newOrder,24999,1,49711,1678625773
cancel,11950,,,1678626366
cancel,19916,,,1678626366
cancel,20520,,,1678626366
cancel,24999,,,1678626366
newOrder,19916,0,14173,1678626373
newOrder,20545,1,14173,1678626373
newOrder,13501,0,13207,1678626373
cancel,13501,,,1678626965
cancel,19916,,,1678626965
cancel,20545,,,1678626965
newOrder,19916,0,14183,1678626972
newOrder,20536,1,14183,1678626972
newOrder,13501,0,16620,1678626972
cancel,13501,,,1678627566
cancel,19916,,,1678627566
cancel,20536,,,1678627566
newOrder,19916,0,14185,1678627574
newOrder,20536,1,14185,1678627574
newOrder,11950,0,57476,1678627574
newOrder,24999,1,57476,1678627574
cancel,11950,,,1678628165
cancel,19916,,,1678628165
cancel,20536,,,1678628165
cancel,24999,,,1678628165
newOrder,19916,0,14186,1678628172
newOrder,20537,1,14186,1678628172
newOrder,11950,0,38788,1678628172
newOrder,24999,1,38788,1678628172
cancel,11950,,,1678628765
cancel,19916,,,1678628765
cancel,20537,,,1678628765
cancel,24999,,,1678628765
newOrder,19916,0,14293,1678628773
newOrder,20421,1,14293,1678628773
newOrder,11950,0,47673,1678628773
newOrder,24999,1,47673,1678628773
cancel,11950,,,1678629364
cancel,19916,,,1678629364
cancel,20421,,,1678629364
cancel,24999,,,1678629364
newOrder,19916,0,14225,1678629372
newOrder,20501,1,14225,1678629372
newOrder,11950,0,53229,1678629372
newOrder,24999,1,53229,1678629372
cancel,11950,,,1678629964
cancel,19916,,,1678629964
cancel,20501,,,1678629964
cancel,24999,,,1678629964
newOrder,19916,0,14183,1678629973
newOrder,20547,1,14183,1678629973
newOrder,11950,0,68660,1678629973
newOrder,24999,1,68660,1678629973
cancel,11950,,,1678630566
cancel,19916,,,1678630566
cancel,20547,,,1678630566
cancel,24999,,,1678630566
newOrder,19916,0,14205,1678630577
newOrder,20527,1,14205,1678630577
newOrder,11950,0,51469,1678630577
newOrder,24999,1,51469,1678630577
cancel,11950,,,1678631166
cancel,19916,,,1678631166
cancel,20527,,,1678631166
cancel,24999,,,1678631166
newOrder,19916,0,14256,1678631175
newOrder,20473,1,14256,1678631175
newOrder,11950,0,49766,1678631175
newOrder,24999,1,49766,1678631175
cancel,11950,,,1678631764
cancel,19916,,,1678631764
cancel,20473,,,1678631764
cancel,24999,,,1678631764
newOrder,19916,0,14201,1678631772
newOrder,20535,1,14201,1678631772
newOrder,11950,0,25826,1678631772
newOrder,24999,1,25826,1678631772
cancel,11950,,,1678632366
cancel,19916,,,1678632366
cancel,20535,,,1678632366
cancel,24999,,,1678632366
newOrder,19916,0,14191,1678632373
newOrder,20547,1,14191,1678632373
newOrder,13004,0,9920,1678632373
cancel,13004,,,1678632966
cancel,19916,,,1678632966
cancel,20547,,,1678632966
newOrder,19916,0,14193,1678632974
newOrder,20547,1,14193,1678632974
newOrder,11950,0,29301,1678632974
newOrder,24999,1,29301,1678632974
cancel,11950,,,1678633566
cancel,19916,,,1678633566
cancel,20547,,,1678633566
cancel,24999,,,1678633566
newOrder,19916,0,14195,1678633574
newOrder,20547,1,14195,1678633574
newOrder,13004,0,21017,1678633574
newOrder,24999,1,21017,1678633574
cancel,13004,,,1678634165
cancel,19916,,,1678634165
cancel,20547,,,1678634165
cancel,24999,,,1678634165
newOrder,19916,0,14114,1678634173
newOrder,20631,1,14114,1678634173
newOrder,11950,0,35576,1678634173
newOrder,24999,1,35576,1678634173
cancel,11950,,,1678634765
cancel,19916,,,1678634765
cancel,20631,,,1678634765
cancel,24999,,,1678634765
newOrder,19916,0,14116,1678634774
newOrder,20631,1,14116,1678634774
newOrder,11950,0,45152,1678634774
newOrder,24999,1,45152,1678634774
cancel,11950,,,1678635364
cancel,19916,,,1678635364
cancel,20631,,,1678635364
cancel,24999,,,1678635364
newOrder,19916,0,14118,1678635372
newOrder,20631,1,14118,1678635372
newOrder,11950,0,51159,1678635372
newOrder,24999,1,51159,1678635372
cancel,11950,,,1678635966
cancel,19916,,,1678635966
cancel,20631,,,1678635966
cancel,24999,,,1678635966
newOrder,19916,0,14121,1678635976
newOrder,20631,1,14121,1678635976
newOrder,11950,0,62903,1678635976
newOrder,24999,1,62903,1678635976
cancel,11950,,,1678636567
cancel,19916,,,1678636567
cancel,20631,,,1678636567
cancel,24999,,,1678636567
newOrder,19916,0,14123,1678636574
newOrder,20631,1,14123,1678636574
newOrder,11950,0,38728,1678636574
newOrder,24999,1,38728,1678636574
cancel,11950,,,1678637166
cancel,19916,,,1678637166
cancel,20631,,,1678637166
cancel,24999,,,1678637166
newOrder,19916,0,14125,1678637175
newOrder,20631,1,14125,1678637175
newOrder,11950,0,59033,1678637175
newOrder,24999,1,59033,1678637175
cancel,11950,,,1678637765
cancel,19916,,,1678637765
cancel,20631,,,1678637765
cancel,24999,,,1678637765
newOrder,19916,0,14127,1678637772
newOrder,20631,1,14127,1678637772
newOrder,13501,0,10340,1678637772
cancel,13501,,,1678638366
cancel,19916,,,1678638366
cancel,20631,,,1678638366
newOrder,19916,0,14129,1678638374
newOrder,20631,1,14129,1678638374
newOrder,11950,0,50916,1678638374
newOrder,24999,1,50916,1678638374
cancel,11950,,,1678638966
cancel,19916,,,1678638966
cancel,20631,,,1678638966
cancel,24999,,,1678638966
newOrder,19916,0,14131,1678638972
newOrder,20631,1,14131,1678638972
newOrder,13501,0,12525,1678638972
cancel,13501,,,1678639566
cancel,19916,,,1678639566
cancel,20631,,,1678639566
newOrder,19916,0,14133,1678639573
newOrder,20631,1,14133,1678639573
newOrder,11950,0,62357,1678639573
newOrder,24999,1,62357,1678639573
cancel,11950,,,1678640165
cancel,19916,,,1678640165
cancel,20631,,,1678640165
cancel,24999,,,1678640165
newOrder,19916,0,14135,1678640175
newOrder,20631,1,14135,1678640175
newOrder,11950,0,55925,1678640175
newOrder,24999,1,55925,1678640175
cancel,11950,,,1678640766
cancel,19916,,,1678640766
cancel,20631,,,1678640766
cancel,24999,,,1678640766
newOrder,19916,0,14137,1678640772
newOrder,20631,1,14137,1678640772
newOrder,13004,0,23807,1678640772
newOrder,24999,1,23807,1678640772
cancel,13004,,,1678641366
cancel,19916,,,1678641366
cancel,20631,,,1678641366
cancel,24999,,,1678641366
newOrder,19916,0,14140,1678641373
newOrder,20630,1,14140,1678641373
newOrder,11950,0,55938,1678641373
newOrder,24999,1,55938,1678641373
cancel,11950,,,1678641967
cancel,19916,,,1678641967
cancel,20630,,,1678641967
cancel,24999,,,1678641967
newOrder,19916,0,14142,1678641974
newOrder,20630,1,14142,1678641974
newOrder,13005,0,43775,1678641974
newOrder,24999,1,43775,1678641974
cancel,13005,,,1678642565
cancel,19916,,,1678642565
cancel,20630,,,1678642565
cancel,24999,,,1678642565
newOrder,19916,0,14144,1678642576
newOrder,20630,1,14144,1678642576
newOrder,13006,0,21287,1678642576
newOrder,24999,1,21287,1678642576
cancel,13006,,,1678643166
cancel,19916,,,1678643166
cancel,20630,,,1678643166
cancel,24999,,,1678643166
newOrder,19916,0,14146,1678643175
newOrder,20630,1,14146,1678643175
newOrder,11950,0,59261,1678643175
newOrder,24999,1,59261,1678643175
cancel,11950,,,1678643768
cancel,19916,,,1678643768
cancel,20630,,,1678643768
cancel,24999,,,1678643768
newOrder,19916,0,14149,1678643775
newOrder,20630,1,14149,1678643775
newOrder,11950,0,68475,1678643775
newOrder,24999,1,68475,1678643775
cancel,11950,,,1678644366
cancel,19916,,,1678644366
cancel,20630,,,1678644366
cancel,24999,,,1678644366
newOrder,19916,0,14219,1678644373
newOrder,20561,1,14219,1678644373
newOrder,11950,0,68408,1678644373
newOrder,24999,1,68408,1678644373
cancel,11950,,,1678644968
cancel,19916,,,1678644968
cancel,20561,,,1678644968
cancel,24999,,,1678644968
newOrder,19916,0,14131,1678644975
newOrder,20651,1,14131,1678644975
newOrder,13004,0,52252,1678644975
newOrder,24999,1,52252,1678644975
cancel,13004,,,1678645566
cancel,19916,,,1678645566
cancel,20651,,,1678645566
cancel,24999,,,1678645566
newOrder,19916,0,14133,1678645577
newOrder,20651,1,14133,1678645577
newOrder,13004,0,51656,1678645577
newOrder,24999,1,51656,1678645577
cancel,13004,,,1678646167
cancel,19916,,,1678646167
cancel,20651,,,1678646167
cancel,24999,,,1678646167
newOrder,19916,0,14135,1678646176
newOrder,20651,1,14135,1678646176
newOrder,13005,0,38027,1678646176
newOrder,24999,1,38027,1678646176
cancel,13005,,,1678646767
cancel,19916,,,1678646767
cancel,20651,,,1678646767
cancel,24999,,,1678646767
newOrder,19916,0,14137,1678646780
newOrder,20651,1,14137,1678646780
newOrder,13006,0,24429,1678646780
newOrder,24999,1,24429,1678646780
cancel,13006,,,1678647365
cancel,19916,,,1678647365
cancel,20651,,,1678647365
cancel,24999,,,1678647365
newOrder,19916,0,14139,1678647372
newOrder,20651,1,14139,1678647372
newOrder,11950,0,58832,1678647372
newOrder,24999,1,58832,1678647372
cancel,11950,,,1678647967
cancel,19916,,,1678647967
cancel,20651,,,1678647967
cancel,24999,,,1678647967
newOrder,19916,0,14140,1678647974
newOrder,20653,1,14140,1678647974
newOrder,13004,0,48875,1678647974
newOrder,24999,1,48875,1678647974
cancel,13004,,,1678648566
cancel,19916,,,1678648566
cancel,20653,,,1678648566
cancel,24999,,,1678648566
newOrder,19916,0,14142,1678648575
newOrder,20653,1,14142,1678648575
newOrder,13004,0,51568,1678648575
newOrder,24999,1,51568,1678648575
cancel,13004,,,1678649165
cancel,19916,,,1678649165
cancel,20653,,,1678649165
cancel,24999,,,1678649165
newOrder,19916,0,14436,1678649172
newOrder,20338,1,14436,1678649172
newOrder,13006,0,23294,1678649172
newOrder,24999,1,23294,1678649172
cancel,13006,,,1678649766
cancel,19916,,,1678649766
cancel,20338,,,1678649766
cancel,24999,,,1678649766
newOrder,19916,0,14408,1678649774
newOrder,20375,1,14408,1678649774
newOrder,13006,0,26034,1678649774
newOrder,24999,1,26034,1678649774
cancel,13006,,,1678650360
cancel,19916,,,1678650360
cancel,20375,,,1678650360
cancel,24999,,,1678650360
newOrder,19916,0,14372,1678650367
newOrder,20419,1,14372,1678650367
newOrder,13008,0,20917,1678650367
newOrder,22999,1,20917,1678650367
cancel,13008,,,1678650960
cancel,19916,,,1678650960
cancel,20419,,,1678650960
cancel,22999,,,1678650960
newOrder,19916,0,14373,1678650967
newOrder,20421,1,14373,1678650967
newOrder,11950,0,41983,1678650967
newOrder,24999,1,41983,1678650967
cancel,11950,,,1678651227
cancel,19916,,,1678651227
cancel,20421,,,1678651227
cancel,24999,,,1678651227
newOrder,19824,0,14672,1678651234
newOrder,20092,1,14672,1678651234
newOrder,11895,0,53474,1678651234
newOrder,24999,1,53474,1678651234
cancel,11895,,,1678651561
cancel,19824,,,1678651561
cancel,20092,,,1678651561
cancel,24999,,,1678651561
newOrder,19916,0,14523,1678651567
newOrder,20236,1,14523,1678651567
newOrder,11950,0,76566,1678651567
newOrder,24999,1,76566,1678651567
cancel,11950,,,1678651647
cancel,19916,,,1678651647
cancel,20236,,,1678651647
cancel,24999,,,1678651647
newOrder,19908,0,14459,1678651653
newOrder,20329,1,14459,1678651653
newOrder,13005,0,30051,1678651653
newOrder,24999,1,30051,1678651653
cancel,13005,,,1678651780
cancel,19908,,,1678651780
cancel,20329,,,1678651780
cancel,24999,,,1678651780
newOrder,19900,0,14382,1678651791
newOrder,20431,1,14382,1678651791
newOrder,11940,0,58438,1678651791
newOrder,24999,1,58438,1678651791
cancel,11940,,,1678652161
cancel,19900,,,1678652161
cancel,20431,,,1678652161
cancel,24999,,,1678652161
newOrder,19916,0,14386,1678652169
newOrder,20410,1,14386,1678652169
newOrder,13005,0,31210,1678652169
newOrder,24999,1,31210,1678652169
cancel,13005,,,1678652284
cancel,19916,,,1678652284
cancel,20410,,,1678652284
cancel,24999,,,1678652284
newOrder,19824,0,14676,1678652293
newOrder,20092,1,14676,1678652293
newOrder,11895,0,54154,1678652293
newOrder,24999,1,54154,1678652293
cancel,11895,,,1678652400
cancel,19824,,,1678652400
cancel,20092,,,1678652400
cancel,24999,,,1678652400
newOrder,19724,0,14722,1678652407
newOrder,20100,1,14722,1678652407
newOrder,11835,0,78446,1678652407
newOrder,24999,1,78446,1678652407
cancel,11835,,,1678652499
cancel,19724,,,1678652499
cancel,20100,,,1678652499
cancel,24999,,,1678652499
newOrder,19617,0,14764,1678652506
newOrder,20109,1,14764,1678652506
newOrder,11770,0,46770,1678652506
newOrder,24999,1,46770,1678652506
cancel,11770,,,1678652760
cancel,19617,,,1678652760
cancel,20109,,,1678652760
cancel,24999,,,1678652760
newOrder,19916,0,14515,1678652767
newOrder,20254,1,14515,1678652767
newOrder,11950,0,65288,1678652767
newOrder,24999,1,65288,1678652767
cancel,11950,,,1678653359
cancel,19916,,,1678653359
cancel,20254,,,1678653359
cancel,24999,,,1678653359
newOrder,19916,0,14482,1678653368
newOrder,20300,1,14482,1678653368
newOrder,11950,0,46182,1678653368
newOrder,24999,1,46182,1678653368
cancel,11950,,,1678653959
cancel,19916,,,1678653959
cancel,20300,,,1678653959
cancel,24999,,,1678653959
newOrder,19916,0,14405,1678653968
newOrder,20396,1,14405,1678653968
newOrder,11950,0,64371,1678653968
newOrder,24999,1,64371,1678653968
cancel,11950,,,1678654560
cancel,19916,,,1678654560
cancel,20396,,,1678654560
cancel,24999,,,1678654560
newOrder,19916,0,14288,1678654568
newOrder,20528,1,14288,1678654568
newOrder,22584,1,10068,1678654568
cancel,19916,,,1678655160
cancel,20528,,,1678655160
cancel,22584,,,1678655160
newOrder,19916,0,14290,1678655168
newOrder,20528,1,14290,1678655168
newOrder,13004,0,57842,1678655168
newOrder,24999,1,57842,1678655168
cancel,13004,,,1678655760
cancel,19916,,,1678655760
cancel,20528,,,1678655760
cancel,24999,,,1678655760
newOrder,19916,0,14292,1678655765
newOrder,20528,1,14292,1678655765
newOrder,24999,1,19470,1678655765
cancel,19916,,,1678656359
cancel,20528,,,1678656359
cancel,24999,,,1678656359
newOrder,19916,0,14294,1678656367
newOrder,20528,1,14294,1678656367
newOrder,11950,0,75127,1678656367
newOrder,24999,1,75127,1678656367
cancel,11950,,,1678656961
cancel,19916,,,1678656961
cancel,20528,,,1678656961
cancel,24999,,,1678656961
newOrder,19916,0,14229,1678656967
newOrder,20597,1,14229,1678656967
newOrder,13004,0,60562,1678656967
newOrder,24999,1,60562,1678656967
cancel,13004,,,1678657561
cancel,19916,,,1678657561
cancel,20597,,,1678657561
cancel,24999,,,1678657561
newOrder,19916,0,14231,1678657567
newOrder,20597,1,14231,1678657567
newOrder,13005,0,31149,1678657567
newOrder,24999,1,31149,1678657567
cancel,13005,,,1678658160
cancel,19916,,,1678658160
cancel,20597,,,1678658160
cancel,24999,,,1678658160
newOrder,19916,0,14233,1678658168
newOrder,20597,1,14233,1678658168
newOrder,13005,0,49517,1678658168
newOrder,24999,1,49517,1678658168
cancel,13005,,,1678658760
cancel,19916,,,1678658760
cancel,20597,,,1678658760
cancel,24999,,,1678658760
newOrder,19916,0,14235,1678658767
newOrder,20597,1,14235,1678658767
newOrder,22584,1,12342,1678658767
cancel,19916,,,1678659361
cancel,20597,,,1678659361
cancel,22584,,,1678659361
newOrder,19916,0,14237,1678659369
newOrder,20597,1,14237,1678659369
newOrder,13005,0,33257,1678659369
newOrder,24999,1,33257,1678659369
cancel,13005,,,1678659961
cancel,19916,,,1678659961
cancel,20597,,,1678659961
cancel,24999,,,1678659961
newOrder,19916,0,14233,1678659969
newOrder,20603,1,14233,1678659969
newOrder,13005,0,21723,1678659969
newOrder,24999,1,21723,1678659969
cancel,13005,,,1678660561
cancel,19916,,,1678660561
cancel,20603,,,1678660561
cancel,24999,,,1678660561
newOrder,19916,0,14235,1678660569
newOrder,20603,1,14235,1678660569
newOrder,13701,0,15482,1678660569
newOrder,24999,1,15482,1678660569
cancel,13701,,,1678661165
cancel,19916,,,1678661165
cancel,20603,,,1678661165
cancel,24999,,,1678661165
newOrder,19916,0,14240,1678661175
newOrder,20600,1,14240,1678661175
newOrder,13005,0,30870,1678661175
newOrder,24999,1,30870,1678661175
cancel,13005,,,1678661766
cancel,19916,,,1678661766
cancel,20600,,,1678661766
cancel,24999,,,1678661766
newOrder,19916,0,14271,1678661774
newOrder,20571,1,14271,1678661774
newOrder,11950,0,74595,1678661774
newOrder,24999,1,74595,1678661774
cancel,11950,,,1678662365
cancel,19916,,,1678662365
cancel,20571,,,1678662365
cancel,24999,,,1678662365
newOrder,19916,0,14291,1678662372
newOrder,20553,1,14291,1678662372
newOrder,13003,0,59764,1678662372
newOrder,24999,1,59764,1678662372
cancel,13003,,,1678662965
cancel,19916,,,1678662965
cancel,20553,,,1678662965
cancel,24999,,,1678662965
newOrder,19916,0,14412,1678662974
newOrder,20425,1,14412,1678662974
newOrder,13005,0,33380,1678662974
newOrder,24999,1,33380,1678662974
cancel,13005,,,1678663566
cancel,19916,,,1678663566
cancel,20425,,,1678663566
cancel,24999,,,1678663566
newOrder,19916,0,14414,1678663573
newOrder,20425,1,14414,1678663573
newOrder,13008,0,45343,1678663573
newOrder,24999,1,45343,1678663573
cancel,13008,,,1678664164
cancel,19916,,,1678664164
cancel,20425,,,1678664164
cancel,24999,,,1678664164
newOrder,19916,0,14416,1678664173
newOrder,20425,1,14416,1678664173
newOrder,11950,0,77563,1678664173
newOrder,24999,1,77563,1678664173
cancel,11950,,,1678664765
cancel,19916,,,1678664765
cancel,20425,,,1678664765
cancel,24999,,,1678664765
newOrder,19916,0,14421,1678664776
newOrder,20422,1,14421,1678664776
newOrder,13011,0,50880,1678664776
newOrder,24999,1,50880,1678664776
cancel,13011,,,1678665365
cancel,19916,,,1678665365
cancel,20422,,,1678665365
cancel,24999,,,1678665365
newOrder,19916,0,14423,1678665373
newOrder,20422,1,14423,1678665373
newOrder,13011,0,33065,1678665373
newOrder,24999,1,33065,1678665373
cancel,13011,,,1678665965
cancel,19916,,,1678665965
cancel,20422,,,1678665965
cancel,24999,,,1678665965
newOrder,19916,0,14426,1678665972
newOrder,20422,1,14426,1678665972
newOrder,13011,0,40636,1678665972
newOrder,24999,1,40636,1678665972
cancel,13011,,,1678666564
cancel,19916,,,1678666564
cancel,20422,,,1678666564
cancel,24999,,,1678666564
newOrder,19916,0,14428,1678666574
newOrder,20422,1,14428,1678666574
newOrder,13011,0,50391,1678666574
newOrder,24999,1,50391,1678666574
cancel,13011,,,1678667165
cancel,19916,,,1678667165
cancel,20422,,,1678667165
cancel,24999,,,1678667165
newOrder,19916,0,14431,1678667174
newOrder,20422,1,14431,1678667174
newOrder,13004,0,52675,1678667174
newOrder,24999,1,52675,1678667174
cancel,13004,,,1678667764
cancel,19916,,,1678667764
cancel,20422,,,1678667764
cancel,24999,,,1678667764
newOrder,19916,0,14433,1678667772
newOrder,20422,1,14433,1678667772
newOrder,13011,0,33214,1678667772
newOrder,24999,1,33214,1678667772
cancel,13011,,,1678668366
cancel,19916,,,1678668366
cancel,20422,,,1678668366
cancel,24999,,,1678668366
newOrder,19916,0,14435,1678668374
newOrder,20422,1,14435,1678668374
newOrder,13011,0,35571,1678668374
newOrder,24999,1,35571,1678668374
cancel,13011,,,1678668964
cancel,19916,,,1678668964
cancel,20422,,,1678668964
cancel,24999,,,1678668964
newOrder,19916,0,14437,1678668973
newOrder,20422,1,14437,1678668973
newOrder,13011,0,31953,1678668973
newOrder,24999,1,31953,1678668973
cancel,13011,,,1678669565
cancel,19916,,,1678669565
cancel,20422,,,1678669565
cancel,24999,,,1678669565
newOrder,19916,0,14439,1678669572
newOrder,20422,1,14439,1678669572
cancel,19916,,,1678670166
cancel,20422,,,1678670166
newOrder,19916,0,14441,1678670174
newOrder,20422,1,14441,1678670174
newOrder,13011,0,42113,1678670174
newOrder,24999,1,42113,1678670174
cancel,13011,,,1678670765
cancel,19916,,,1678670765
cancel,20422,,,1678670765
cancel,24999,,,1678670765
newOrder,19916,0,14444,1678670772
newOrder,20422,1,14444,1678670772
newOrder,11950,0,68052,1678670772
newOrder,24999,1,68052,1678670772
cancel,11950,,,1678671365
cancel,19916,,,1678671365
cancel,20422,,,1678671365
cancel,24999,,,1678671365
newOrder,19916,0,14446,1678671372
newOrder,20422,1,14446,1678671372
newOrder,13014,0,23548,1678671372
newOrder,24999,1,23548,1678671372
cancel,13014,,,1678671966
cancel,19916,,,1678671966
cancel,20422,,,1678671966
cancel,24999,,,1678671966
newOrder,19916,0,14448,1678671973
newOrder,20422,1,14448,1678671973
newOrder,13014,0,27368,1678671973
newOrder,24999,1,27368,1678671973
cancel,13014,,,1678672564
cancel,19916,,,1678672564
cancel,20422,,,1678672564
cancel,24999,,,1678672564
newOrder,19916,0,14450,1678672571
newOrder,20422,1,14450,1678672571
newOrder,13014,0,35670,1678672571
newOrder,24999,1,35670,1678672571
cancel,13014,,,1678673164
cancel,19916,,,1678673164
cancel,20422,,,1678673164
cancel,24999,,,1678673164
newOrder,19916,0,14452,1678673172
newOrder,20422,1,14452,1678673172
newOrder,13004,0,53929,1678673172
newOrder,24999,1,53929,1678673172
cancel,13004,,,1678673765
cancel,19916,,,1678673765
cancel,20422,,,1678673765
cancel,24999,,,1678673765
newOrder,19916,0,14455,1678673771
newOrder,20422,1,14455,1678673771
cancel,19916,,,1678674365
cancel,20422,,,1678674365
newOrder,19916,0,14457,1678674372
newOrder,20422,1,14457,1678674372
newOrder,11950,0,72404,1678674372
newOrder,24999,1,72404,1678674372
cancel,11950,,,1678674965
cancel,19916,,,1678674965
cancel,20422,,,1678674965
cancel,24999,,,1678674965
newOrder,19916,0,14459,1678674971
newOrder,20422,1,14459,1678674971
newOrder,11950,0,69765,1678674971
newOrder,24999,1,69765,1678674971
cancel,11950,,,1678675565
cancel,19916,,,1678675565
cancel,20422,,,1678675565
cancel,24999,,,1678675565
newOrder,19916,0,14461,1678675572
newOrder,20422,1,14461,1678675572
cancel,19916,,,1678676166
cancel,20422,,,1678676166
newOrder,19916,0,14463,1678676175
newOrder,20422,1,14463,1678676175
newOrder,13014,0,34552,1678676175
newOrder,24999,1,34552,1678676175
cancel,13014,,,1678676764
cancel,19916,,,1678676764
cancel,20422,,,1678676764
cancel,24999,,,1678676764
newOrder,19916,0,14466,1678676771
newOrder,20422,1,14466,1678676771
newOrder,11950,0,77145,1678676771
newOrder,24999,1,77145,1678676771
cancel,11950,,,1678677364
cancel,19916,,,1678677364
cancel,20422,,,1678677364
cancel,24999,,,1678677364
newOrder,19916,0,14468,1678677374
newOrder,20422,1,14468,1678677374
newOrder,11950,0,68350,1678677374
newOrder,24999,1,68350,1678677374
cancel,11950,,,1678677966
cancel,19916,,,1678677966
cancel,20422,,,1678677966
cancel,24999,,,1678677966
newOrder,19916,0,14470,1678677972
newOrder,20422,1,14470,1678677972
newOrder,11950,0,71662,1678677972
newOrder,24999,1,71662,1678677972
cancel,11950,,,1678678564
cancel,19916,,,1678678564
cancel,20422,,,1678678564
cancel,24999,,,1678678564
newOrder,19916,0,14472,1678678570
newOrder,20422,1,14472,1678678570
newOrder,13701,0,18384,1678678570
cancel,13701,,,1678679165
cancel,19916,,,1678679165
cancel,20422,,,1678679165
newOrder,19916,0,14474,1678679172
newOrder,20422,1,14474,1678679172
newOrder,13701,0,18688,1678679172
cancel,13701,,,1678679765
cancel,19916,,,1678679765
cancel,20422,,,1678679765
newOrder,19916,0,14477,1678679772
newOrder,20422,1,14477,1678679772
newOrder,13014,0,47431,1678679772
newOrder,24999,1,47431,1678679772
cancel,13014,,,1678680364
cancel,19916,,,1678680364
cancel,20422,,,1678680364
cancel,24999,,,1678680364
newOrder,19916,0,14479,1678680371
newOrder,20422,1,14479,1678680371
newOrder,11950,0,70927,1678680371
newOrder,24999,1,70927,1678680371
cancel,11950,,,1678680964
cancel,19916,,,1678680964
cancel,20422,,,1678680964
cancel,24999,,,1678680964
newOrder,19916,0,14481,1678680972
newOrder,20422,1,14481,1678680972
newOrder,11950,0,74625,1678680972
newOrder,24999,1,74625,1678680972
cancel,11950,,,1678681565
cancel,19916,,,1678681565
cancel,20422,,,1678681565
cancel,24999,,,1678681565
newOrder,19916,0,14483,1678681573
newOrder,20422,1,14483,1678681573
newOrder,13016,0,32283,1678681573
newOrder,24999,1,32283,1678681573
cancel,13016,,,1678682165
cancel,19916,,,1678682165
cancel,20422,,,1678682165
cancel,24999,,,1678682165
newOrder,19916,0,14485,1678682173
newOrder,20422,1,14485,1678682173
newOrder,13016,0,23625,1678682173
newOrder,24999,1,23625,1678682173
cancel,13016,,,1678682764
cancel,19916,,,1678682764
cancel,20422,,,1678682764
cancel,24999,,,1678682764
newOrder,19916,0,14488,1678682772
newOrder,20422,1,14488,1678682772
newOrder,13016,0,23743,1678682772
newOrder,24999,1,23743,1678682772
cancel,13016,,,1678683366
cancel,19916,,,1678683366
cancel,20422,,,1678683366
cancel,24999,,,1678683366
newOrder,19916,0,14490,1678683374
newOrder,20422,1,14490,1678683374
newOrder,11950,0,72000,1678683374
newOrder,24999,1,72000,1678683374
cancel,11950,,,1678683966
cancel,19916,,,1678683966
cancel,20422,,,1678683966
cancel,24999,,,1678683966
newOrder,19916,0,14488,1678683975
newOrder,20426,1,14488,1678683975
newOrder,13004,0,56611,1678683975
newOrder,24999,1,56611,1678683975
cancel,13004,,,1678684564
cancel,19916,,,1678684564
cancel,20426,,,1678684564
cancel,24999,,,1678684564
newOrder,19916,0,14487,1678684571
newOrder,20430,1,14487,1678684571
newOrder,11950,0,74805,1678684571
newOrder,24999,1,74805,1678684571
cancel,11950,,,1678685165
cancel,19916,,,1678685165
cancel,20430,,,1678685165
cancel,24999,,,1678685165
newOrder,19916,0,14489,1678685173
newOrder,20430,1,14489,1678685173
newOrder,13004,0,55475,1678685173
newOrder,24999,1,55475,1678685173
cancel,13004,,,1678685765
cancel,19916,,,1678685765
cancel,20430,,,1678685765
cancel,24999,,,1678685765
newOrder,19916,0,14491,1678685773
newOrder,20430,1,14491,1678685773
newOrder,13004,0,57141,1678685773
newOrder,24999,1,57141,1678685773
cancel,13004,,,1678686364
cancel,19916,,,1678686364
cancel,20430,,,1678686364
cancel,24999,,,1678686364
newOrder,19916,0,14494,1678686373
newOrder,20430,1,14494,1678686373
newOrder,13004,0,52506,1678686373
newOrder,24999,1,52506,1678686373
cancel,13004,,,1678686964
cancel,19916,,,1678686964
cancel,20430,,,1678686964
cancel,24999,,,1678686964
newOrder,19916,0,14490,1678686971
newOrder,20436,1,14490,1678686971
cancel,19916,,,1678687563
cancel,20436,,,1678687563
newOrder,19916,0,14492,1678687571
newOrder,20436,1,14492,1678687571
cancel,19916,,,1678688164
cancel,20436,,,1678688164
newOrder,19916,0,14494,1678688172
newOrder,20436,1,14494,1678688172
newOrder,13004,0,60157,1678688172
newOrder,24999,1,60157,1678688172
cancel,13004,,,1678688766
cancel,19916,,,1678688766
cancel,20436,,,1678688766
cancel,24999,,,1678688766
newOrder,19916,0,14497,1678688773
newOrder,20436,1,14497,1678688773
newOrder,11950,0,75968,1678688773
newOrder,24999,1,75968,1678688773
cancel,11950,,,1678689198
cancel,19916,,,1678689198
cancel,20436,,,1678689198
cancel,24999,,,1678689198
newOrder,19824,0,14815,1678689204
newOrder,20092,1,14815,1678689204
newOrder,13004,0,51603,1678689204
newOrder,24999,1,51603,1678689204
cancel,13004,,,1678689260
cancel,19824,,,1678689260
cancel,20092,,,1678689260
cancel,24999,,,1678689260
newOrder,19724,0,14861,1678689267
newOrder,20100,1,14861,1678689267
newOrder,13016,0,31540,1678689267
newOrder,24999,1,31540,1678689267
cancel,13016,,,1678689300
cancel,19724,,,1678689300
cancel,20100,,,1678689300
cancel,24999,,,1678689300
newOrder,19617,0,14902,1678689307
newOrder,20109,1,14902,1678689307
newOrder,11770,0,70058,1678689307
newOrder,24999,1,70058,1678689307
cancel,11770,,,1678689366
cancel,19617,,,1678689366
cancel,20109,,,1678689366
cancel,24999,,,1678689366
newOrder,19916,0,14650,1678689375
newOrder,20255,1,14650,1678689375
newOrder,13004,0,50216,1678689375
newOrder,24999,1,50216,1678689375
cancel,13004,,,1678689575
cancel,19916,,,1678689575
cancel,20255,,,1678689575
cancel,24999,,,1678689575
newOrder,19824,0,14816,1678689582
newOrder,20092,1,14816,1678689582
newOrder,13701,0,15182,1678689582
newOrder,20394,1,15182,1678689582
cancel,13701,,,1678689604
cancel,19824,,,1678689604
cancel,20092,,,1678689604
cancel,20394,,,1678689604
newOrder,19724,0,14862,1678689611
newOrder,20100,1,14862,1678689611
newOrder,13016,0,17917,1678689611
newOrder,20554,1,17917,1678689611
cancel,13016,,,1678689659
cancel,19724,,,1678689659
cancel,20100,,,1678689659
cancel,20554,,,1678689659
newOrder,19617,0,14903,1678689665
newOrder,20109,1,14903,1678689665
newOrder,11770,0,79020,1678689665
newOrder,24999,1,79020,1678689665
cancel,11770,,,1678689964
cancel,19617,,,1678689964
cancel,20109,,,1678689964
cancel,24999,,,1678689964
newOrder,19916,0,14643,1678689971
newOrder,20267,1,14643,1678689971
newOrder,13004,0,56720,1678689971
newOrder,24999,1,56720,1678689971
cancel,13004,,,1678690565
cancel,19916,,,1678690565
cancel,20267,,,1678690565
cancel,24999,,,1678690565
newOrder,19916,0,14550,1678690572
newOrder,20384,1,14550,1678690572
newOrder,11950,0,63148,1678690572
newOrder,24999,1,63148,1678690572
cancel,11950,,,1678691164
cancel,19916,,,1678691164
cancel,20384,,,1678691164
cancel,24999,,,1678691164
newOrder,19916,0,14508,1678691171
newOrder,20433,1,14508,1678691171
newOrder,11950,0,61090,1678691171
newOrder,24999,1,61090,1678691171
cancel,11950,,,1678691765
cancel,19916,,,1678691765
cancel,20433,,,1678691765
cancel,24999,,,1678691765
newOrder,19916,0,14510,1678691772
newOrder,20433,1,14510,1678691772
newOrder,13016,0,31362,1678691772
newOrder,24999,1,31362,1678691772
cancel,13016,,,1678692366
cancel,19916,,,1678692366
cancel,20433,,,1678692366
cancel,24999,,,1678692366
newOrder,19916,0,14513,1678692372
newOrder,20433,1,14513,1678692372
newOrder,13004,0,53792,1678692372
newOrder,24999,1,53792,1678692372
cancel,13004,,,1678692965
cancel,19916,,,1678692965
cancel,20433,,,1678692965
cancel,24999,,,1678692965
newOrder,19916,0,14515,1678692973
newOrder,20433,1,14515,1678692973
newOrder,13016,0,18846,1678692973
newOrder,20554,1,18846,1678692973
cancel,13016,,,1678693564
cancel,19916,,,1678693564
cancel,20433,,,1678693564
cancel,20554,,,1678693564
newOrder,19916,0,14521,1678693574
newOrder,20429,1,14521,1678693574
newOrder,13019,0,47722,1678693574
newOrder,24999,1,47722,1678693574
cancel,13019,,,1678694166
cancel,19916,,,1678694166
cancel,20429,,,1678694166
cancel,24999,,,1678694166
newOrder,19916,0,14523,1678694176
newOrder,20429,1,14523,1678694176
newOrder,13024,0,25087,1678694176
newOrder,24999,1,25087,1678694176
cancel,13024,,,1678694765
cancel,19916,,,1678694765
cancel,20429,,,1678694765
cancel,24999,,,1678694765
newOrder,19916,0,14525,1678694772
newOrder,20429,1,14525,1678694772
newOrder,11950,0,69297,1678694772
newOrder,24999,1,69297,1678694772
cancel,11950,,,1678695364
cancel,19916,,,1678695364
cancel,20429,,,1678695364
cancel,24999,,,1678695364
newOrder,19916,0,14527,1678695371
newOrder,20429,1,14527,1678695371
newOrder,11950,0,77116,1678695371
newOrder,24999,1,77116,1678695371
cancel,11950,,,1678695965
cancel,19916,,,1678695965
cancel,20429,,,1678695965
cancel,24999,,,1678695965
newOrder,19916,0,14530,1678695974
newOrder,20429,1,14530,1678695974
newOrder,13024,0,40569,1678695974
newOrder,24999,1,40569,1678695974
cancel,13024,,,1678696565
cancel,19916,,,1678696565
cancel,20429,,,1678696565
cancel,24999,,,1678696565
newOrder,19916,0,14532,1678696572
newOrder,20429,1,14532,1678696572
newOrder,11950,0,65076,1678696572
newOrder,24999,1,65076,1678696572
cancel,11950,,,1678697164
cancel,19916,,,1678697164
cancel,20429,,,1678697164
cancel,24999,,,1678697164
newOrder,19916,0,14534,1678697173
newOrder,20429,1,14534,1678697173
newOrder,13004,0,56520,1678697173
newOrder,24999,1,56520,1678697173
cancel,13004,,,1678697767
cancel,19916,,,1678697767
cancel,20429,,,1678697767
cancel,24999,,,1678697767
newOrder,19916,0,14536,1678697774
newOrder,20429,1,14536,1678697774
newOrder,11950,0,73265,1678697774
newOrder,24999,1,73265,1678697774
cancel,11950,,,1678698364
cancel,19916,,,1678698364
cancel,20429,,,1678698364
cancel,24999,,,1678698364
newOrder,19916,0,14539,1678698373
newOrder,20429,1,14539,1678698373
newOrder,13024,0,42091,1678698373
newOrder,24999,1,42091,1678698373
cancel,13024,,,1678698967
cancel,19916,,,1678698967
cancel,20429,,,1678698967
cancel,24999,,,1678698967
newOrder,19916,0,14541,1678698975
newOrder,20429,1,14541,1678698975
newOrder,13004,0,57120,1678698975
newOrder,24999,1,57120,1678698975
cancel,13004,,,1678699564
cancel,19916,,,1678699564
cancel,20429,,,1678699564
cancel,24999,,,1678699564
newOrder,19916,0,14543,1678699572
newOrder,20429,1,14543,1678699572
newOrder,13024,0,27266,1678699572
newOrder,24999,1,27266,1678699572
cancel,13024,,,1678700164
cancel,19916,,,1678700164
cancel,20429,,,1678700164
cancel,24999,,,1678700164
newOrder,19916,0,14545,1678700174
newOrder,20429,1,14545,1678700174
newOrder,13024,0,41859,1678700174
newOrder,24999,1,41859,1678700174
cancel,13024,,,1678700765
cancel,19916,,,1678700765
cancel,20429,,,1678700765
cancel,24999,,,1678700765
newOrder,19916,0,14548,1678700772
newOrder,20429,1,14548,1678700772
newOrder,13024,0,43931,1678700772
newOrder,24999,1,43931,1678700772
cancel,13024,,,1678701364
cancel,19916,,,1678701364
cancel,20429,,,1678701364
cancel,24999,,,1678701364
newOrder,19916,0,14550,1678701373
newOrder,20429,1,14550,1678701373
newOrder,13024,0,32343,1678701373
newOrder,24999,1,32343,1678701373
cancel,13024,,,1678701966
cancel,19916,,,1678701966
cancel,20429,,,1678701966
cancel,24999,,,1678701966
newOrder,19916,0,14552,1678701972
newOrder,20429,1,14552,1678701972
newOrder,13701,0,17516,1678701972
cancel,13701,,,1678702564
cancel,19916,,,1678702564
cancel,20429,,,1678702564
newOrder,19916,0,14554,1678702571
newOrder,20429,1,14554,1678702571
newOrder,13024,0,45581,1678702571
newOrder,24999,1,45581,1678702571
cancel,13024,,,1678703164
cancel,19916,,,1678703164
cancel,20429,,,1678703164
cancel,24999,,,1678703164
newOrder,19916,0,14556,1678703173
newOrder,20429,1,14556,1678703173
newOrder,11950,0,62359,1678703173
newOrder,24999,1,62359,1678703173
cancel,11950,,,1678703764
cancel,19916,,,1678703764
cancel,20429,,,1678703764
cancel,24999,,,1678703764
newOrder,19916,0,14559,1678703772
newOrder,20429,1,14559,1678703772
newOrder,11950,0,71973,1678703772
newOrder,24999,1,71973,1678703772
cancel,11950,,,1678704364
cancel,19916,,,1678704364
cancel,20429,,,1678704364
cancel,24999,,,1678704364
newOrder,19916,0,14561,1678704371
newOrder,20429,1,14561,1678704371
newOrder,13004,0,55814,1678704371
newOrder,24999,1,55814,1678704371
cancel,13004,,,1678704965
cancel,19916,,,1678704965
cancel,20429,,,1678704965
cancel,24999,,,1678704965
newOrder,19916,0,14563,1678704973
newOrder,20429,1,14563,1678704973
newOrder,13004,0,59573,1678704973
newOrder,24999,1,59573,1678704973
cancel,13004,,,1678705564
cancel,19916,,,1678705564
cancel,20429,,,1678705564
cancel,24999,,,1678705564
newOrder,19916,0,14566,1678705572
newOrder,20429,1,14566,1678705572
newOrder,13024,0,37957,1678705572
newOrder,24999,1,37957,1678705572
cancel,13024,,,1678706165
cancel,19916,,,1678706165
cancel,20429,,,1678706165
cancel,24999,,,1678706165
newOrder,19916,0,14568,1678706171
newOrder,20429,1,14568,1678706171
cancel,19916,,,1678706765
cancel,20429,,,1678706765
newOrder,19916,0,14570,1678706777
newOrder,20429,1,14570,1678706777
newOrder,11950,0,65993,1678706777
newOrder,24999,1,65993,1678706777
cancel,11950,,,1678707364
cancel,19916,,,1678707364
cancel,20429,,,1678707364
cancel,24999,,,1678707364
newOrder,19916,0,14572,1678707374
newOrder,20429,1,14572,1678707374
newOrder,13027,0,35884,1678707374
newOrder,24999,1,35884,1678707374
cancel,13027,,,1678708586
cancel,19916,,,1678708586
cancel,20429,,,1678708586
cancel,24999,,,1678708586
newOrder,19916,0,14577,1678708621
newOrder,20429,1,14577,1678708621
newOrder,11950,0,61780,1678708621
newOrder,24999,1,61780,1678708621
cancel,11950,,,1678709177
cancel,19916,,,1678709177
cancel,20429,,,1678709177
cancel,24999,,,1678709177
newOrder,19916,0,14579,1678709188
newOrder,20429,1,14579,1678709188
newOrder,13030,0,43067,1678709188
newOrder,24999,1,43067,1678709188