instruction,price,side,qty,time
cancel,11892,,,1678536965
cancel,19819,,,1678536965
cancel,20084,,,1678536965
cancel,24999,,,1678536965
newOrder,19864,0,14252,1678536974
newOrder,20084,1,14252,1678536974
newOrder,11918,0,46882,1678536974
newOrder,24999,1,46882,1678536974
cancel,11918,,,1678537565
cancel,19864,,,1678537565
cancel,20084,,,1678537565
cancel,24999,,,1678537565
newOrder,19864,0,14254,1678537575
newOrder,20084,1,14254,1678537575
newOrder,11918,0,72328,1678537575
newOrder,24999,1,72328,1678537575
cancel,11918,,,1678538165
cancel,19864,,,1678538165
cancel,20084,,,1678538165
cancel,24999,,,1678538165
newOrder,19864,0,14256,1678538175
newOrder,20084,1,14256,1678538175
newOrder,11918,0,41106,1678538175
newOrder,24999,1,41106,1678538175
cancel,11918,,,1678538765
cancel,19864,,,1678538765
cancel,20084,,,1678538765
cancel,24999,,,1678538765
newOrder,19864,0,14258,1678538775
newOrder,20084,1,14258,1678538775
newOrder,11918,0,66907,1678538775
newOrder,24999,1,66907,1678538775
cancel,11918,,,1678539366
cancel,19864,,,1678539366
cancel,20084,,,1678539366
cancel,24999,,,1678539366
newOrder,19864,0,14260,1678539377
newOrder,20084,1,14260,1678539377
newOrder,11918,0,41408,1678539377
newOrder,24999,1,41408,1678539377
cancel,11918,,,1678539966
cancel,19864,,,1678539966
cancel,20084,,,1678539966
cancel,24999,,,1678539966
newOrder,19864,0,14262,1678539975
newOrder,20084,1,14262,1678539975
newOrder,12006,0,18755,1678539975
newOrder,23388,1,18755,1678539975
cancel,12006,,,1678540565
cancel,19864,,,1678540565
cancel,20084,,,1678540565
cancel,23388,,,1678540565
newOrder,19864,0,14264,1678540573
newOrder,20084,1,14264,1678540573
newOrder,11918,0,41822,1678540573
newOrder,24999,1,41822,1678540573
cancel,11918,,,1678541165
cancel,19864,,,1678541165
cancel,20084,,,1678541165
cancel,24999,,,1678541165
newOrder,19864,0,14266,1678541172
newOrder,20084,1,14266,1678541172
newOrder,13003,0,13467,1678541172
newOrder,22584,1,13467,1678541172
cancel,13003,,,1678541765
cancel,19864,,,1678541765
cancel,20084,,,1678541765
cancel,22584,,,1678541765
newOrder,19864,0,14268,1678541773
newOrder,20084,1,14268,1678541773
newOrder,11918,0,47097,1678541773
newOrder,24999,1,47097,1678541773
cancel,11918,,,1678542365
cancel,19864,,,1678542365
cancel,20084,,,1678542365
cancel,24999,,,1678542365
newOrder,19864,0,14270,1678542374
newOrder,20084,1,14270,1678542374
newOrder,11918,0,76490,1678542374
newOrder,24999,1,76490,1678542374
cancel,11918,,,1678542965
cancel,19864,,,1678542965
cancel,20084,,,1678542965
cancel,24999,,,1678542965
newOrder,19864,0,14274,1678543571
newOrder,20084,1,14274,1678543571
newOrder,11918,0,52289,1678543571
newOrder,24999,1,52289,1678543571
cancel,11918,,,1678544164
cancel,19864,,,1678544164
cancel,20084,,,1678544164
cancel,24999,,,1678544164
newOrder,19864,0,14276,1678544172
newOrder,20084,1,14276,1678544172
newOrder,11918,0,72092,1678544172
newOrder,24999,1,72092,1678544172
cancel,11918,,,1678544764
cancel,19864,,,1678544764
cancel,20084,,,1678544764
cancel,24999,,,1678544764
newOrder,19916,0,14222,1678544771
newOrder,20126,1,14222,1678544771
newOrder,12005,0,24489,1678544771
newOrder,24999,1,24489,1678544771
cancel,12005,,,1678545365
cancel,19916,,,1678545365
cancel,20126,,,1678545365
cancel,24999,,,1678545365
newOrder,19916,0,14224,1678545371
newOrder,20126,1,14224,1678545371
newOrder,11950,0,38082,1678545371
newOrder,24999,1,38082,1678545371
cancel,11950,,,1678545965
cancel,19916,,,1678545965
cancel,20126,,,1678545965
cancel,24999,,,1678545965
newOrder,19916,0,14234,1678545975
newOrder,20114,1,14234,1678545975
newOrder,11950,0,60439,1678545975
newOrder,24999,1,60439,1678545975
cancel,11950,,,1678546565
cancel,19916,,,1678546565
cancel,20114,,,1678546565
cancel,24999,,,1678546565
newOrder,19916,0,14236,1678546573
newOrder,20114,1,14236,1678546573
newOrder,11950,0,36154,1678546573
newOrder,24999,1,36154,1678546573
cancel,11950,,,1678547164
cancel,19916,,,1678547164
cancel,20114,,,1678547164
cancel,24999,,,1678547164
newOrder,19916,0,14238,1678547174
newOrder,20114,1,14238,1678547174
newOrder,11950,0,36825,1678547174
newOrder,24999,1,36825,1678547174
cancel,11950,,,1678547765
cancel,19916,,,1678547765
cancel,20114,,,1678547765
cancel,24999,,,1678547765
newOrder,19916,0,14240,1678547773
newOrder,20114,1,14240,1678547773
newOrder,11950,0,73284,1678547773
newOrder,24999,1,73284,1678547773
cancel,11950,,,1678548366
cancel,19916,,,1678548366
cancel,20114,,,1678548366
cancel,24999,,,1678548366
newOrder,19916,0,14242,1678548374
newOrder,20114,1,14242,1678548374
newOrder,11950,0,34659,1678548374
newOrder,24999,1,34659,1678548374
cancel,11950,,,1678548965
cancel,19916,,,1678548965
cancel,20114,,,1678548965
cancel,24999,,,1678548965
newOrder,19766,0,14343,1678548972
newOrder,20084,1,14343,1678548972
newOrder,12101,0,17318,1678548972
newOrder,23388,1,17318,1678548972
cancel,12101,,,1678549565
cancel,19766,,,1678549565
cancel,20084,,,1678549565
cancel,23388,,,1678549565
newOrder,19766,0,14345,1678549575
newOrder,20084,1,14345,1678549575
newOrder,11859,0,46610,1678549575
newOrder,24999,1,46610,1678549575
cancel,11859,,,1678550164
cancel,19766,,,1678550164
cancel,20084,,,1678550164
cancel,24999,,,1678550164
newOrder,19916,0,14243,1678550172
newOrder,20122,1,14243,1678550172
newOrder,11950,0,73857,1678550172
newOrder,24999,1,73857,1678550172
cancel,11950,,,1678550765
cancel,19916,,,1678550765
cancel,20122,,,1678550765
cancel,24999,,,1678550765
newOrder,19916,0,14245,1678550774
newOrder,20122,1,14245,1678550774
newOrder,11950,0,42632,1678550774
newOrder,24999,1,42632,1678550774
cancel,11950,,,1678551365
cancel,19916,,,1678551365
cancel,20122,,,1678551365
cancel,24999,,,1678551365
newOrder,19916,0,14247,1678551374
newOrder,20122,1,14247,1678551374
newOrder,11950,0,62297,1678551374
newOrder,24999,1,62297,1678551374
cancel,11950,,,1678551966
cancel,19916,,,1678551966
cancel,20122,,,1678551966
cancel,24999,,,1678551966
newOrder,19916,0,14250,1678551974
newOrder,20122,1,14250,1678551974
newOrder,11950,0,51066,1678551974
newOrder,24999,1,51066,1678551974
cancel,11950,,,1678552565
cancel,19916,,,1678552565
cancel,20122,,,1678552565
cancel,24999,,,1678552565
newOrder,19916,0,14252,1678552573
newOrder,20122,1,14252,1678552573
newOrder,11950,0,54895,1678552573
newOrder,24999,1,54895,1678552573
cancel,11950,,,1678553165
cancel,19916,,,1678553165
cancel,20122,,,1678553165
cancel,24999,,,1678553165
newOrder,19916,0,14254,1678553174
newOrder,20122,1,14254,1678553174
newOrder,11950,0,64204,1678553174
newOrder,24999,1,64204,1678553174
cancel,11950,,,1678553764
cancel,19916,,,1678553764
cancel,20122,,,1678553764
cancel,24999,,,1678553764
newOrder,19916,0,14256,1678553774
newOrder,20122,1,14256,1678553774
newOrder,11950,0,46857,1678553774
newOrder,24999,1,46857,1678553774
cancel,11950,,,1678554365
cancel,19916,,,1678554365
cancel,20122,,,1678554365
cancel,24999,,,1678554365
newOrder,19916,0,14258,1678554373
newOrder,20122,1,14258,1678554373
newOrder,13003,0,12737,1678554373
newOrder,22584,1,12737,1678554373
cancel,13003,,,1678554965
cancel,19916,,,1678554965
cancel,20122,,,1678554965
cancel,22584,,,1678554965
newOrder,19916,0,14260,1678554974
newOrder,20122,1,14260,1678554974
newOrder,13003,0,8685,1678554974
newOrder,22584,1,8685,1678554974
cancel,13003,,,1678555565
cancel,19916,,,1678555565
cancel,20122,,,1678555565
cancel,22584,,,1678555565
newOrder,19916,0,14168,1678555573
newOrder,20261,1,14168,1678555573
newOrder,11950,0,64474,1678555573
newOrder,24999,1,64474,1678555573
cancel,11950,,,1678556165
cancel,19916,,,1678556165
cancel,20261,,,1678556165
cancel,24999,,,1678556165
newOrder,19916,0,14076,1678556173
newOrder,20384,1,14076,1678556173
newOrder,11950,0,68924,1678556173
newOrder,24999,1,68924,1678556173
cancel,11950,,,1678556766
cancel,19916,,,1678556766
cancel,20384,,,1678556766
cancel,24999,,,1678556766
newOrder,19916,0,14078,1678556774
newOrder,20384,1,14078,1678556774
newOrder,12005,0,26249,1678556774
newOrder,24999,1,26249,1678556774
cancel,12005,,,1678557366
cancel,19916,,,1678557366
cancel,20384,,,1678557366
cancel,24999,,,1678557366
newOrder,19916,0,13787,1678557376
newOrder,20702,1,13787,1678557376
newOrder,11950,0,34751,1678557376
newOrder,24999,1,34751,1678557376
cancel,11950,,,1678557964
cancel,19916,,,1678557964
cancel,20702,,,1678557964
cancel,24999,,,1678557964
newOrder,19916,0,13782,1678557972
newOrder,20708,1,13782,1678557972
newOrder,13003,0,12300,1678557972
newOrder,22584,1,12300,1678557972
cancel,13003,,,1678558467
cancel,19916,,,1678558467
cancel,20708,,,1678558467
cancel,22584,,,1678558467
newOrder,19908,0,13692,1678558476
newOrder,20803,1,13692,1678558476
newOrder,11945,0,67423,1678558476
newOrder,24999,1,67423,1678558476
cancel,11945,,,1678558564
cancel,19908,,,1678558564
cancel,20803,,,1678558564
cancel,24999,,,1678558564
newOrder,19916,0,13778,1678558573
newOrder,20715,1,13778,1678558573
newOrder,12005,0,28177,1678558573
newOrder,24999,1,28177,1678558573
cancel,12005,,,1678559165
cancel,19916,,,1678559165
cancel,20715,,,1678559165
cancel,24999,,,1678559165
newOrder,19916,0,13780,1678559174
newOrder,20715,1,13780,1678559174
newOrder,13003,0,9277,1678559174
newOrder,22584,1,9277,1678559174
cancel,13003,,,1678559764
cancel,19916,,,1678559764
cancel,20715,,,1678559764
cancel,22584,,,1678559764
newOrder,19916,0,13804,1678559773
newOrder,20692,1,13804,1678559773
newOrder,11950,0,53133,1678559773
newOrder,24999,1,53133,1678559773
cancel,11950,,,1678560366
cancel,19916,,,1678560366
cancel,20692,,,1678560366
cancel,24999,,,1678560366
newOrder,19916,0,13960,1678560373
newOrder,20534,1,13960,1678560373
newOrder,11950,0,53283,1678560373
newOrder,24999,1,53283,1678560373
cancel,11950,,,1678560965
cancel,19916,,,1678560965
cancel,20534,,,1678560965
cancel,24999,,,1678560965
newOrder,19916,0,13812,1678560973
newOrder,20689,1,13812,1678560973
newOrder,12006,0,20160,1678560973
newOrder,24999,1,20160,1678560973
cancel,12006,,,1678561568
cancel,19916,,,1678561568
cancel,20689,,,1678561568
cancel,24999,,,1678561568
newOrder,19916,0,13943,1678561577
newOrder,20556,1,13943,1678561577
newOrder,11950,0,73359,1678561577
newOrder,24999,1,73359,1678561577
cancel,11950,,,1678562165
cancel,19916,,,1678562165
cancel,20556,,,1678562165
cancel,24999,,,1678562165
newOrder,19916,0,13892,1678562172
newOrder,20612,1,13892,1678562172
newOrder,12101,0,15995,1678562172
newOrder,23386,1,15995,1678562172
cancel,12101,,,1678562765
cancel,19916,,,1678562765
cancel,20612,,,1678562765
cancel,23386,,,1678562765
newOrder,19916,0,13894,1678562774
newOrder,20612,1,13894,1678562774
newOrder,12006,0,20050,1678562774
newOrder,24999,1,20050,1678562774
cancel,12006,,,1678563365
cancel,19916,,,1678563365
cancel,20612,,,1678563365
cancel,24999,,,1678563365
newOrder,19916,0,13896,1678563374
newOrder,20612,1,13896,1678563374
newOrder,11950,0,57357,1678563374
newOrder,24999,1,57357,1678563374
cancel,11950,,,1678563966
cancel,19916,,,1678563966
cancel,20612,,,1678563966
cancel,24999,,,1678563966
newOrder,19916,0,13898,1678563974
newOrder,20612,1,13898,1678563974
newOrder,13003,0,11655,1678563974
newOrder,22584,1,11655,1678563974
cancel,13003,,,1678564564
cancel,19916,,,1678564564
cancel,20612,,,1678564564
cancel,22584,,,1678564564
newOrder,19916,0,13900,1678564572
newOrder,20612,1,13900,1678564572
newOrder,13003,0,13762,1678564572
newOrder,22584,1,13762,1678564572
cancel,13003,,,1678565165
cancel,19916,,,1678565165
cancel,20612,,,1678565165
cancel,22584,,,1678565165
newOrder,19916,0,13902,1678565172
newOrder,20612,1,13902,1678565172
newOrder,11950,0,38368,1678565172
newOrder,24999,1,38368,1678565172
cancel,11950,,,1678565765
cancel,19916,,,1678565765
cancel,20612,,,1678565765
cancel,24999,,,1678565765
newOrder,19916,0,13904,1678565773
newOrder,20612,1,13904,1678565773
newOrder,12006,0,19633,1678565773
newOrder,23388,1,19633,1678565773
cancel,12006,,,1678566365
cancel,19916,,,1678566365
cancel,20612,,,1678566365
cancel,23388,,,1678566365
newOrder,19916,0,13904,1678566375
newOrder,20614,1,13904,1678566375
newOrder,12006,0,19260,1678566375
newOrder,23388,1,19260,1678566375
cancel,12006,,,1678566966
cancel,19916,,,1678566966
cancel,20614,,,1678566966
cancel,23388,,,1678566966
newOrder,19916,0,14102,1678566974
newOrder,20396,1,14102,1678566974
newOrder,11950,0,54923,1678566974
newOrder,24999,1,54923,1678566974
cancel,11950,,,1678567565
cancel,19916,,,1678567565
cancel,20396,,,1678567565
cancel,24999,,,1678567565
newOrder,19916,0,13991,1678567575
newOrder,20526,1,13991,1678567575
newOrder,13003,0,9295,1678567575
newOrder,22584,1,9295,1678567575
cancel,13003,,,1678568166
cancel,19916,,,1678568166
cancel,20526,,,1678568166
cancel,22584,,,1678568166
newOrder,19916,0,13933,1678568175
newOrder,20590,1,13933,1678568175
newOrder,11950,0,73117,1678568175
newOrder,24999,1,73117,1678568175
cancel,11950,,,1678568765
cancel,19916,,,1678568765
cancel,20590,,,1678568765
cancel,24999,,,1678568765
newOrder,19916,0,13935,1678568772
newOrder,20590,1,13935,1678568772
newOrder,11950,0,59575,1678568772
newOrder,24999,1,59575,1678568772
cancel,11950,,,1678569364
cancel,19916,,,1678569364
cancel,20590,,,1678569364
cancel,24999,,,1678569364
newOrder,19916,0,14135,1678569373
newOrder,20366,1,14135,1678569373
newOrder,11950,0,52361,1678569373
newOrder,24999,1,52361,1678569373
cancel,11950,,,1678569964
cancel,19916,,,1678569964
cancel,20366,,,1678569964
cancel,24999,,,1678569964
newOrder,19916,0,14013,1678569972
newOrder,20510,1,14013,1678569972
newOrder,11950,0,58441,1678569972
newOrder,24999,1,58441,1678569972
cancel,11950,,,1678570566
cancel,19916,,,1678570566
cancel,20510,,,1678570566
cancel,24999,,,1678570566
newOrder,19916,0,13884,1678570576
newOrder,20648,1,13884,1678570576
newOrder,11950,0,72924,1678570576
newOrder,24999,1,72924,1678570576
cancel,11950,,,1678571166
cancel,19916,,,1678571166
cancel,20648,,,1678571166
cancel,24999,,,1678571166
newOrder,19916,0,13886,1678571176
newOrder,20648,1,13886,1678571176
newOrder,11950,0,41723,1678571176
newOrder,24999,1,41723,1678571176
cancel,11950,,,1678571766
cancel,19916,,,1678571766
cancel,20648,,,1678571766
cancel,24999,,,1678571766
newOrder,19916,0,13941,1678571776
newOrder,20594,1,13941,1678571776
newOrder,11950,0,33847,1678571776
newOrder,24999,1,33847,1678571776
cancel,11950,,,1678572365
cancel,19916,,,1678572365
cancel,20594,,,1678572365
cancel,24999,,,1678572365
newOrder,19916,0,13943,1678572373
newOrder,20594,1,13943,1678572373
newOrder,11950,0,71899,1678572373
newOrder,24999,1,71899,1678572373
cancel,11950,,,1678572965
cancel,19916,,,1678572965
cancel,20594,,,1678572965
cancel,24999,,,1678572965
newOrder,19916,0,13945,1678572974
newOrder,20594,1,13945,1678572974
newOrder,13003,0,11885,1678572974
newOrder,22584,1,11885,1678572974
cancel,13003,,,1678573563
cancel,19916,,,1678573563
cancel,20594,,,1678573563
cancel,22584,,,1678573563
newOrder,19916,0,13947,1678573572
newOrder,20594,1,13947,1678573572
newOrder,13003,0,14448,1678573572
newOrder,23386,1,14448,1678573572
cancel,13003,,,1678574169
cancel,19916,,,1678574169
cancel,20594,,,1678574169
cancel,23386,,,1678574169
newOrder,19916,0,13949,1678574178
newOrder,20594,1,13949,1678574178
newOrder,11950,0,42924,1678574178
newOrder,24999,1,42924,1678574178
cancel,11950,,,1678574765
cancel,19916,,,1678574765
cancel,20594,,,1678574765
cancel,24999,,,1678574765
newOrder,19916,0,13951,1678574774
newOrder,20594,1,13951,1678574774
newOrder,11950,0,31923,1678574774
newOrder,24999,1,31923,1678574774
cancel,11950,,,1678575365
cancel,19916,,,1678575365
cancel,20594,,,1678575365
cancel,24999,,,1678575365
newOrder,19916,0,13953,1678575372
newOrder,20594,1,13953,1678575372
newOrder,11950,0,72572,1678575372
newOrder,24999,1,72572,1678575372
cancel,11950,,,1678575967
cancel,19916,,,1678575967
cancel,20594,,,1678575967
cancel,24999,,,1678575967
newOrder,19916,0,13955,1678575974
newOrder,20594,1,13955,1678575974
newOrder,13003,0,14416,1678575974
newOrder,23386,1,14416,1678575974
cancel,13003,,,1678576565
cancel,19916,,,1678576565
cancel,20594,,,1678576565
cancel,23386,,,1678576565
newOrder,19916,0,13957,1678576574
newOrder,20594,1,13957,1678576574
newOrder,11950,0,69515,1678576574
newOrder,24999,1,69515,1678576574
cancel,11950,,,1678577165
cancel,19916,,,1678577165
cancel,20594,,,1678577165
cancel,24999,,,1678577165
newOrder,19916,0,13959,1678577175
newOrder,20594,1,13959,1678577175
newOrder,11950,0,37687,1678577175
newOrder,24999,1,37687,1678577175
cancel,11950,,,1678577765
cancel,19916,,,1678577765
cancel,20594,,,1678577765
cancel,24999,,,1678577765
newOrder,19916,0,13961,1678577774
newOrder,20594,1,13961,1678577774
newOrder,11950,0,50436,1678577774
newOrder,24999,1,50436,1678577774
cancel,11950,,,1678578365
cancel,19916,,,1678578365
cancel,20594,,,1678578365
cancel,24999,,,1678578365
newOrder,19916,0,13963,1678578373
newOrder,20594,1,13963,1678578373
newOrder,11950,0,37455,1678578373
newOrder,24999,1,37455,1678578373
cancel,11950,,,1678578964
cancel,19916,,,1678578964
cancel,20594,,,1678578964
cancel,24999,,,1678578964
newOrder,19916,0,13965,1678578972
newOrder,20594,1,13965,1678578972
newOrder,12101,0,15619,1678578972
newOrder,23386,1,15619,1678578972
cancel,12101,,,1678579565
cancel,19916,,,1678579565
cancel,20594,,,1678579565
cancel,23386,,,1678579565
newOrder,19916,0,13967,1678579572
newOrder,20594,1,13967,1678579572
newOrder,11950,0,51923,1678579572
newOrder,24999,1,51923,1678579572
cancel,11950,,,1678580165
cancel,19916,,,1678580165
cancel,20594,,,1678580165
cancel,24999,,,1678580165
newOrder,19916,0,13969,1678580173
newOrder,20594,1,13969,1678580173
newOrder,11950,0,67991,1678580173
newOrder,24999,1,67991,1678580173
cancel,11950,,,1678580767
cancel,19916,,,1678580767
cancel,20594,,,1678580767
cancel,24999,,,1678580767
newOrder,19916,0,13971,1678580774
newOrder,20594,1,13971,1678580774
newOrder,11950,0,68006,1678580774
newOrder,24999,1,68006,1678580774
cancel,11950,,,1678581365
cancel,19916,,,1678581365
cancel,20594,,,1678581365
cancel,24999,,,1678581365
newOrder,19916,0,13973,1678581374
newOrder,20594,1,13973,1678581374
newOrder,11950,0,70105,1678581374
newOrder,24999,1,70105,1678581374
cancel,11950,,,1678581965
cancel,19916,,,1678581965
cancel,20594,,,1678581965
cancel,24999,,,1678581965
newOrder,19916,0,13975,1678581972
newOrder,20594,1,13975,1678581972
newOrder,12006,0,28107,1678581972
newOrder,24999,1,28107,1678581972
cancel,12006,,,1678582564
cancel,19916,,,1678582564
cancel,20594,,,1678582564
cancel,24999,,,1678582564
newOrder,19916,0,13977,1678582575
newOrder,20594,1,13977,1678582575
newOrder,11950,0,46395,1678582575
newOrder,24999,1,46395,1678582575
cancel,11950,,,1678583165
cancel,19916,,,1678583165
cancel,20594,,,1678583165
cancel,24999,,,1678583165
newOrder,19916,0,13979,1678583173
newOrder,20594,1,13979,1678583173
newOrder,11950,0,31124,1678583173
newOrder,24999,1,31124,1678583173
cancel,11950,,,1678583764
cancel,19916,,,1678583764
cancel,20594,,,1678583764
cancel,24999,,,1678583764
newOrder,19916,0,13981,1678583771
newOrder,20594,1,13981,1678583771
newOrder,11950,0,46450,1678583771
newOrder,24999,1,46450,1678583771
cancel,11950,,,1678584364
cancel,19916,,,1678584364
cancel,20594,,,1678584364
cancel,24999,,,1678584364
newOrder,19916,0,14007,1678584372
newOrder,20568,1,14007,1678584372
newOrder,13004,0,9265,1678584372
newOrder,20588,1,3385,1678584372
cancel,13004,,,1678584965
cancel,19916,,,1678584965
cancel,20568,,,1678584965
cancel,20588,,,1678584965
newOrder,19916,0,14009,1678584972
newOrder,20568,1,14009,1678584972
newOrder,11950,0,75525,1678584972
newOrder,24999,1,75525,1678584972
cancel,11950,,,1678585565
cancel,19916,,,1678585565
cancel,20568,,,1678585565
cancel,24999,,,1678585565
newOrder,19916,0,14011,1678585574
newOrder,20568,1,14011,1678585574
newOrder,13004,0,21306,1678585574
newOrder,24999,1,21306,1678585574
cancel,13004,,,1678586165
cancel,19916,,,1678586165
cancel,20568,,,1678586165
cancel,24999,,,1678586165
newOrder,19916,0,14013,1678586173
newOrder,20568,1,14013,1678586173
newOrder,11950,0,50995,1678586173
newOrder,24999,1,50995,1678586173
cancel,11950,,,1678586765
cancel,19916,,,1678586765
cancel,20568,,,1678586765
cancel,24999,,,1678586765
newOrder,19916,0,14055,1678586774
newOrder,20526,1,14055,1678586774
newOrder,11950,0,74716,1678586774
newOrder,24999,1,74716,1678586774
cancel,11950,,,1678587367
cancel,19916,,,1678587367
cancel,20526,,,1678587367
cancel,24999,,,1678587367
newOrder,19916,0,14036,1678587376
newOrder,20549,1,14036,1678587376
newOrder,13004,0,12234,1678587376
cancel,13004,,,1678587961
cancel,19916,,,1678587961
cancel,20549,,,1678587961
newOrder,19916,0,14038,1678587970
newOrder,20549,1,14038,1678587970
newOrder,11950,0,60827,1678587970
newOrder,24999,1,60827,1678587970
cancel,11950,,,1678588561
cancel,19916,,,1678588561
cancel,20549,,,1678588561
cancel,24999,,,1678588561
newOrder,19916,0,14041,1678588568
newOrder,20548,1,14041,1678588568
newOrder,11950,0,62625,1678588568
newOrder,24999,1,62625,1678588568
cancel,11950,,,1678589160
cancel,19916,,,1678589160
cancel,20548,,,1678589160
cancel,24999,,,1678589160
newOrder,19916,0,14043,1678589168
newOrder,20548,1,14043,1678589168
newOrder,11950,0,45685,1678589168
newOrder,24999,1,45685,1678589168
cancel,11950,,,1678589760
cancel,19916,,,1678589760
cancel,20548,,,1678589760
cancel,24999,,,1678589760
newOrder,19916,0,14045,1678589767
newOrder,20548,1,14045,1678589767
newOrder,11950,0,37184,1678589767
newOrder,24999,1,37184,1678589767
cancel,11950,,,1678590360
cancel,19916,,,1678590360
cancel,20548,,,1678590360
cancel,24999,,,1678590360
newOrder,19916,0,14047,1678590368
newOrder,20548,1,14047,1678590368
newOrder,13004,0,22992,1678590368
newOrder,24999,1,22992,1678590368
cancel,13004,,,1678590960
cancel,19916,,,1678590960
cancel,20548,,,1678590960
cancel,24999,,,1678590960
newOrder,19916,0,14049,1678590968
newOrder,20548,1,14049,1678590968
newOrder,11950,0,74311,1678590968
newOrder,24999,1,74311,1678590968
cancel,11950,,,1678591565
cancel,19916,,,1678591565
cancel,20548,,,1678591565
cancel,24999,,,1678591565
newOrder,19916,0,14051,1678591572
newOrder,20548,1,14051,1678591572
newOrder,13004,0,11285,1678591572
cancel,13004,,,1678592166
cancel,19916,,,1678592166
cancel,20548,,,1678592166
newOrder,19916,0,14053,1678592173
newOrder,20548,1,14053,1678592173
newOrder,11950,0,71553,1678592173
newOrder,24999,1,71553,1678592173
cancel,11950,,,1678592765
cancel,19916,,,1678592765
cancel,20548,,,1678592765
cancel,24999,,,1678592765
newOrder,19916,0,14055,1678592772
newOrder,20548,1,14055,1678592772
newOrder,12101,0,26912,1678592772
newOrder,24999,1,26912,1678592772
cancel,12101,,,1678593365
cancel,19916,,,1678593365
cancel,20548,,,1678593365
cancel,24999,,,1678593365
newOrder,19916,0,14057,1678593372
newOrder,20548,1,14057,1678593372
newOrder,13004,0,17919,1678593372
cancel,13004,,,1678593965
cancel,19916,,,1678593965
cancel,20548,,,1678593965
newOrder,19916,0,14059,1678593972
newOrder,20548,1,14059,1678593972
newOrder,12101,0,26064,1678593972
newOrder,24999,1,26064,1678593972
cancel,12101,,,1678594565
cancel,19916,,,1678594565
cancel,20548,,,1678594565
cancel,24999,,,1678594565
newOrder,19916,0,14061,1678594573
newOrder,20548,1,14061,1678594573
newOrder,11950,0,34309,1678594573
newOrder,24999,1,34309,1678594573
cancel,11950,,,1678595165
cancel,19916,,,1678595165
cancel,20548,,,1678595165
cancel,24999,,,1678595165
newOrder,19916,0,14063,1678595173
newOrder,20548,1,14063,1678595173
newOrder,11950,0,31190,1678595173
newOrder,24999,1,31190,1678595173
cancel,11950,,,1678595763
cancel,19916,,,1678595763
cancel,20548,,,1678595763
cancel,24999,,,1678595763
newOrder,19916,0,14065,1678595772
newOrder,20548,1,14065,1678595772
newOrder,11950,0,63473,1678595772
newOrder,24999,1,63473,1678595772
cancel,11950,,,1678596365
cancel,19916,,,1678596365
cancel,20548,,,1678596365
cancel,24999,,,1678596365
newOrder,19916,0,14067,1678596372
newOrder,20548,1,14067,1678596372
newOrder,11950,0,28801,1678596372
newOrder,24999,1,28801,1678596372
cancel,11950,,,1678596965
cancel,19916,,,1678596965
cancel,20548,,,1678596965
cancel,24999,,,1678596965
newOrder,19916,0,14069,1678596972
newOrder,20548,1,14069,1678596972
newOrder,11950,0,71832,1678596972
newOrder,24999,1,71832,1678596972
cancel,11950,,,1678597566
cancel,19916,,,1678597566
cancel,20548,,,1678597566
cancel,24999,,,1678597566
newOrder,19916,0,14072,1678597573
newOrder,20548,1,14072,1678597573
newOrder,11950,0,28737,1678597573
newOrder,24999,1,28737,1678597573
cancel,11950,,,1678598165
cancel,19916,,,1678598165
cancel,20548,,,1678598165
cancel,24999,,,1678598165
newOrder,19916,0,14074,1678598171
newOrder,20548,1,14074,1678598171
newOrder,13004,0,14294,1678598171
cancel,13004,,,1678598765
cancel,19916,,,1678598765
cancel,20548,,,1678598765
newOrder,19916,0,14076,1678598772
newOrder,20548,1,14076,1678598772
newOrder,11950,0,72948,1678598772
newOrder,24999,1,72948,1678598772
cancel,11950,,,1678599365
cancel,19916,,,1678599365
cancel,20548,,,1678599365
cancel,24999,,,1678599365
newOrder,19916,0,14078,1678599371
newOrder,20548,1,14078,1678599371
newOrder,11950,0,56869,1678599371
newOrder,24999,1,56869,1678599371
cancel,11950,,,1678599965
cancel,19916,,,1678599965
cancel,20548,,,1678599965
cancel,24999,,,1678599965
newOrder,19916,0,14080,1678599972
newOrder,20548,1,14080,1678599972
newOrder,13004,0,12337,1678599972
cancel,13004,,,1678600565
cancel,19916,,,1678600565
cancel,20548,,,1678600565
newOrder,19916,0,14082,1678600572
newOrder,20548,1,14082,1678600572
newOrder,13004,0,20842,1678600572
newOrder,24999,1,20842,1678600572
cancel,13004,,,1678601164
cancel,19916,,,1678601164
cancel,20548,,,1678601164
cancel,24999,,,1678601164
newOrder,19916,0,14084,1678601175
newOrder,20548,1,14084,1678601175
newOrder,11950,0,68589,1678601175
newOrder,24999,1,68589,1678601175
cancel,11950,,,1678601765
cancel,19916,,,1678601765
cancel,20548,,,1678601765
cancel,24999,,,1678601765
newOrder,19916,0,14086,1678601772
newOrder,20548,1,14086,1678601772
newOrder,11950,0,35808,1678601772
newOrder,24999,1,35808,1678601772
cancel,11950,,,1678602365
cancel,19916,,,1678602365
cancel,20548,,,1678602365
cancel,24999,,,1678602365
newOrder,19916,0,14088,1678602372
newOrder,20548,1,14088,1678602372
newOrder,11950,0,59995,1678602372
newOrder,24999,1,59995,1678602372
cancel,11950,,,1678602964
cancel,19916,,,1678602964
cancel,20548,,,1678602964
cancel,24999,,,1678602964
newOrder,19916,0,14090,1678602973
newOrder,20548,1,14090,1678602973
newOrder,13004,0,11326,1678602973
cancel,13004,,,1678603564
cancel,19916,,,1678603564
cancel,20548,,,1678603564
newOrder,19916,0,14139,1678603571
newOrder,20497,1,14139,1678603571
newOrder,11950,0,68513,1678603571
newOrder,24999,1,68513,1678603571
cancel,11950,,,1678604164
cancel,19916,,,1678604164
cancel,20497,,,1678604164
cancel,24999,,,1678604164
newOrder,19916,0,14141,1678604172
newOrder,20497,1,14141,1678604172
newOrder,12101,0,26932,1678604172
newOrder,24999,1,26932,1678604172
cancel,12101,,,1678604764
cancel,19916,,,1678604764
cancel,20497,,,1678604764
cancel,24999,,,1678604764
newOrder,19916,0,14143,1678604771
newOrder,20497,1,14143,1678604771
newOrder,11950,0,38488,1678604771
newOrder,24999,1,38488,1678604771
cancel,11950,,,1678605364
cancel,19916,,,1678605364
cancel,20497,,,1678605364
cancel,24999,,,1678605364
newOrder,19916,0,14145,1678605377
newOrder,20497,1,14145,1678605377
newOrder,11950,0,57806,1678605377
newOrder,24999,1,57806,1678605377
cancel,11950,,,1678605965
cancel,19916,,,1678605965
cancel,20497,,,1678605965
cancel,24999,,,1678605965
newOrder,19916,0,14147,1678605974
newOrder,20497,1,14147,1678605974
newOrder,11950,0,72688,1678605974
newOrder,24999,1,72688,1678605974
cancel,11950,,,1678606564
cancel,19916,,,1678606564
cancel,20497,,,1678606564
cancel,24999,,,1678606564
newOrder,19916,0,14149,1678606571
newOrder,20497,1,14149,1678606571
newOrder,11950,0,49827,1678606571
newOrder,24999,1,49827,1678606571
cancel,11950,,,1678607164
cancel,19916,,,1678607164
cancel,20497,,,1678607164
cancel,24999,,,1678607164
newOrder,19916,0,14151,1678607171
newOrder,20497,1,14151,1678607171
newOrder,11950,0,56209,1678607171
newOrder,24999,1,56209,1678607171
cancel,11950,,,1678607764
cancel,19916,,,1678607764
cancel,20497,,,1678607764
cancel,24999,,,1678607764
newOrder,19916,0,14153,1678607771
newOrder,20497,1,14153,1678607771
newOrder,11950,0,63516,1678607771
newOrder,24999,1,63516,1678607771
cancel,11950,,,1678608365
cancel,19916,,,1678608365
cancel,20497,,,1678608365
cancel,24999,,,1678608365
newOrder,19916,0,14155,1678608372
newOrder,20497,1,14155,1678608372
newOrder,11950,0,66868,1678608372
newOrder,24999,1,66868,1678608372
cancel,11950,,,1678608964
cancel,19916,,,1678608964
cancel,20497,,,1678608964
cancel,24999,,,1678608964
newOrder,19916,0,14157,1678608971
newOrder,20497,1,14157,1678608971
newOrder,11950,0,71590,1678608971
newOrder,24999,1,71590,1678608971
cancel,11950,,,1678609564
cancel,19916,,,1678609564
cancel,20497,,,1678609564
cancel,24999,,,1678609564
newOrder,19916,0,14159,1678609571
newOrder,20497,1,14159,1678609571
newOrder,11950,0,45714,1678609571
newOrder,24999,1,45714,1678609571
cancel,11950,,,1678610165
cancel,19916,,,1678610165
cancel,20497,,,1678610165
cancel,24999,,,1678610165
newOrder,19916,0,14161,1678610173
newOrder,20497,1,14161,1678610173
newOrder,11950,0,32308,1678610173
newOrder,24999,1,32308,1678610173
cancel,11950,,,1678610765
cancel,19916,,,1678610765
cancel,20497,,,1678610765
cancel,24999,,,1678610765
newOrder,19916,0,14164,1678610771
newOrder,20497,1,14164,1678610771
newOrder,11950,0,40821,1678610771
newOrder,24999,1,40821,1678610771
cancel,11950,,,1678611365
cancel,19916,,,1678611365
cancel,20497,,,1678611365
cancel,24999,,,1678611365
newOrder,19916,0,14166,1678611371
newOrder,20497,1,14166,1678611371
newOrder,13004,0,18976,1678611371
cancel,13004,,,1678611965
cancel,19916,,,1678611965
cancel,20497,,,1678611965
newOrder,19916,0,14168,1678611972
newOrder,20497,1,14168,1678611972
newOrder,13004,0,17660,1678611972
cancel,13004,,,1678612564
cancel,19916,,,1678612564
cancel,20497,,,1678612564
newOrder,19916,0,14170,1678612571
newOrder,20497,1,14170,1678612571
newOrder,11950,0,66091,1678612571
newOrder,24999,1,66091,1678612571
cancel,11950,,,1678613165
cancel,19916,,,1678613165
cancel,20497,,,1678613165
cancel,24999,,,1678613165
newOrder,19916,0,14172,1678613172
newOrder,20497,1,14172,1678613172
newOrder,11950,0,68887,1678613172
newOrder,24999,1,68887,1678613172
cancel,11950,,,1678613764
cancel,19916,,,1678613764
cancel,20497,,,1678613764
cancel,24999,,,1678613764
newOrder,19916,0,14174,1678613774
newOrder,20497,1,14174,1678613774
newOrder,11950,0,56450,1678613774
newOrder,24999,1,56450,1678613774
cancel,11950,,,1678614363
cancel,19916,,,1678614363
cancel,20497,,,1678614363
cancel,24999,,,1678614363
newOrder,19916,0,14176,1678614372
newOrder,20497,1,14176,1678614372
newOrder,13004,0,22269,1678614372
newOrder,24999,1,22269,1678614372
cancel,13004,,,1678614964
cancel,19916,,,1678614964
cancel,20497,,,1678614964
cancel,24999,,,1678614964
newOrder,19916,0,14178,1678614973
newOrder,20497,1,14178,1678614973
newOrder,11950,0,69896,1678614973
newOrder,24999,1,69896,1678614973
cancel,11950,,,1678615564
cancel,19916,,,1678615564
cancel,20497,,,1678615564
cancel,24999,,,1678615564
newOrder,19916,0,14177,1678615572
newOrder,20500,1,14177,1678615572
newOrder,11950,0,56666,1678615572
newOrder,24999,1,56666,1678615572
cancel,11950,,,1678616164
cancel,19916,,,1678616164
cancel,20500,,,1678616164
cancel,24999,,,1678616164
newOrder,19916,0,14179,1678616171
newOrder,20500,1,14179,1678616171
newOrder,13004,0,20989,1678616171
newOrder,24999,1,20989,1678616171
cancel,13004,,,1678616765
cancel,19916,,,1678616765
cancel,20500,,,1678616765
cancel,24999,,,1678616765
newOrder,19916,0,14182,1678616773
newOrder,20500,1,14182,1678616773
newOrder,13003,0,25016,1678616773
newOrder,24999,1,25016,1678616773
cancel,13003,,,1678617365
cancel,19916,,,1678617365
cancel,20500,,,1678617365
cancel,24999,,,1678617365
newOrder,19916,0,14184,1678617373
newOrder,20500,1,14184,1678617373
newOrder,11950,0,41222,1678617373
newOrder,24999,1,41222,1678617373
cancel,11950,,,1678617968
cancel,19916,,,1678617968
cancel,20500,,,1678617968
cancel,24999,,,1678617968
newOrder,19916,0,14186,1678617976
newOrder,20500,1,14186,1678617976
newOrder,11950,0,56035,1678617976
newOrder,24999,1,56035,1678617976
cancel,11950,,,1678618567
cancel,19916,,,1678618567
cancel,20500,,,1678618567
cancel,24999,,,1678618567
newOrder,19916,0,14188,1678618574
newOrder,20500,1,14188,1678618574
newOrder,11950,0,40770,1678618574
newOrder,24999,1,40770,1678618574
cancel,11950,,,1678619167
cancel,19916,,,1678619167
cancel,20500,,,1678619167
cancel,24999,,,1678619167
newOrder,19916,0,14189,1678619173
newOrder,20500,1,14189,1678619173
newOrder,13501,0,11847,1678619173
cancel,13501,,,1678619765
cancel,19916,,,1678619765
cancel,20500,,,1678619765
newOrder,19916,0,14199,1678619772
newOrder,20492,1,14199,1678619772
newOrder,11950,0,58767,1678619772
newOrder,24999,1,58767,1678619772
cancel,11950,,,1678620365
cancel,19916,,,1678620365
cancel,20492,,,1678620365
cancel,24999,,,1678620365
newOrder,19916,0,14159,1678620373
newOrder,20537,1,14159,1678620373
newOrder,11950,0,36922,1678620373
newOrder,24999,1,36922,1678620373
cancel,11950,,,1678620965
cancel,19916,,,1678620965
cancel,20537,,,1678620965
cancel,24999,,,1678620965
newOrder,19916,0,14181,1678620972
newOrder,20516,1,14181,1678620972
newOrder,11950,0,33736,1678620972
newOrder,24999,1,33736,1678620972
cancel,11950,,,1678621566
cancel,19916,,,1678621566
cancel,20516,,,1678621566
cancel,24999,,,1678621566
newOrder,19916,0,14212,1678621573
newOrder,20485,1,14212,1678621573
newOrder,11950,0,27698,1678621573
newOrder,24999,1,27698,1678621573
cancel,11950,,,1678622166
cancel,19916,,,1678622166
cancel,20485,,,1678622166
cancel,24999,,,1678622166
newOrder,19916,0,14170,1678622174
newOrder,20533,1,14170,1678622174
newOrder,11950,0,32674,1678622174
newOrder,24999,1,32674,1678622174
cancel,11950,,,1678622767
cancel,19916,,,1678622767
cancel,20533,,,1678622767
cancel,24999,,,1678622767
newOrder,19916,0,14181,1678622775
newOrder,20523,1,14181,1678622775
newOrder,11950,0,60147,1678622775
newOrder,24999,1,60147,1678622775