instruction,price,side,qty,time
cancel,10747,,,1690546443
cancel,17912,,,1690546443
cancel,18075,,,1690546443
cancel,24999,,,1690546443
newOrder,17912,0,29454,1690546457
newOrder,18075,1,29454,1690546457
newOrder,10747,0,147558,1690546457
newOrder,24999,1,147558,1690546457
cancel,10747,,,1690547043
cancel,17912,,,1690547043
cancel,18075,,,1690547043
cancel,24999,,,1690547043
newOrder,17912,0,29477,1690547057
newOrder,18075,1,29477,1690547057
newOrder,10747,0,69816,1690547057
newOrder,24999,1,69816,1690547057
cancel,10747,,,1690547644
cancel,17912,,,1690547644
cancel,18075,,,1690547644
cancel,24999,,,1690547644
newOrder,17912,0,29499,1690547656
newOrder,18075,1,29499,1690547656
newOrder,10747,0,137032,1690547656
newOrder,24999,1,137032,1690547656
cancel,10747,,,1690548243
cancel,17912,,,1690548243
cancel,18075,,,1690548243
cancel,24999,,,1690548243
newOrder,17912,0,29521,1690548256
newOrder,18075,1,29521,1690548256
newOrder,15751,0,27119,1690548256
newOrder,19999,1,27119,1690548256
cancel,15751,,,1690548843
cancel,17912,,,1690548843
cancel,18075,,,1690548843
cancel,19999,,,1690548843
newOrder,17912,0,29544,1690548856
newOrder,18075,1,29544,1690548856
newOrder,10747,0,66302,1690548856
newOrder,24999,1,66302,1690548856
cancel,10747,,,1690549443
cancel,17912,,,1690549443
cancel,18075,,,1690549443
cancel,24999,,,1690549443
newOrder,17907,0,29572,1690549457
newOrder,18075,1,29572,1690549457
newOrder,10744,0,85535,1690549457
newOrder,24999,1,85535,1690549457
cancel,10744,,,1690550042
cancel,17907,,,1690550042
cancel,18075,,,1690550042
cancel,24999,,,1690550042
newOrder,17901,0,29601,1690550056
newOrder,18075,1,29601,1690550056
newOrder,15751,0,23122,1690550056
newOrder,19999,1,23122,1690550056
cancel,15751,,,1690550643
cancel,17901,,,1690550643
cancel,18075,,,1690550643
cancel,19999,,,1690550643
newOrder,17898,0,29626,1690550658
newOrder,18075,1,29626,1690550658
newOrder,12162,0,56697,1690550658
newOrder,24999,1,56697,1690550658
cancel,12162,,,1690551243
cancel,17898,,,1690551243
cancel,18075,,,1690551243
cancel,24999,,,1690551243
newOrder,17896,0,29650,1690551258
newOrder,18075,1,29650,1690551258
newOrder,15751,0,29318,1690551258
newOrder,19999,1,29318,1690551258
cancel,15751,,,1690551843
cancel,17896,,,1690551843
cancel,18075,,,1690551843
cancel,19999,,,1690551843
newOrder,17895,0,29674,1690551856
newOrder,18075,1,29674,1690551856
newOrder,10741,0,100031,1690551856
newOrder,24999,1,100031,1690551856
cancel,10741,,,1690552443
cancel,17895,,,1690552443
cancel,18075,,,1690552443
cancel,24999,,,1690552443
newOrder,17895,0,29697,1690552458
newOrder,18075,1,29697,1690552458
newOrder,15751,0,27755,1690552458
newOrder,19999,1,27755,1690552458
cancel,15751,,,1690553043
cancel,17895,,,1690553043
cancel,18075,,,1690553043
cancel,19999,,,1690553043
newOrder,17895,0,29720,1690553056
newOrder,18075,1,29720,1690553056
newOrder,15742,0,42708,1690553056
newOrder,24999,1,42708,1690553056
cancel,15742,,,1690553643
cancel,17895,,,1690553643
cancel,18075,,,1690553643
cancel,24999,,,1690553643
newOrder,17895,0,29743,1690553658
newOrder,18075,1,29743,1690553658
newOrder,10741,0,84210,1690553658
newOrder,24999,1,84210,1690553658
cancel,10741,,,1690554243
cancel,17895,,,1690554243
cancel,18075,,,1690554243
cancel,24999,,,1690554243
newOrder,17895,0,29766,1690554256
newOrder,18075,1,29766,1690554256
newOrder,10737,0,122823,1690554256
newOrder,24999,1,122823,1690554256
cancel,10737,,,1690554844
cancel,17895,,,1690554844
cancel,18075,,,1690554844
cancel,24999,,,1690554844
newOrder,17895,0,29789,1690554859
newOrder,18075,1,29789,1690554859
newOrder,10741,0,85990,1690554859
newOrder,24999,1,85990,1690554859
cancel,10741,,,1690555443
cancel,17895,,,1690555443
cancel,18075,,,1690555443
cancel,24999,,,1690555443
newOrder,17895,0,29812,1690555456
newOrder,18075,1,29812,1690555456
newOrder,10737,0,147775,1690555456
newOrder,24999,1,147775,1690555456
cancel,10737,,,1690556042
cancel,17895,,,1690556042
cancel,18075,,,1690556042
cancel,24999,,,1690556042
newOrder,17895,0,29836,1690556057
newOrder,18075,1,29836,1690556057
newOrder,15751,0,19067,1690556057
newOrder,19999,1,19067,1690556057
cancel,15751,,,1690556643
cancel,17895,,,1690556643
cancel,18075,,,1690556643
cancel,19999,,,1690556643
newOrder,17895,0,29859,1690556657
newOrder,18075,1,29859,1690556657
newOrder,10741,0,102837,1690556657
newOrder,24999,1,102837,1690556657
cancel,10741,,,1690557243
cancel,17895,,,1690557243
cancel,18075,,,1690557243
cancel,24999,,,1690557243
newOrder,17895,0,29882,1690557256
newOrder,18075,1,29882,1690557256
newOrder,12306,0,43930,1690557256
newOrder,24999,1,43930,1690557256
cancel,12306,,,1690557843
cancel,17895,,,1690557843
cancel,18075,,,1690557843
cancel,24999,,,1690557843
newOrder,17895,0,29906,1690557856
newOrder,18075,1,29906,1690557856
newOrder,10737,0,119610,1690557856
newOrder,24999,1,119610,1690557856
cancel,10737,,,1690558443
cancel,17895,,,1690558443
cancel,18075,,,1690558443
cancel,24999,,,1690558443
newOrder,17895,0,29929,1690558457
newOrder,18075,1,29929,1690558457
newOrder,10737,0,143132,1690558457
newOrder,24999,1,143132,1690558457
cancel,10737,,,1690559043
cancel,17895,,,1690559043
cancel,18075,,,1690559043
cancel,24999,,,1690559043
newOrder,17895,0,29953,1690559059
newOrder,18075,1,29953,1690559059
newOrder,10741,0,75698,1690559059
newOrder,24999,1,75698,1690559059
cancel,10741,,,1690559643
cancel,17895,,,1690559643
cancel,18075,,,1690559643
cancel,24999,,,1690559643
newOrder,17895,0,29976,1690559656
newOrder,18075,1,29976,1690559656
newOrder,10737,0,121123,1690559656
newOrder,24999,1,121123,1690559656
cancel,10737,,,1690560243
cancel,17895,,,1690560243
cancel,18075,,,1690560243
cancel,24999,,,1690560243
newOrder,17895,0,30000,1690560257
newOrder,18075,1,30000,1690560257
newOrder,10741,0,65724,1690560257
newOrder,24999,1,65724,1690560257
cancel,10741,,,1690560844
cancel,17895,,,1690560844
cancel,18075,,,1690560844
cancel,24999,,,1690560844
newOrder,17895,0,30023,1690560858
newOrder,18075,1,30023,1690560858
newOrder,12302,0,46442,1690560858
newOrder,24999,1,46442,1690560858
cancel,12302,,,1690561443
cancel,17895,,,1690561443
cancel,18075,,,1690561443
cancel,24999,,,1690561443
newOrder,17872,0,30065,1690561457
newOrder,18075,1,30065,1690561457
newOrder,10723,0,160771,1690561457
newOrder,24999,1,160771,1690561457
cancel,10723,,,1690562043
cancel,17872,,,1690562043
cancel,18075,,,1690562043
cancel,24999,,,1690562043
newOrder,17860,0,30095,1690562057
newOrder,18075,1,30095,1690562057
newOrder,15742,0,38850,1690562057
newOrder,24999,1,38850,1690562057
cancel,15742,,,1690562643
cancel,17860,,,1690562643
cancel,18075,,,1690562643
cancel,24999,,,1690562643
newOrder,17854,0,30122,1690562657
newOrder,18075,1,30122,1690562657
newOrder,10741,0,85208,1690562657
newOrder,24999,1,85208,1690562657
cancel,10741,,,1690563243
cancel,17854,,,1690563243
cancel,18075,,,1690563243
cancel,24999,,,1690563243
newOrder,17851,0,30147,1690563257
newOrder,18075,1,30147,1690563257
newOrder,10711,0,128092,1690563257
newOrder,24999,1,128092,1690563257
cancel,10711,,,1690563843
cancel,17851,,,1690563843
cancel,18075,,,1690563843
cancel,24999,,,1690563843
newOrder,17850,0,30171,1690563857
newOrder,18075,1,30171,1690563857
newOrder,10741,0,83485,1690563857
newOrder,24999,1,83485,1690563857
cancel,10741,,,1690564443
cancel,17850,,,1690564443
cancel,18075,,,1690564443
cancel,24999,,,1690564443
newOrder,17849,0,30195,1690564457
newOrder,18075,1,30195,1690564457
newOrder,10741,0,99484,1690564457
newOrder,24999,1,99484,1690564457
cancel,10741,,,1690565043
cancel,17849,,,1690565043
cancel,18075,,,1690565043
cancel,24999,,,1690565043
newOrder,17849,0,30220,1690565056
newOrder,18075,1,30220,1690565056
newOrder,10709,0,151952,1690565056
newOrder,24999,1,151952,1690565056
cancel,10709,,,1690565643
cancel,17849,,,1690565643
cancel,18075,,,1690565643
cancel,24999,,,1690565643
newOrder,17849,0,30244,1690565657
newOrder,18075,1,30244,1690565657
newOrder,10741,0,63906,1690565657
newOrder,24999,1,63906,1690565657
cancel,10741,,,1690566244
cancel,17849,,,1690566244
cancel,18075,,,1690566244
cancel,24999,,,1690566244
newOrder,17647,0,30079,1690566257
newOrder,18075,1,30079,1690566257
newOrder,10588,0,149067,1690566257
newOrder,24999,1,149067,1690566257
cancel,10588,,,1690566843
cancel,17647,,,1690566843
cancel,18075,,,1690566843
cancel,24999,,,1690566843
newOrder,17547,0,29818,1690566856
newOrder,18075,1,29818,1690566856
newOrder,10741,0,94679,1690566856
newOrder,24999,1,94679,1690566856
cancel,10741,,,1690567443
cancel,17547,,,1690567443
cancel,18075,,,1690567443
cancel,24999,,,1690567443
newOrder,17646,0,30125,1690567457
newOrder,18075,1,30125,1690567457
newOrder,10588,0,156610,1690567457
newOrder,24999,1,156610,1690567457
cancel,10588,,,1690568043
cancel,17646,,,1690568043
cancel,18075,,,1690568043
cancel,24999,,,1690568043
newOrder,17646,0,30148,1690568056
newOrder,18075,1,30148,1690568056
newOrder,10741,0,81843,1690568056
newOrder,24999,1,81843,1690568056
cancel,10741,,,1690568643
cancel,17646,,,1690568643
cancel,18075,,,1690568643
cancel,24999,,,1690568643
newOrder,17646,0,30172,1690568657
newOrder,18075,1,30172,1690568657
newOrder,15742,0,40811,1690568657
newOrder,24999,1,40811,1690568657
cancel,15742,,,1690569243
cancel,17646,,,1690569243
cancel,18075,,,1690569243
cancel,24999,,,1690569243
newOrder,17646,0,30195,1690569258
newOrder,18075,1,30195,1690569258
newOrder,10741,0,95200,1690569258
newOrder,24999,1,95200,1690569258
cancel,10741,,,1690569843
cancel,17646,,,1690569843
cancel,18075,,,1690569843
cancel,24999,,,1690569843
newOrder,17646,0,30219,1690569856
newOrder,18075,1,30219,1690569856
newOrder,10588,0,138580,1690569856
newOrder,24999,1,138580,1690569856
cancel,10588,,,1690570444
cancel,17646,,,1690570444
cancel,18075,,,1690570444
cancel,24999,,,1690570444
newOrder,17646,0,30242,1690570457
newOrder,18075,1,30242,1690570457
newOrder,10588,0,110829,1690570457
newOrder,24999,1,110829,1690570457
cancel,10588,,,1690571043
cancel,17646,,,1690571043
cancel,18075,,,1690571043
cancel,24999,,,1690571043
newOrder,17646,0,30266,1690571057
newOrder,18075,1,30266,1690571057
newOrder,10588,0,150604,1690571057
newOrder,24999,1,150604,1690571057
cancel,10588,,,1690571642
cancel,17646,,,1690571642
cancel,18075,,,1690571642
cancel,24999,,,1690571642
newOrder,17646,0,30290,1690571656
newOrder,18075,1,30290,1690571656
newOrder,10588,0,156028,1690571656
newOrder,24999,1,156028,1690571656
cancel,10588,,,1690572243
cancel,17646,,,1690572243
cancel,18075,,,1690572243
cancel,24999,,,1690572243
newOrder,17646,0,30314,1690572256
newOrder,18075,1,30314,1690572256
newOrder,10741,0,99117,1690572256
newOrder,24999,1,99117,1690572256
cancel,10741,,,1690572843
cancel,17646,,,1690572843
cancel,18075,,,1690572843
cancel,24999,,,1690572843
newOrder,17646,0,30338,1690572856
newOrder,18075,1,30338,1690572856
newOrder,15751,0,22134,1690572856
newOrder,19999,1,22134,1690572856
cancel,15751,,,1690573443
cancel,17646,,,1690573443
cancel,18075,,,1690573443
cancel,19999,,,1690573443
newOrder,17646,0,30362,1690573457
newOrder,18075,1,30362,1690573457
newOrder,15742,0,37752,1690573457
newOrder,24999,1,37752,1690573457
cancel,15742,,,1690574043
cancel,17646,,,1690574043
cancel,18075,,,1690574043
cancel,24999,,,1690574043
newOrder,17646,0,30386,1690574056
newOrder,18075,1,30386,1690574056
newOrder,10741,0,73350,1690574056
newOrder,24999,1,73350,1690574056
cancel,10741,,,1690574643
cancel,17646,,,1690574643
cancel,18075,,,1690574643
cancel,24999,,,1690574643
newOrder,17645,0,30407,1690574659
newOrder,18075,1,30407,1690574659
newOrder,12302,0,50660,1690574659
newOrder,24999,1,50660,1690574659
cancel,12302,,,1690575243
cancel,17645,,,1690575243
cancel,18075,,,1690575243
cancel,24999,,,1690575243
newOrder,17676,0,30497,1690575256
newOrder,18075,1,30497,1690575256
newOrder,10741,0,90575,1690575256
newOrder,24999,1,90575,1690575256
cancel,10741,,,1690575843
cancel,17676,,,1690575843
cancel,18075,,,1690575843
cancel,24999,,,1690575843
newOrder,17696,0,30558,1690575856
newOrder,18075,1,30558,1690575856
newOrder,10741,0,97282,1690575856
newOrder,24999,1,97282,1690575856
cancel,10741,,,1690576443
cancel,17696,,,1690576443
cancel,18075,,,1690576443
cancel,24999,,,1690576443
newOrder,17701,0,30591,1690576457
newOrder,18075,1,30591,1690576457
newOrder,12302,0,51325,1690576457
newOrder,24999,1,51325,1690576457
cancel,12302,,,1690577042
cancel,17701,,,1690577042
cancel,18075,,,1690577042
cancel,24999,,,1690577042
newOrder,17673,0,30565,1690577056
newOrder,18075,1,30565,1690577056
newOrder,10741,0,92828,1690577056
newOrder,24999,1,92828,1690577056
cancel,10741,,,1690577644
cancel,17673,,,1690577644
cancel,18075,,,1690577644
cancel,24999,,,1690577644
newOrder,17711,0,30657,1690577657
newOrder,18075,1,30657,1690577657
newOrder,10626,0,149771,1690577657
newOrder,24999,1,149771,1690577657
cancel,10626,,,1690578243
cancel,17711,,,1690578243
cancel,18075,,,1690578243
cancel,24999,,,1690578243
newOrder,17678,0,30624,1690578257
newOrder,18075,1,30624,1690578257
newOrder,10741,0,103255,1690578257
newOrder,24999,1,103255,1690578257
cancel,10741,,,1690578844
cancel,17678,,,1690578844
cancel,18075,,,1690578844
cancel,24999,,,1690578844
newOrder,17671,0,30635,1690578858
newOrder,18075,1,30635,1690578858
newOrder,10741,0,60455,1690578858
newOrder,24999,1,60455,1690578858
cancel,10741,,,1690579443
cancel,17671,,,1690579443
cancel,18075,,,1690579443
cancel,24999,,,1690579443
newOrder,17658,0,30631,1690579457
newOrder,18075,1,30631,1690579457
newOrder,10595,0,164068,1690579457
newOrder,24999,1,164068,1690579457
cancel,10595,,,1690580044
cancel,17658,,,1690580044
cancel,18075,,,1690580044
cancel,24999,,,1690580044
newOrder,17681,0,30705,1690580057
newOrder,18075,1,30705,1690580057
newOrder,12302,0,54710,1690580057
newOrder,24999,1,54710,1690580057
cancel,12302,,,1690580643
cancel,17681,,,1690580643
cancel,18075,,,1690580643
cancel,24999,,,1690580643
newOrder,17730,0,30811,1690580657
newOrder,18075,1,30811,1690580657
newOrder,10741,0,63138,1690580657
newOrder,24999,1,63138,1690580657
cancel,10741,,,1690581243
cancel,17730,,,1690581243
cancel,18075,,,1690581243
cancel,24999,,,1690581243
newOrder,17687,0,30767,1690581256
newOrder,18075,1,30767,1690581256
newOrder,15742,0,33657,1690581256
newOrder,24999,1,33657,1690581256
cancel,15742,,,1690581844
cancel,17687,,,1690581844
cancel,18075,,,1690581844
cancel,24999,,,1690581844
newOrder,17666,0,30749,1690581859
newOrder,18075,1,30749,1690581859
newOrder,15742,0,36427,1690581859
newOrder,24999,1,36427,1690581859
cancel,15742,,,1690582444
cancel,17666,,,1690582444
cancel,18075,,,1690582444
cancel,24999,,,1690582444
newOrder,17655,0,30750,1690582457
newOrder,18075,1,30750,1690582457
newOrder,10593,0,112105,1690582457
newOrder,24999,1,112105,1690582457
cancel,10593,,,1690583043
cancel,17655,,,1690583043
cancel,18075,,,1690583043
cancel,24999,,,1690583043
newOrder,17650,0,30762,1690583056
newOrder,18075,1,30762,1690583056
newOrder,10741,0,108323,1690583056
newOrder,24999,1,108323,1690583056
cancel,10741,,,1690583643
cancel,17650,,,1690583643
cancel,18075,,,1690583643
cancel,24999,,,1690583643
newOrder,17681,0,30856,1690583656
newOrder,18075,1,30856,1690583656
newOrder,15742,0,43317,1690583656
newOrder,24999,1,43317,1690583656
cancel,15742,,,1690584243
cancel,17681,,,1690584243
cancel,18075,,,1690584243
cancel,24999,,,1690584243
newOrder,17666,0,30850,1690584256
newOrder,18075,1,30850,1690584256
newOrder,10741,0,65950,1690584256
newOrder,24999,1,65950,1690584256
cancel,10741,,,1690584843
cancel,17666,,,1690584843
cancel,18075,,,1690584843
cancel,24999,,,1690584843
newOrder,17655,0,30851,1690584856
newOrder,18075,1,30851,1690584856
newOrder,10741,0,80687,1690584856
newOrder,24999,1,80687,1690584856
cancel,10741,,,1690585443
cancel,17655,,,1690585443
cancel,18075,,,1690585443
cancel,24999,,,1690585443
newOrder,17650,0,30863,1690585457
newOrder,18075,1,30863,1690585457
newOrder,10590,0,147387,1690585457
newOrder,24999,1,147387,1690585457
cancel,10590,,,1690586043
cancel,17650,,,1690586043
cancel,18075,,,1690586043
cancel,24999,,,1690586043
newOrder,17647,0,30883,1690586056
newOrder,18075,1,30883,1690586056
newOrder,10588,0,124274,1690586056
newOrder,24999,1,124274,1690586056
cancel,10588,,,1690586643
cancel,17647,,,1690586643
cancel,18075,,,1690586643
cancel,24999,,,1690586643
newOrder,17651,0,30917,1690586656
newOrder,18075,1,30917,1690586656
newOrder,12302,0,50032,1690586656
newOrder,24999,1,50032,1690586656
cancel,12302,,,1690587244
cancel,17651,,,1690587244
cancel,18075,,,1690587244
cancel,24999,,,1690587244
newOrder,17648,0,30935,1690587257
newOrder,18075,1,30935,1690587257
newOrder,10741,0,106674,1690587257
newOrder,24999,1,106674,1690587257
cancel,10741,,,1690587843
cancel,17648,,,1690587843
cancel,18075,,,1690587843
cancel,24999,,,1690587843
newOrder,17706,0,31083,1690587856
newOrder,18075,1,31083,1690587856
newOrder,10741,0,91173,1690587856
newOrder,24999,1,91173,1690587856
cancel,10741,,,1690588444
cancel,17706,,,1690588444
cancel,18075,,,1690588444
cancel,24999,,,1690588444
newOrder,17691,0,31082,1690588458
newOrder,18075,1,31082,1690588458
newOrder,10614,0,116945,1690588458
newOrder,24999,1,116945,1690588458
cancel,10614,,,1690589043
cancel,17691,,,1690589043
cancel,18075,,,1690589043
cancel,24999,,,1690589043
newOrder,17720,0,31160,1690589057
newOrder,18075,1,31160,1690589057
newOrder,10741,0,68546,1690589057
newOrder,24999,1,68546,1690589057
cancel,10741,,,1690589642
cancel,17720,,,1690589642
cancel,18075,,,1690589642
cancel,24999,,,1690589642
newOrder,17682,0,31117,1690589656
newOrder,18075,1,31117,1690589656
newOrder,14501,0,44809,1690589656
newOrder,24999,1,44809,1690589656
cancel,14501,,,1690590243
cancel,17682,,,1690590243
cancel,18075,,,1690590243
cancel,24999,,,1690590243
newOrder,17663,0,31102,1690590256
newOrder,18075,1,31102,1690590256
newOrder,12162,0,58421,1690590256
newOrder,24999,1,58421,1690590256
cancel,12162,,,1690590843
cancel,17663,,,1690590843
cancel,18075,,,1690590843
cancel,24999,,,1690590843
newOrder,17661,0,31122,1690590857
newOrder,18075,1,31122,1690590857
newOrder,10596,0,162885,1690590857
newOrder,24999,1,162885,1690590857
cancel,10596,,,1690591443
cancel,17661,,,1690591443
cancel,18075,,,1690591443
cancel,24999,,,1690591443
newOrder,17779,0,31333,1690591457
newOrder,18075,1,31333,1690591457
newOrder,10741,0,108890,1690591457
newOrder,24999,1,108890,1690591457
cancel,10741,,,1690592043
cancel,17779,,,1690592043
cancel,18075,,,1690592043
cancel,24999,,,1690592043
newOrder,17829,0,31379,1690592056
newOrder,18075,1,31379,1690592056
newOrder,12302,0,47467,1690592056
newOrder,24999,1,47467,1690592056
cancel,12302,,,1690592643
cancel,17829,,,1690592643
cancel,18075,,,1690592643
cancel,24999,,,1690592643
newOrder,17830,0,31406,1690592656
newOrder,18075,1,31406,1690592656
newOrder,15742,0,36024,1690592656
newOrder,24999,1,36024,1690592656
cancel,15742,,,1690593243
cancel,17830,,,1690593243
cancel,18075,,,1690593243
cancel,24999,,,1690593243
newOrder,17830,0,31434,1690593258
newOrder,18075,1,31434,1690593258
newOrder,10698,0,149204,1690593258
newOrder,24999,1,149204,1690593258
cancel,10698,,,1690593843
cancel,17830,,,1690593843
cancel,18075,,,1690593843
cancel,24999,,,1690593843
newOrder,17830,0,31462,1690593858
newOrder,18075,1,31462,1690593858
newOrder,10698,0,143717,1690593858
newOrder,24999,1,143717,1690593858
cancel,10698,,,1690594443
cancel,17830,,,1690594443
cancel,18075,,,1690594443
cancel,24999,,,1690594443
newOrder,17830,0,31489,1690594456
newOrder,18075,1,31489,1690594456
newOrder,12302,0,55631,1690594456
newOrder,24999,1,55631,1690594456
cancel,12302,,,1690595043
cancel,17830,,,1690595043
cancel,18075,,,1690595043
cancel,24999,,,1690595043
newOrder,17830,0,31517,1690595057
newOrder,18075,1,31517,1690595057
newOrder,12302,0,52133,1690595057
newOrder,24999,1,52133,1690595057
cancel,12302,,,1690595643
cancel,17830,,,1690595643
cancel,18075,,,1690595643
cancel,24999,,,1690595643
newOrder,17830,0,31545,1690595657
newOrder,18075,1,31545,1690595657
newOrder,10741,0,66074,1690595657
newOrder,24999,1,66074,1690595657
cancel,10741,,,1690596243
cancel,17830,,,1690596243
cancel,18075,,,1690596243
cancel,24999,,,1690596243
newOrder,17830,0,31573,1690596257
newOrder,18075,1,31573,1690596257
newOrder,12302,0,47265,1690596257
newOrder,24999,1,47265,1690596257
cancel,12302,,,1690596843
cancel,17830,,,1690596843
cancel,18075,,,1690596843
cancel,24999,,,1690596843
newOrder,17830,0,31601,1690596857
newOrder,18075,1,31601,1690596857
newOrder,10698,0,161379,1690596857
newOrder,24999,1,161379,1690596857
cancel,10698,,,1690597443
cancel,17830,,,1690597443
cancel,18075,,,1690597443
cancel,24999,,,1690597443
newOrder,17830,0,31629,1690597455
newOrder,18075,1,31629,1690597455
newOrder,10698,0,165696,1690597455
newOrder,24999,1,165696,1690597455
cancel,10698,,,1690598043
cancel,17830,,,1690598043
cancel,18075,,,1690598043
cancel,24999,,,1690598043
newOrder,17830,0,31657,1690598056
newOrder,18075,1,31657,1690598056
newOrder,10698,0,117688,1690598056
newOrder,24999,1,117688,1690598056
cancel,10698,,,1690598643
cancel,17830,,,1690598643
cancel,18075,,,1690598643
cancel,24999,,,1690598643
newOrder,17830,0,31685,1690598656
newOrder,18075,1,31685,1690598656
newOrder,15742,0,36483,1690598656
newOrder,24999,1,36483,1690598656
cancel,15742,,,1690599243
cancel,17830,,,1690599243
cancel,18075,,,1690599243
cancel,24999,,,1690599243
newOrder,17830,0,31713,1690599257
newOrder,18075,1,31713,1690599257
newOrder,15751,0,30011,1690599257
newOrder,19999,1,30011,1690599257
cancel,15751,,,1690599843
cancel,17830,,,1690599843
cancel,18075,,,1690599843
cancel,19999,,,1690599843
newOrder,17830,0,31742,1690599857
newOrder,18075,1,31742,1690599857
newOrder,10741,0,92377,1690599857
newOrder,24999,1,92377,1690599857
cancel,10741,,,1690600443
cancel,17830,,,1690600443
cancel,18075,,,1690600443
cancel,24999,,,1690600443
newOrder,17830,0,31770,1690600457
newOrder,18075,1,31770,1690600457
newOrder,10698,0,132802,1690600457
newOrder,24999,1,132802,1690600457
cancel,10698,,,1690601042
cancel,17830,,,1690601042
cancel,18075,,,1690601042
cancel,24999,,,1690601042
newOrder,17830,0,31799,1690601055
newOrder,18075,1,31799,1690601055
newOrder,10741,0,95346,1690601055
newOrder,24999,1,95346,1690601055
cancel,10741,,,1690601643
cancel,17830,,,1690601643
cancel,18075,,,1690601643
cancel,24999,,,1690601643
newOrder,17830,0,31827,1690601656
newOrder,18075,1,31827,1690601656
newOrder,10698,0,113904,1690601656
newOrder,24999,1,113904,1690601656
cancel,10698,,,1690602243
cancel,17830,,,1690602243
cancel,18075,,,1690602243
cancel,24999,,,1690602243
newOrder,17830,0,31856,1690602257
newOrder,18075,1,31856,1690602257
newOrder,10698,0,142800,1690602257
newOrder,24999,1,142800,1690602257
cancel,10698,,,1690602843
cancel,17830,,,1690602843
cancel,18075,,,1690602843
cancel,24999,,,1690602843
newOrder,17830,0,31885,1690602855
newOrder,18075,1,31885,1690602855
newOrder,10741,0,106384,1690602855
newOrder,24999,1,106384,1690602855
cancel,10741,,,1690603443
cancel,17830,,,1690603443
cancel,18075,,,1690603443
cancel,24999,,,1690603443
newOrder,17830,0,31914,1690603457
newOrder,18075,1,31914,1690603457
newOrder,15742,0,34350,1690603457
newOrder,24999,1,34350,1690603457
cancel,15742,,,1690604043
cancel,17830,,,1690604043
cancel,18075,,,1690604043
cancel,24999,,,1690604043
newOrder,17832,0,31943,1690604057
newOrder,18075,1,31943,1690604057
newOrder,10699,0,168876,1690604057
newOrder,24999,1,168876,1690604057
cancel,10699,,,1690604643
cancel,17832,,,1690604643
cancel,18075,,,1690604643
cancel,24999,,,1690604643
newOrder,17833,0,31972,1690604656
newOrder,18075,1,31972,1690604656
newOrder,10741,0,101050,1690604656
newOrder,24999,1,101050,1690604656
cancel,10741,,,1690605243
cancel,17833,,,1690605243
cancel,18075,,,1690605243
cancel,24999,,,1690605243
newOrder,17833,0,32001,1690605257
newOrder,18075,1,32001,1690605257
newOrder,15751,0,31288,1690605257
newOrder,19999,1,31288,1690605257
cancel,15751,,,1690605843
cancel,17833,,,1690605843
cancel,18075,,,1690605843
cancel,19999,,,1690605843
newOrder,17833,0,32031,1690605858
newOrder,18075,1,32031,1690605858
newOrder,10700,0,170343,1690605858
newOrder,24999,1,170343,1690605858
cancel,10700,,,1690606442
cancel,17833,,,1690606442
cancel,18075,,,1690606442
cancel,24999,,,1690606442
newOrder,17833,0,32060,1690606456
newOrder,18075,1,32060,1690606456
newOrder,14501,0,45736,1690606456
newOrder,24999,1,45736,1690606456
cancel,14501,,,1690607043
cancel,17833,,,1690607043
cancel,18075,,,1690607043
cancel,24999,,,1690607043
newOrder,17835,0,32090,1690607057
newOrder,18075,1,32090,1690607057
newOrder,10701,0,120770,1690607057
newOrder,24999,1,120770,1690607057
cancel,10701,,,1690607643
cancel,17835,,,1690607643
cancel,18075,,,1690607643
cancel,24999,,,1690607643
newOrder,17836,0,32119,1690607657
newOrder,18075,1,32119,1690607657
newOrder,10702,0,111928,1690607657
newOrder,24999,1,111928,1690607657
cancel,10702,,,1690608243
cancel,17836,,,1690608243
cancel,18075,,,1690608243
cancel,24999,,,1690608243
newOrder,17836,0,32149,1690608257
newOrder,18075,1,32149,1690608257
newOrder,12002,0,60617,1690608257
newOrder,24999,1,60617,1690608257
cancel,12002,,,1690608843
cancel,17836,,,1690608843
cancel,18075,,,1690608843
cancel,24999,,,1690608843
newOrder,17836,0,32179,1690608856
newOrder,18075,1,32179,1690608856
newOrder,10741,0,109397,1690608856
newOrder,24999,1,109397,1690608856
cancel,10741,,,1690609443
cancel,17836,,,1690609443
cancel,18075,,,1690609443
cancel,24999,,,1690609443
newOrder,17836,0,32208,1690609458
newOrder,18075,1,32208,1690609458
newOrder,10702,0,172503,1690609458
newOrder,24999,1,172503,1690609458
cancel,10702,,,1690610043
cancel,17836,,,1690610043
cancel,18075,,,1690610043
cancel,24999,,,1690610043
newOrder,17836,0,32238,1690610056
newOrder,18075,1,32238,1690610056
newOrder,10741,0,68482,1690610056
newOrder,24999,1,68482,1690610056
cancel,10741,,,1690610643
cancel,17836,,,1690610643
cancel,18075,,,1690610643
cancel,24999,,,1690610643
newOrder,17836,0,32268,1690610657
newOrder,18075,1,32268,1690610657
newOrder,15742,0,33924,1690610657
newOrder,24999,1,33924,1690610657
cancel,15742,,,1690611243
cancel,17836,,,1690611243
cancel,18075,,,1690611243
cancel,24999,,,1690611243
newOrder,17836,0,32298,1690611256
newOrder,18075,1,32298,1690611256
newOrder,10702,0,147908,1690611256
newOrder,24999,1,147908,1690611256
cancel,10702,,,1690611842
cancel,17836,,,1690611842
cancel,18075,,,1690611842
cancel,24999,,,1690611842
newOrder,17836,0,32329,1690611856
newOrder,18075,1,32329,1690611856
newOrder,10741,0,104922,1690611856
newOrder,24999,1,104922,1690611856
cancel,10741,,,1690612443
cancel,17836,,,1690612443
cancel,18075,,,1690612443
cancel,24999,,,1690612443
newOrder,17836,0,32359,1690612457
newOrder,18075,1,32359,1690612457
newOrder,10702,0,144909,1690612457
newOrder,24999,1,144909,1690612457
cancel,10702,,,1690613042
cancel,17836,,,1690613042
cancel,18075,,,1690613042
cancel,24999,,,1690613042
newOrder,17836,0,32389,1690613056
newOrder,18075,1,32389,1690613056
newOrder,15751,0,24080,1690613056
newOrder,19999,1,24080,1690613056
cancel,15751,,,1690613643
cancel,17836,,,1690613643
cancel,18075,,,1690613643
cancel,19999,,,1690613643
newOrder,17836,0,32420,1690613665
newOrder,18075,1,32420,1690613665
newOrder,10741,0,67452,1690613665
newOrder,24999,1,67452,1690613665
cancel,10741,,,1690614243
cancel,17836,,,1690614243
cancel,18075,,,1690614243
cancel,24999,,,1690614243
newOrder,17836,0,32451,1690614257
newOrder,18075,1,32451,1690614257
newOrder,10702,0,171359,1690614257
newOrder,24999,1,171359,1690614257
cancel,10702,,,1690614843
cancel,17836,,,1690614843
cancel,18075,,,1690614843
cancel,24999,,,1690614843
newOrder,17836,0,32481,1690614857
newOrder,18075,1,32481,1690614857
newOrder,10702,0,170936,1690614857
newOrder,24999,1,170936,1690614857
cancel,10702,,,1690615443
cancel,17836,,,1690615443
cancel,18075,,,1690615443
cancel,24999,,,1690615443
newOrder,17790,0,32493,1690615456
newOrder,18075,1,32493,1690615456
newOrder,10741,0,90065,1690615456
newOrder,24999,1,90065,1690615456
cancel,10741,,,1690616044
cancel,17790,,,1690616044
cancel,18075,,,1690616044
cancel,24999,,,1690616044
newOrder,17770,0,32506,1690616058
newOrder,18075,1,32506,1690616058
newOrder,10741,0,66090,1690616058
newOrder,24999,1,66090,1690616058
cancel,10741,,,1690616643
cancel,17770,,,1690616643
cancel,18075,,,1690616643
cancel,24999,,,1690616643
newOrder,17760,0,32525,1690616656
newOrder,18075,1,32525,1690616656
newOrder,10656,0,145456,1690616656
newOrder,24999,1,145456,1690616656
cancel,10656,,,1690617244
cancel,17760,,,1690617244
cancel,18075,,,1690617244
cancel,24999,,,1690617244
newOrder,17752,0,32544,1690617259
newOrder,18075,1,32544,1690617259
newOrder,15751,0,21367,1690617259
newOrder,19999,1,21367,1690617259
cancel,15751,,,1690617843
cancel,17752,,,1690617843
cancel,18075,,,1690617843
cancel,19999,,,1690617843
newOrder,17770,0,32598,1690617857
newOrder,18075,1,32598,1690617857
newOrder,15751,0,31618,1690617857
newOrder,19999,1,31618,1690617857
cancel,15751,,,1690618442
cancel,17770,,,1690618442
cancel,18075,,,1690618442
cancel,19999,,,1690618442
newOrder,17815,0,32663,1690618458
newOrder,18075,1,32663,1690618458
newOrder,10689,0,121171,1690618458
newOrder,24999,1,121171,1690618458
cancel,10689,,,1690619042
cancel,17815,,,1690619042
cancel,18075,,,1690619042
cancel,24999,,,1690619042
newOrder,17779,0,32670,1690619057
newOrder,18075,1,32670,1690619057
newOrder,10668,0,117453,1690619057
newOrder,24999,1,117453,1690619057
cancel,10668,,,1690619643
cancel,17779,,,1690619643
cancel,18075,,,1690619643
cancel,24999,,,1690619643
newOrder,17761,0,32680,1690619656
newOrder,18075,1,32680,1690619656
newOrder,10657,0,148044,1690619656
newOrder,24999,1,148044,1690619656
cancel,10657,,,1690620243
cancel,17761,,,1690620243
cancel,18075,,,1690620243
cancel,24999,,,1690620243
newOrder,17752,0,32699,1690620257
newOrder,18075,1,32699,1690620257
newOrder,10741,0,91398,1690620257
newOrder,24999,1,91398,1690620257
cancel,10741,,,1690620843
cancel,17752,,,1690620843
cancel,18075,,,1690620843
cancel,24999,,,1690620843
newOrder,17748,0,32724,1690620856
newOrder,18075,1,32724,1690620856
newOrder,10649,0,148894,1690620856
newOrder,24999,1,148894,1690620856
cancel,10649,,,1690621443
cancel,17748,,,1690621443
cancel,18075,,,1690621443
cancel,24999,,,1690621443
newOrder,17746,0,32752,1690621456
newOrder,18075,1,32752,1690621456
newOrder,12307,0,48911,1690621456
newOrder,24999,1,48911,1690621456
cancel,12307,,,1690622043
cancel,17746,,,1690622043
cancel,18075,,,1690622043
cancel,24999,,,1690622043
newOrder,17745,0,32782,1690622057
newOrder,18075,1,32782,1690622057
newOrder,10647,0,127754,1690622057
newOrder,24999,1,127754,1690622057
cancel,10647,,,1690622643
cancel,17745,,,1690622643
cancel,18075,,,1690622643
cancel,24999,,,1690622643
newOrder,17744,0,32813,1690622656
newOrder,18075,1,32813,1690622656
newOrder,10647,0,166220,1690622656
newOrder,24999,1,166220,1690622656
cancel,10647,,,1690623244
cancel,17744,,,1690623244
cancel,18075,,,1690623244
cancel,24999,,,1690623244
newOrder,17744,0,32844,1690623257
newOrder,18075,1,32844,1690623257
newOrder,10741,0,83834,1690623257
newOrder,24999,1,83834,1690623257
cancel,10741,,,1690623843
cancel,17744,,,1690623843
cancel,18075,,,1690623843
cancel,24999,,,1690623843
newOrder,17744,0,32875,1690623856
newOrder,18075,1,32875,1690623856
newOrder,10646,0,138514,1690623856
newOrder,24999,1,138514,1690623856
cancel,10646,,,1690624443
cancel,17744,,,1690624443
cancel,18075,,,1690624443
cancel,24999,,,1690624443
newOrder,17744,0,32907,1690624455
newOrder,18075,1,32907,1690624455
newOrder,10646,0,152542,1690624455
newOrder,24999,1,152542,1690624455
cancel,10646,,,1690625043
cancel,17744,,,1690625043
cancel,18075,,,1690625043
cancel,24999,,,1690625043
newOrder,17744,0,32939,1690625056
newOrder,18075,1,32939,1690625056
newOrder,15751,0,27805,1690625056
newOrder,19999,1,27805,1690625056
cancel,15751,,,1690625643
cancel,17744,,,1690625643
cancel,18075,,,1690625643
cancel,19999,,,1690625643
newOrder,17744,0,32971,1690625657
newOrder,18075,1,32971,1690625657
newOrder,15742,0,39500,1690625657
newOrder,24999,1,39500,1690625657
cancel,15742,,,1690626243
cancel,17744,,,1690626243
cancel,18075,,,1690626243
cancel,24999,,,1690626243
newOrder,17744,0,33003,1690626257
newOrder,18075,1,33003,1690626257
newOrder,10741,0,93883,1690626257
newOrder,24999,1,93883,1690626257
cancel,10741,,,1690626843
cancel,17744,,,1690626843
cancel,18075,,,1690626843
cancel,24999,,,1690626843
newOrder,17744,0,33035,1690626855
newOrder,18075,1,33035,1690626855
newOrder,10646,0,161433,1690626855
newOrder,24999,1,161433,1690626855
cancel,10646,,,1690627442
cancel,17744,,,1690627442
cancel,18075,,,1690627442
cancel,24999,,,1690627442
newOrder,17744,0,33067,1690627456
newOrder,18075,1,33067,1690627456
newOrder,10646,0,151665,1690627456
newOrder,24999,1,151665,1690627456
cancel,10646,,,1690628043
cancel,17744,,,1690628043
cancel,18075,,,1690628043
cancel,24999,,,1690628043
newOrder,17765,0,33132,1690628056
newOrder,18075,1,33132,1690628056
newOrder,10741,0,82245,1690628056
newOrder,24999,1,82245,1690628056
cancel,10741,,,1690628643
cancel,17765,,,1690628643
cancel,18075,,,1690628643
cancel,24999,,,1690628643
newOrder,17825,0,33213,1690628657
newOrder,18075,1,33213,1690628657
newOrder,15742,0,46680,1690628657
newOrder,24999,1,46680,1690628657
cancel,15742,,,1690629243
cancel,17825,,,1690629243
cancel,18075,,,1690629243
cancel,24999,,,1690629243
newOrder,17785,0,33221,1690629258
newOrder,18075,1,33221,1690629258
newOrder,10741,0,73166,1690629258
newOrder,24999,1,73166,1690629258
cancel,10741,,,1690629845
cancel,17785,,,1690629845
cancel,18075,,,1690629845
cancel,24999,,,1690629845
newOrder,17770,0,33237,1690629858
newOrder,18075,1,33237,1690629858
newOrder,10741,0,79588,1690629858
newOrder,24999,1,79588,1690629858
cancel,10741,,,1690630443
cancel,17770,,,1690630443
cancel,18075,,,1690630443
cancel,24999,,,1690630443
newOrder,17757,0,33251,1690630457
newOrder,18075,1,33251,1690630457
newOrder,10741,0,104045,1690630457
newOrder,24999,1,104045,1690630457
cancel,10741,,,1690631044
cancel,17757,,,1690631044
cancel,18075,,,1690631044
cancel,24999,,,1690631044
newOrder,17775,0,33309,1690631058
newOrder,18075,1,33309,1690631058
newOrder,10665,0,152640,1690631058
newOrder,24999,1,152640,1690631058
cancel,10665,,,1690631643
cancel,17775,,,1690631643
cancel,18075,,,1690631643
cancel,24999,,,1690631643
newOrder,17784,0,33352,1690631657
newOrder,18075,1,33352,1690631657
newOrder,15751,0,32036,1690631657
newOrder,19999,1,32036,1690631657
cancel,15751,,,1690632242
cancel,17784,,,1690632242
cancel,18075,,,1690632242
cancel,19999,,,1690632242
newOrder,17810,0,33407,1690632255
newOrder,18075,1,33407,1690632255
newOrder,10686,0,117450,1690632255
newOrder,24999,1,117450,1690632255