instruction,price,side,qty,time
cancel,11042,,,1681992861
cancel,18404,,,1681992861
cancel,19066,,,1681992861
cancel,24999,,,1681992861
newOrder,18385,0,11870,1681992893
newOrder,19066,1,11870,1681992893
newOrder,11031,0,41166,1681992893
newOrder,24999,1,41166,1681992893
cancel,11031,,,1681993461
cancel,18385,,,1681993461
cancel,19066,,,1681993461
cancel,24999,,,1681993461
newOrder,18355,0,11894,1681993491
newOrder,19066,1,11894,1681993491
newOrder,11013,0,45191,1681993491
newOrder,24999,1,45191,1681993491
cancel,11013,,,1681994060
cancel,18355,,,1681994060
cancel,19066,,,1681994060
cancel,24999,,,1681994060
newOrder,18355,0,11896,1681994092
newOrder,19066,1,11896,1681994092
newOrder,12101,0,21339,1681994092
newOrder,24999,1,21339,1681994092
cancel,12101,,,1681994661
cancel,18355,,,1681994661
cancel,19066,,,1681994661
cancel,24999,,,1681994661
newOrder,18386,0,11877,1681994692
newOrder,19066,1,11877,1681994692
newOrder,11031,0,58923,1681994692
newOrder,24999,1,58923,1681994692
cancel,11031,,,1681995260
cancel,18386,,,1681995260
cancel,19066,,,1681995260
cancel,24999,,,1681995260
newOrder,18355,0,11901,1681995292
newOrder,19066,1,11901,1681995292
newOrder,11013,0,38075,1681995292
newOrder,24999,1,38075,1681995292
cancel,11013,,,1681995861
cancel,18355,,,1681995861
cancel,19066,,,1681995861
cancel,24999,,,1681995861
newOrder,18355,0,11904,1681995892
newOrder,19066,1,11904,1681995892
newOrder,15106,0,12631,1681995892
newOrder,24499,1,12631,1681995892
cancel,15106,,,1681996461
cancel,18355,,,1681996461
cancel,19066,,,1681996461
cancel,24499,,,1681996461
newOrder,18381,0,11888,1681996493
newOrder,19066,1,11888,1681996493
newOrder,11028,0,56910,1681996493
newOrder,24999,1,56910,1681996493
cancel,11028,,,1681997061
cancel,18381,,,1681997061
cancel,19066,,,1681997061
cancel,24999,,,1681997061
newOrder,18355,0,11909,1681997093
newOrder,19066,1,11909,1681997093
newOrder,11013,0,60583,1681997093
newOrder,24999,1,60583,1681997093
cancel,11013,,,1681997661
cancel,18355,,,1681997661
cancel,19066,,,1681997661
cancel,24999,,,1681997661
newOrder,18355,0,11911,1681997691
newOrder,19066,1,11911,1681997691
newOrder,12101,0,22862,1681997691
newOrder,24999,1,22862,1681997691
cancel,12101,,,1681998261
cancel,18355,,,1681998261
cancel,19066,,,1681998261
cancel,24999,,,1681998261
newOrder,18365,0,11907,1681998293
newOrder,19066,1,11907,1681998293
newOrder,15106,0,7475,1681998293
newOrder,21899,1,7475,1681998293
cancel,15106,,,1681998861
cancel,18365,,,1681998861
cancel,19066,,,1681998861
cancel,21899,,,1681998861
newOrder,18356,0,11916,1681998892
newOrder,19066,1,11916,1681998892
newOrder,11014,0,49662,1681998892
newOrder,24999,1,49662,1681998892
cancel,11014,,,1681999461
cancel,18356,,,1681999461
cancel,19066,,,1681999461
cancel,24999,,,1681999461
newOrder,18335,0,11932,1681999494
newOrder,19066,1,11932,1681999494
newOrder,12101,0,21268,1681999494
newOrder,24999,1,21268,1681999494
cancel,12101,,,1682000060
cancel,18335,,,1682000060
cancel,19066,,,1682000060
cancel,24999,,,1682000060
newOrder,18334,0,11936,1682000091
newOrder,19066,1,11936,1682000091
newOrder,15001,0,19339,1682000091
newOrder,24999,1,19339,1682000091
cancel,15001,,,1682000660
cancel,18334,,,1682000660
cancel,19066,,,1682000660
cancel,24999,,,1682000660
newOrder,18345,0,11931,1682000692
newOrder,19066,1,11931,1682000692
newOrder,15106,0,15278,1682000692
newOrder,24999,1,15278,1682000692
cancel,15106,,,1682001261
cancel,18345,,,1682001261
cancel,19066,,,1682001261
cancel,24999,,,1682001261
newOrder,18345,0,11933,1682001294
newOrder,19066,1,11933,1682001294
newOrder,11007,0,44699,1682001294
newOrder,24999,1,44699,1682001294
cancel,11007,,,1682001861
cancel,18345,,,1682001861
cancel,19066,,,1682001861
cancel,24999,,,1682001861
newOrder,18358,0,11927,1682001891
newOrder,19066,1,11927,1682001891
newOrder,11015,0,44738,1682001891
newOrder,24999,1,44738,1682001891
cancel,11015,,,1682002461
cancel,18358,,,1682002461
cancel,19066,,,1682002461
cancel,24999,,,1682002461
newOrder,18344,0,11939,1682002493
newOrder,19066,1,11939,1682002493
newOrder,11007,0,37696,1682002493
newOrder,24999,1,37696,1682002493
cancel,11007,,,1682003061
cancel,18344,,,1682003061
cancel,19066,,,1682003061
cancel,24999,,,1682003061
newOrder,18366,0,11927,1682003091
newOrder,19066,1,11927,1682003091
newOrder,12101,0,25508,1682003091
newOrder,24999,1,25508,1682003091
cancel,12101,,,1682003661
cancel,18366,,,1682003661
cancel,19066,,,1682003661
cancel,24999,,,1682003661
newOrder,18344,0,11944,1682003692
newOrder,19066,1,11944,1682003692
newOrder,15106,0,11631,1682003692
newOrder,21899,1,11631,1682003692
cancel,15106,,,1682004261
cancel,18344,,,1682004261
cancel,19066,,,1682004261
cancel,21899,,,1682004261
newOrder,18344,0,11947,1682004293
newOrder,19066,1,11947,1682004293
newOrder,12101,0,25628,1682004293
newOrder,24999,1,25628,1682004293
cancel,12101,,,1682004861
cancel,18344,,,1682004861
cancel,19066,,,1682004861
cancel,24999,,,1682004861
newOrder,18344,0,11949,1682004894
newOrder,19066,1,11949,1682004894
newOrder,11007,0,42937,1682004894
newOrder,24999,1,42937,1682004894
cancel,11007,,,1682005461
cancel,18344,,,1682005461
cancel,19066,,,1682005461
cancel,24999,,,1682005461
newOrder,18348,0,11949,1682005492
newOrder,19066,1,11949,1682005492
newOrder,11009,0,37203,1682005492
newOrder,24999,1,37203,1682005492
cancel,11009,,,1682006061
cancel,18348,,,1682006061
cancel,19066,,,1682006061
cancel,24999,,,1682006061
newOrder,18334,0,11961,1682006094
newOrder,19066,1,11961,1682006094
newOrder,15106,0,7179,1682006094
newOrder,21899,1,7179,1682006094
cancel,15106,,,1682006661
cancel,18334,,,1682006661
cancel,19066,,,1682006661
cancel,21899,,,1682006661
newOrder,18348,0,11954,1682006695
newOrder,19066,1,11954,1682006695
newOrder,11009,0,58951,1682006695
newOrder,24999,1,58951,1682006695
cancel,11009,,,1682007261
cancel,18348,,,1682007261
cancel,19066,,,1682007261
cancel,24999,,,1682007261
newOrder,18348,0,11957,1682007293
newOrder,19066,1,11957,1682007293
newOrder,12001,0,29633,1682007293
newOrder,24999,1,29633,1682007293
cancel,12001,,,1682007861
cancel,18348,,,1682007861
cancel,19066,,,1682007861
cancel,24999,,,1682007861
newOrder,18335,0,11968,1682007891
newOrder,19066,1,11968,1682007891
newOrder,11001,0,38844,1682007891
newOrder,24999,1,38844,1682007891
cancel,11001,,,1682008460
cancel,18335,,,1682008460
cancel,19066,,,1682008460
cancel,24999,,,1682008460
newOrder,18347,0,11962,1682008489
newOrder,19066,1,11962,1682008489
newOrder,12003,0,26465,1682008489
newOrder,24999,1,26465,1682008489
cancel,12003,,,1682009061
cancel,18347,,,1682009061
cancel,19066,,,1682009061
cancel,24999,,,1682009061
newOrder,18347,0,11965,1682009094
newOrder,19066,1,11965,1682009094
newOrder,12003,0,26918,1682009094
newOrder,24999,1,26918,1682009094
cancel,12003,,,1682009661
cancel,18347,,,1682009661
cancel,19066,,,1682009661
cancel,24999,,,1682009661
newOrder,18347,0,11968,1682009695
newOrder,19066,1,11968,1682009695
newOrder,11008,0,58829,1682009695
newOrder,24999,1,58829,1682009695
cancel,11008,,,1682010261
cancel,18347,,,1682010261
cancel,19066,,,1682010261
cancel,24999,,,1682010261
newOrder,18347,0,11970,1682010292
newOrder,19066,1,11970,1682010292
newOrder,11008,0,53407,1682010292
newOrder,24999,1,53407,1682010292
cancel,11008,,,1682010861
cancel,18347,,,1682010861
cancel,19066,,,1682010861
cancel,24999,,,1682010861
newOrder,18347,0,11973,1682010894
newOrder,19066,1,11973,1682010894
newOrder,11008,0,57071,1682010894
newOrder,24999,1,57071,1682010894
cancel,11008,,,1682011462
cancel,18347,,,1682011462
cancel,19066,,,1682011462
cancel,24999,,,1682011462
newOrder,18347,0,11975,1682011493
newOrder,19066,1,11975,1682011493
newOrder,11008,0,35300,1682011493
newOrder,24999,1,35300,1682011493
cancel,11008,,,1682012061
cancel,18347,,,1682012061
cancel,19066,,,1682012061
cancel,24999,,,1682012061
newOrder,18347,0,11978,1682012091
newOrder,19066,1,11978,1682012091
newOrder,12101,0,22494,1682012091
newOrder,24999,1,22494,1682012091
cancel,12101,,,1682012661
cancel,18347,,,1682012661
cancel,19066,,,1682012661
cancel,24999,,,1682012661
newOrder,18347,0,11981,1682012691
newOrder,19066,1,11981,1682012691
newOrder,15106,0,15383,1682012691
newOrder,24999,1,15383,1682012691
cancel,15106,,,1682013260
cancel,18347,,,1682013260
cancel,19066,,,1682013260
cancel,24999,,,1682013260
newOrder,18335,0,11992,1682013295
newOrder,19066,1,11992,1682013295
newOrder,11001,0,61627,1682013295
newOrder,24999,1,61627,1682013295
cancel,11001,,,1682013861
cancel,18335,,,1682013861
cancel,19066,,,1682013861
cancel,24999,,,1682013861
newOrder,18330,0,11998,1682013891
newOrder,19066,1,11998,1682013891
newOrder,15106,0,16802,1682013891
newOrder,24999,1,16802,1682013891
cancel,15106,,,1682014461
cancel,18330,,,1682014461
cancel,19066,,,1682014461
cancel,24999,,,1682014461
newOrder,18347,0,11988,1682014491
newOrder,19066,1,11988,1682014491
newOrder,11008,0,51040,1682014491
newOrder,24999,1,51040,1682014491
cancel,11008,,,1682015060
cancel,18347,,,1682015060
cancel,19066,,,1682015060
cancel,24999,,,1682015060
newOrder,18347,0,11991,1682015093
newOrder,19066,1,11991,1682015093
newOrder,11008,0,56509,1682015093
newOrder,24999,1,56509,1682015093
cancel,11008,,,1682015661
cancel,18347,,,1682015661
cancel,19066,,,1682015661
cancel,24999,,,1682015661
newOrder,18347,0,11994,1682015691
newOrder,19066,1,11994,1682015691
newOrder,12101,0,22801,1682015691
newOrder,24999,1,22801,1682015691
cancel,12101,,,1682016262
cancel,18347,,,1682016262
cancel,19066,,,1682016262
cancel,24999,,,1682016262
newOrder,18333,0,12006,1682016296
newOrder,19066,1,12006,1682016296
newOrder,11000,0,63047,1682016296
newOrder,24999,1,63047,1682016296
cancel,11000,,,1682016862
cancel,18333,,,1682016862
cancel,19066,,,1682016862
cancel,24999,,,1682016862
newOrder,18333,0,12008,1682016894
newOrder,19066,1,12008,1682016894
newOrder,12101,0,24577,1682016894
newOrder,24999,1,24577,1682016894
cancel,12101,,,1682017461
cancel,18333,,,1682017461
cancel,19066,,,1682017461
cancel,24999,,,1682017461
newOrder,18334,0,12010,1682017492
newOrder,19066,1,12010,1682017492
newOrder,11000,0,53698,1682017492
newOrder,24999,1,53698,1682017492
cancel,11000,,,1682018060
cancel,18334,,,1682018060
cancel,19066,,,1682018060
cancel,24999,,,1682018060
newOrder,18324,0,12020,1682018091
newOrder,19066,1,12020,1682018091
newOrder,12003,0,26343,1682018091
newOrder,24999,1,26343,1682018091
cancel,12003,,,1682018661
cancel,18324,,,1682018661
cancel,19066,,,1682018661
cancel,24999,,,1682018661
newOrder,18334,0,12016,1682018692
newOrder,19066,1,12016,1682018692
newOrder,15102,0,18279,1682018692
newOrder,24999,1,18279,1682018692
cancel,15102,,,1682019260
cancel,18334,,,1682019260
cancel,19066,,,1682019260
cancel,24999,,,1682019260
newOrder,18364,0,11998,1682019293
newOrder,19066,1,11998,1682019293
newOrder,11018,0,36751,1682019293
newOrder,24999,1,36751,1682019293
cancel,11018,,,1682019861
cancel,18364,,,1682019861
cancel,19066,,,1682019861
cancel,24999,,,1682019861
newOrder,18250,0,12073,1682019891
newOrder,19066,1,12073,1682019891
newOrder,15106,0,13686,1682019891
newOrder,24499,1,13686,1682019891
cancel,15106,,,1682020460
cancel,18250,,,1682020460
cancel,19066,,,1682020460
cancel,24499,,,1682020460
newOrder,18250,0,12076,1682020490
newOrder,19066,1,12076,1682020490
newOrder,10950,0,49060,1682020490
newOrder,24999,1,49060,1682020490
cancel,10950,,,1682021061
cancel,18250,,,1682021061
cancel,19066,,,1682021061
cancel,24999,,,1682021061
newOrder,18250,0,12078,1682021092
newOrder,19066,1,12078,1682021092
newOrder,15106,0,7594,1682021092
newOrder,21899,1,7594,1682021092
cancel,15106,,,1682021661
cancel,18250,,,1682021661
cancel,19066,,,1682021661
cancel,21899,,,1682021661
newOrder,18250,0,12081,1682021690
newOrder,19066,1,12081,1682021690
newOrder,15106,0,17292,1682021690
newOrder,24999,1,17292,1682021690
cancel,15106,,,1682022261
cancel,18250,,,1682022261
cancel,19066,,,1682022261
cancel,24999,,,1682022261
newOrder,18250,0,12084,1682022291
newOrder,19066,1,12084,1682022291
newOrder,12001,0,29139,1682022291
newOrder,24999,1,29139,1682022291
cancel,12001,,,1682022861
cancel,18250,,,1682022861
cancel,19066,,,1682022861
cancel,24999,,,1682022861
newOrder,18250,0,12086,1682022891
newOrder,19066,1,12086,1682022891
newOrder,10950,0,36699,1682022891
newOrder,24999,1,36699,1682022891
cancel,10950,,,1682023461
cancel,18250,,,1682023461
cancel,19066,,,1682023461
cancel,24999,,,1682023461
newOrder,18234,0,12098,1682023493
newOrder,19066,1,12098,1682023493
newOrder,15001,0,19477,1682023493
newOrder,24999,1,19477,1682023493
cancel,15001,,,1682024061
cancel,18234,,,1682024061
cancel,19066,,,1682024061
cancel,24999,,,1682024061
newOrder,18192,0,12123,1682024092
newOrder,19066,1,12123,1682024092
newOrder,10915,0,45136,1682024092
newOrder,24999,1,45136,1682024092
cancel,10915,,,1682024661
cancel,18192,,,1682024661
cancel,19066,,,1682024661
cancel,24999,,,1682024661
newOrder,18195,0,12124,1682024691
newOrder,19066,1,12124,1682024691
newOrder,15106,0,15748,1682024691
newOrder,24999,1,15748,1682024691
cancel,15106,,,1682025261
cancel,18195,,,1682025261
cancel,19066,,,1682025261
cancel,24999,,,1682025261
newOrder,18214,0,12117,1682025291
newOrder,19066,1,12117,1682025291
newOrder,10928,0,42488,1682025291
newOrder,24999,1,42488,1682025291
cancel,10928,,,1682025861
cancel,18214,,,1682025861
cancel,19066,,,1682025861
cancel,24999,,,1682025861
newOrder,18214,0,12120,1682025891
newOrder,19066,1,12120,1682025891
newOrder,10928,0,41442,1682025891
newOrder,24999,1,41442,1682025891
cancel,10928,,,1682026461
cancel,18214,,,1682026461
cancel,19066,,,1682026461
cancel,24999,,,1682026461
newOrder,18214,0,12123,1682026491
newOrder,19066,1,12123,1682026491
newOrder,15106,0,8201,1682026491
newOrder,21899,1,8201,1682026491
cancel,15106,,,1682027060
cancel,18214,,,1682027060
cancel,19066,,,1682027060
cancel,21899,,,1682027060
newOrder,18207,0,12129,1682027092
newOrder,19066,1,12129,1682027092
newOrder,12003,0,27482,1682027092
newOrder,24999,1,27482,1682027092
cancel,12003,,,1682027660
cancel,18207,,,1682027660
cancel,19066,,,1682027660
cancel,24999,,,1682027660
newOrder,18206,0,12132,1682027692
newOrder,19066,1,12132,1682027692
newOrder,10924,0,51187,1682027692
newOrder,24999,1,51187,1682027692
cancel,10924,,,1682028262
cancel,18206,,,1682028262
cancel,19066,,,1682028262
cancel,24999,,,1682028262
newOrder,18206,0,12135,1682028292
newOrder,19066,1,12135,1682028292
newOrder,10924,0,48253,1682028292
newOrder,24999,1,48253,1682028292
cancel,10924,,,1682028861
cancel,18206,,,1682028861
cancel,19066,,,1682028861
cancel,24999,,,1682028861
newOrder,18214,0,12133,1682028890
newOrder,19066,1,12133,1682028890
newOrder,12101,0,21324,1682028890
newOrder,24999,1,21324,1682028890
cancel,12101,,,1682029460
cancel,18214,,,1682029460
cancel,19066,,,1682029460
cancel,24999,,,1682029460
newOrder,18206,0,12140,1682029490
newOrder,19066,1,12140,1682029490
newOrder,15106,0,16042,1682029490
newOrder,24999,1,16042,1682029490
cancel,15106,,,1682030061
cancel,18206,,,1682030061
cancel,19066,,,1682030061
cancel,24999,,,1682030061
newOrder,18214,0,12139,1682030092
newOrder,19066,1,12139,1682030092
newOrder,12001,0,28916,1682030092
newOrder,24999,1,28916,1682030092
cancel,12001,,,1682030660
cancel,18214,,,1682030660
cancel,19066,,,1682030660
cancel,24999,,,1682030660
newOrder,18214,0,12142,1682030690
newOrder,19066,1,12142,1682030690
newOrder,10928,0,37970,1682030690
newOrder,24999,1,37970,1682030690
cancel,10928,,,1682031262
cancel,18214,,,1682031262
cancel,19066,,,1682031262
cancel,24999,,,1682031262
newOrder,18207,0,12148,1682031292
newOrder,19066,1,12148,1682031292
newOrder,12101,0,25264,1682031292
newOrder,24999,1,25264,1682031292
cancel,12101,,,1682031861
cancel,18207,,,1682031861
cancel,19066,,,1682031861
cancel,24999,,,1682031861
newOrder,18193,0,12158,1682031891
newOrder,19066,1,12158,1682031891
newOrder,10916,0,38170,1682031891
newOrder,24999,1,38170,1682031891
cancel,10916,,,1682032461
cancel,18193,,,1682032461
cancel,19066,,,1682032461
cancel,24999,,,1682032461
newOrder,18206,0,12154,1682032492
newOrder,19066,1,12154,1682032492
newOrder,12101,0,23600,1682032492
newOrder,24999,1,23600,1682032492
cancel,12101,,,1682033060
cancel,18206,,,1682033060
cancel,19066,,,1682033060
cancel,24999,,,1682033060
newOrder,18214,0,12152,1682033090
newOrder,19066,1,12152,1682033090
newOrder,10928,0,38079,1682033090
newOrder,24999,1,38079,1682033090
cancel,10928,,,1682033660
cancel,18214,,,1682033660
cancel,19066,,,1682033660
cancel,24999,,,1682033660
newOrder,18214,0,12155,1682033693
newOrder,19066,1,12155,1682033693
newOrder,10928,0,58139,1682033693
newOrder,24999,1,58139,1682033693
cancel,10928,,,1682034259
cancel,18214,,,1682034259
cancel,19066,,,1682034259
cancel,24999,,,1682034259
newOrder,18214,0,12158,1682034291
newOrder,19066,1,12158,1682034291
newOrder,12001,0,32431,1682034291
newOrder,24999,1,32431,1682034291
cancel,12001,,,1682034861
cancel,18214,,,1682034861
cancel,19066,,,1682034861
cancel,24999,,,1682034861
newOrder,18206,0,12165,1682034892
newOrder,19066,1,12165,1682034892
newOrder,10924,0,60041,1682034892
newOrder,24999,1,60041,1682034892
cancel,10924,,,1682035460
cancel,18206,,,1682035460
cancel,19066,,,1682035460
cancel,24999,,,1682035460
newOrder,18206,0,12167,1682035491
newOrder,19066,1,12167,1682035491
newOrder,12001,0,32907,1682035491
newOrder,24999,1,32907,1682035491
cancel,12001,,,1682036061
cancel,18206,,,1682036061
cancel,19066,,,1682036061
cancel,24999,,,1682036061
newOrder,18219,0,12163,1682036091
newOrder,19066,1,12163,1682036091
newOrder,15106,0,7520,1682036091
newOrder,21899,1,7520,1682036091
cancel,15106,,,1682036661
cancel,18219,,,1682036661
cancel,19066,,,1682036661
cancel,21899,,,1682036661
newOrder,18229,0,12160,1682036691
newOrder,19066,1,12160,1682036691
newOrder,12001,0,30621,1682036691
newOrder,24999,1,30621,1682036691
cancel,12001,,,1682037261
cancel,18229,,,1682037261
cancel,19066,,,1682037261
cancel,24999,,,1682037261
newOrder,18222,0,12167,1682037290
newOrder,19066,1,12167,1682037290
newOrder,12101,0,25805,1682037290
newOrder,24999,1,25805,1682037290
cancel,12101,,,1682037861
cancel,18222,,,1682037861
cancel,19066,,,1682037861
cancel,24999,,,1682037861
newOrder,18193,0,12185,1682037890
newOrder,19066,1,12185,1682037890
newOrder,15106,0,10331,1682037890
newOrder,21899,1,10331,1682037890
cancel,15106,,,1682038461
cancel,18193,,,1682038461
cancel,19066,,,1682038461
cancel,21899,,,1682038461
newOrder,18193,0,12188,1682038492
newOrder,19066,1,12188,1682038492
newOrder,12001,0,32743,1682038492
newOrder,24999,1,32743,1682038492
cancel,12001,,,1682039061
cancel,18193,,,1682039061
cancel,19066,,,1682039061
cancel,24999,,,1682039061
newOrder,18194,0,12190,1682039091
newOrder,19066,1,12190,1682039091
newOrder,15106,0,15378,1682039091
newOrder,24999,1,15378,1682039091
cancel,15106,,,1682039660
cancel,18194,,,1682039660
cancel,19066,,,1682039660
cancel,24999,,,1682039660
newOrder,18224,0,12177,1682039692
newOrder,19066,1,12177,1682039692
newOrder,10935,0,56972,1682039692
newOrder,24999,1,56972,1682039692
cancel,10935,,,1682040261
cancel,18224,,,1682040261
cancel,19066,,,1682040261
cancel,24999,,,1682040261
newOrder,18225,0,12179,1682040291
newOrder,19066,1,12179,1682040291
newOrder,15102,0,18246,1682040291
newOrder,24999,1,18246,1682040291
cancel,15102,,,1682040861
cancel,18225,,,1682040861
cancel,19066,,,1682040861
cancel,24999,,,1682040861
newOrder,18225,0,12182,1682040891
newOrder,19066,1,12182,1682040891
newOrder,12003,0,26681,1682040891
newOrder,24999,1,26681,1682040891
cancel,12003,,,1682041462
cancel,18225,,,1682041462
cancel,19066,,,1682041462
cancel,24999,,,1682041462
newOrder,18195,0,12201,1682041493
newOrder,19066,1,12201,1682041493
newOrder,15106,0,8658,1682041493
newOrder,21899,1,8658,1682041493
cancel,15106,,,1682042061
cancel,18195,,,1682042061
cancel,19066,,,1682042061
cancel,21899,,,1682042061
newOrder,18195,0,12203,1682042092
newOrder,19066,1,12203,1682042092
newOrder,10917,0,35873,1682042092
newOrder,24999,1,35873,1682042092
cancel,10917,,,1682042660
cancel,18195,,,1682042660
cancel,19066,,,1682042660
cancel,24999,,,1682042660
newOrder,18195,0,12206,1682042690
newOrder,19066,1,12206,1682042690
newOrder,10917,0,58464,1682042690
newOrder,24999,1,58464,1682042690
cancel,10917,,,1682043260
cancel,18195,,,1682043260
cancel,19066,,,1682043260
cancel,24999,,,1682043260
newOrder,18225,0,12193,1682043292
newOrder,19066,1,12193,1682043292
newOrder,10935,0,39612,1682043292
newOrder,24999,1,39612,1682043292
cancel,10935,,,1682043860
cancel,18225,,,1682043860
cancel,19066,,,1682043860
cancel,24999,,,1682043860
newOrder,18210,0,12204,1682043891
newOrder,19066,1,12204,1682043891
newOrder,10926,0,41877,1682043891
newOrder,24999,1,41877,1682043891
cancel,10926,,,1682044461
cancel,18210,,,1682044461
cancel,19066,,,1682044461
cancel,24999,,,1682044461
newOrder,18225,0,12198,1682044491
newOrder,19066,1,12198,1682044491
newOrder,10935,0,41614,1682044491
newOrder,24999,1,41614,1682044491
cancel,10935,,,1682045060
cancel,18225,,,1682045060
cancel,19066,,,1682045060
cancel,24999,,,1682045060
newOrder,18210,0,12209,1682045091
newOrder,19066,1,12209,1682045091
newOrder,10926,0,40535,1682045091
newOrder,24999,1,40535,1682045091
cancel,10926,,,1682045661
cancel,18210,,,1682045661
cancel,19066,,,1682045661
cancel,24999,,,1682045661
newOrder,18195,0,12220,1682045692
newOrder,19066,1,12220,1682045692
newOrder,10917,0,39588,1682045692
newOrder,24999,1,39588,1682045692
cancel,10917,,,1682046261
cancel,18195,,,1682046261
cancel,19066,,,1682046261
cancel,24999,,,1682046261
newOrder,18218,0,12211,1682046291
newOrder,19066,1,12211,1682046291
newOrder,10931,0,54943,1682046291
newOrder,24999,1,54943,1682046291
cancel,10931,,,1682046861
cancel,18218,,,1682046861
cancel,19066,,,1682046861
cancel,24999,,,1682046861
newOrder,18195,0,12226,1682046890
newOrder,19066,1,12226,1682046890
newOrder,10917,0,57482,1682046890
newOrder,24999,1,57482,1682046890
cancel,10917,,,1682047460
cancel,18195,,,1682047460
cancel,19066,,,1682047460
cancel,24999,,,1682047460
newOrder,18195,0,12228,1682047492
newOrder,19066,1,12228,1682047492
newOrder,10917,0,52881,1682047492
newOrder,24999,1,52881,1682047492
cancel,10917,,,1682048061
cancel,18195,,,1682048061
cancel,19066,,,1682048061
cancel,24999,,,1682048061
newOrder,18225,0,12215,1682048091
newOrder,19066,1,12215,1682048091
newOrder,15106,0,13434,1682048091
newOrder,24499,1,13434,1682048091
cancel,15106,,,1682048660
cancel,18225,,,1682048660
cancel,19066,,,1682048660
cancel,24499,,,1682048660
newOrder,18195,0,12234,1682048692
newOrder,19066,1,12234,1682048692
newOrder,12001,0,28974,1682048692
newOrder,24999,1,28974,1682048692
cancel,12001,,,1682049261
cancel,18195,,,1682049261
cancel,19066,,,1682049261
cancel,24999,,,1682049261
newOrder,18225,0,12221,1682049291
newOrder,19066,1,12221,1682049291
newOrder,10935,0,58852,1682049291
newOrder,24999,1,58852,1682049291
cancel,10935,,,1682049861
cancel,18225,,,1682049861
cancel,19066,,,1682049861
cancel,24999,,,1682049861
newOrder,18210,0,12232,1682049890
newOrder,19066,1,12232,1682049890
newOrder,15106,0,10138,1682049890
newOrder,21899,1,10138,1682049890
cancel,15106,,,1682050461
cancel,18210,,,1682050461
cancel,19066,,,1682050461
cancel,21899,,,1682050461
newOrder,18194,0,12243,1682050491
newOrder,19066,1,12243,1682050491
newOrder,10916,0,42499,1682050491
newOrder,24999,1,42499,1682050491
cancel,10916,,,1682051061
cancel,18194,,,1682051061
cancel,19066,,,1682051061
cancel,24999,,,1682051061
newOrder,18224,0,12230,1682051092
newOrder,19066,1,12230,1682051092
newOrder,10934,0,51001,1682051092
newOrder,24999,1,51001,1682051092
cancel,10934,,,1682051661
cancel,18224,,,1682051661
cancel,19066,,,1682051661
cancel,24999,,,1682051661
newOrder,18224,0,12232,1682051692
newOrder,19066,1,12232,1682051692
newOrder,12101,0,21982,1682051692
newOrder,24999,1,21982,1682051692
cancel,12101,,,1682052261
cancel,18224,,,1682052261
cancel,19066,,,1682052261
cancel,24999,,,1682052261
newOrder,18224,0,12235,1682052291
newOrder,19066,1,12235,1682052291
newOrder,10934,0,35599,1682052291
newOrder,24999,1,35599,1682052291
cancel,10934,,,1682052860
cancel,18224,,,1682052860
cancel,19066,,,1682052860
cancel,24999,,,1682052860
newOrder,18210,0,12246,1682052892
newOrder,19066,1,12246,1682052892
newOrder,10926,0,49220,1682052892
newOrder,24999,1,49220,1682052892
cancel,10926,,,1682053461
cancel,18210,,,1682053461
cancel,19066,,,1682053461
cancel,24999,,,1682053461
newOrder,18224,0,12240,1682053492
newOrder,19066,1,12240,1682053492
newOrder,10935,0,64634,1682053492
newOrder,24999,1,64634,1682053492
cancel,10935,,,1682054061
cancel,18224,,,1682054061
cancel,19066,,,1682054061
cancel,24999,,,1682054061
newOrder,18224,0,12243,1682054091
newOrder,19066,1,12243,1682054091
newOrder,12003,0,27819,1682054091
newOrder,24999,1,27819,1682054091
cancel,12003,,,1682054661
cancel,18224,,,1682054661
cancel,19066,,,1682054661
cancel,24999,,,1682054661
newOrder,18195,0,12262,1682054690
newOrder,19066,1,12262,1682054690
newOrder,10917,0,43612,1682054690
newOrder,24999,1,43612,1682054690
cancel,10917,,,1682055261
cancel,18195,,,1682055261
cancel,19066,,,1682055261
cancel,24999,,,1682055261
newOrder,18224,0,12249,1682055292
newOrder,19066,1,12249,1682055292
newOrder,10935,0,50710,1682055292
newOrder,24999,1,50710,1682055292
cancel,10935,,,1682055861
cancel,18224,,,1682055861
cancel,19066,,,1682055861
cancel,24999,,,1682055861
newOrder,18224,0,12252,1682055892
newOrder,19066,1,12252,1682055892
newOrder,12001,0,29219,1682055892
newOrder,24999,1,29219,1682055892
cancel,12001,,,1682056460
cancel,18224,,,1682056460
cancel,19066,,,1682056460
cancel,24999,,,1682056460
newOrder,18195,0,12271,1682056491
newOrder,19066,1,12271,1682056491
newOrder,10917,0,60555,1682056491
newOrder,24999,1,60555,1682056491
cancel,10917,,,1682057060
cancel,18195,,,1682057060
cancel,19066,,,1682057060
cancel,24999,,,1682057060
newOrder,18195,0,12273,1682057093
newOrder,19066,1,12273,1682057093
newOrder,13597,0,20139,1682057093
newOrder,24999,1,20139,1682057093
cancel,13597,,,1682057661
cancel,18195,,,1682057661
cancel,19066,,,1682057661
cancel,24999,,,1682057661
newOrder,18197,0,12275,1682057691
newOrder,19066,1,12275,1682057691
newOrder,15106,0,14789,1682057691
newOrder,24999,1,14789,1682057691
cancel,15106,,,1682058260
cancel,18197,,,1682058260
cancel,19066,,,1682058260
cancel,24999,,,1682058260
newOrder,18230,0,12260,1682058292
newOrder,19066,1,12260,1682058292
newOrder,10938,0,52308,1682058292
newOrder,24999,1,52308,1682058292
cancel,10938,,,1682058861
cancel,18230,,,1682058861
cancel,19066,,,1682058861
cancel,24999,,,1682058861
newOrder,18230,0,12263,1682058892
newOrder,19066,1,12263,1682058892
newOrder,10938,0,58072,1682058892
newOrder,24999,1,58072,1682058892
cancel,10938,,,1682059459
cancel,18230,,,1682059459
cancel,19066,,,1682059459
cancel,24999,,,1682059459
newOrder,18230,0,12266,1682059491
newOrder,19066,1,12266,1682059491
newOrder,15106,0,15165,1682059491
newOrder,24999,1,15165,1682059491
cancel,15106,,,1682060060
cancel,18230,,,1682060060
cancel,19066,,,1682060060
cancel,24999,,,1682060060
newOrder,18200,0,12285,1682060091
newOrder,19066,1,12285,1682060091
newOrder,15106,0,13330,1682060091
newOrder,24499,1,13330,1682060091
cancel,15106,,,1682060660
cancel,18200,,,1682060660
cancel,19066,,,1682060660
cancel,24499,,,1682060660
newOrder,18134,0,12319,1682060691
newOrder,19066,1,12319,1682060691
newOrder,10881,0,52588,1682060691
newOrder,24999,1,52588,1682060691
cancel,10881,,,1682061260
cancel,18134,,,1682061260
cancel,19066,,,1682061260
cancel,24999,,,1682061260
newOrder,18134,0,12322,1682061291
newOrder,19066,1,12322,1682061291
newOrder,12003,0,26818,1682061291
newOrder,24999,1,26818,1682061291
cancel,12003,,,1682061860
cancel,18134,,,1682061860
cancel,19066,,,1682061860
cancel,24999,,,1682061860
newOrder,18134,0,12325,1682061891
newOrder,19066,1,12325,1682061891
newOrder,10881,0,39751,1682061891
newOrder,24999,1,39751,1682061891
cancel,10881,,,1682062461
cancel,18134,,,1682062461
cancel,19066,,,1682062461
cancel,24999,,,1682062461
newOrder,18175,0,12309,1682062492
newOrder,19066,1,12309,1682062492
newOrder,15001,0,20589,1682062492
newOrder,24999,1,20589,1682062492
cancel,15001,,,1682063061
cancel,18175,,,1682063061
cancel,19066,,,1682063061
cancel,24999,,,1682063061
newOrder,18175,0,12312,1682063092
newOrder,19066,1,12312,1682063092
newOrder,10905,0,55351,1682063092
newOrder,24999,1,55351,1682063092
cancel,10905,,,1682063661
cancel,18175,,,1682063661
cancel,19066,,,1682063661
cancel,24999,,,1682063661
newOrder,18175,0,12315,1682063692
newOrder,19066,1,12315,1682063692
newOrder,10905,0,65396,1682063692
newOrder,24999,1,65396,1682063692
cancel,10905,,,1682064261
cancel,18175,,,1682064261
cancel,19066,,,1682064261
cancel,24999,,,1682064261
newOrder,18175,0,12318,1682064291
newOrder,19066,1,12318,1682064291
newOrder,12001,0,32790,1682064291
newOrder,24999,1,32790,1682064291
cancel,12001,,,1682064861
cancel,18175,,,1682064861
cancel,19066,,,1682064861
cancel,24999,,,1682064861
newOrder,18175,0,12320,1682064892
newOrder,19066,1,12320,1682064892
newOrder,18154,0,4239,1682064892
newOrder,21899,1,8152,1682064892
cancel,18154,,,1682065461
cancel,18175,,,1682065461
cancel,19066,,,1682065461
cancel,21899,,,1682065461
newOrder,18175,0,12323,1682065491
newOrder,19066,1,12323,1682065491
newOrder,15106,0,15762,1682065491
newOrder,24999,1,15762,1682065491
cancel,15106,,,1682066060
cancel,18175,,,1682066060
cancel,19066,,,1682066060
cancel,24999,,,1682066060
newOrder,18175,0,12326,1682066093
newOrder,19066,1,12326,1682066093
newOrder,10905,0,41644,1682066093
newOrder,24999,1,41644,1682066093
cancel,10905,,,1682066660
cancel,18175,,,1682066660
cancel,19066,,,1682066660
cancel,24999,,,1682066660
newOrder,18175,0,12329,1682066691
newOrder,19066,1,12329,1682066691
newOrder,10905,0,63294,1682066691
newOrder,24999,1,63294,1682066691
cancel,10905,,,1682067260
cancel,18175,,,1682067260
cancel,19066,,,1682067260
cancel,24999,,,1682067260
newOrder,18175,0,12332,1682067293
newOrder,19066,1,12332,1682067293
newOrder,10905,0,51622,1682067293
newOrder,24999,1,51622,1682067293
cancel,10905,,,1682067860
cancel,18175,,,1682067860
cancel,19066,,,1682067860
cancel,24999,,,1682067860
newOrder,18175,0,12335,1682067892
newOrder,19066,1,12335,1682067892
newOrder,12001,0,31216,1682067892
newOrder,24999,1,31216,1682067892
cancel,12001,,,1682068461
cancel,18175,,,1682068461
cancel,19066,,,1682068461
cancel,24999,,,1682068461
newOrder,18175,0,12338,1682068491
newOrder,19066,1,12338,1682068491
newOrder,12101,0,27300,1682068491
newOrder,24999,1,27300,1682068491
cancel,12101,,,1682069061
cancel,18175,,,1682069061
cancel,19066,,,1682069061
cancel,24999,,,1682069061
newOrder,18175,0,12341,1682069091
newOrder,19066,1,12341,1682069091
newOrder,10905,0,51245,1682069091
newOrder,24999,1,51245,1682069091
cancel,10905,,,1682069661
cancel,18175,,,1682069661
cancel,19066,,,1682069661
cancel,24999,,,1682069661
newOrder,18175,0,12343,1682069691
newOrder,19066,1,12343,1682069691
newOrder,12001,0,32140,1682069691
newOrder,24999,1,32140,1682069691
cancel,12001,,,1682070261
cancel,18175,,,1682070261
cancel,19066,,,1682070261
cancel,24999,,,1682070261
newOrder,18175,0,12346,1682070291
newOrder,19066,1,12346,1682070291
newOrder,10905,0,66333,1682070291
newOrder,24999,1,66333,1682070291
cancel,10905,,,1682070860
cancel,18175,,,1682070860
cancel,19066,,,1682070860
cancel,24999,,,1682070860
newOrder,18175,0,12349,1682070892
newOrder,19066,1,12349,1682070892
newOrder,13597,0,22349,1682070892
newOrder,24999,1,22349,1682070892
cancel,13597,,,1682071461
cancel,18175,,,1682071461
cancel,19066,,,1682071461
cancel,24999,,,1682071461
newOrder,18175,0,12352,1682071490
newOrder,19066,1,12352,1682071490
newOrder,10905,0,48055,1682071490
newOrder,24999,1,48055,1682071490
cancel,10905,,,1682072060
cancel,18175,,,1682072060
cancel,19066,,,1682072060
cancel,24999,,,1682072060
newOrder,18175,0,12355,1682072090
newOrder,19066,1,12355,1682072090
newOrder,10905,0,42969,1682072090
newOrder,24999,1,42969,1682072090
cancel,10905,,,1682072660
cancel,18175,,,1682072660
cancel,19066,,,1682072660
cancel,24999,,,1682072660
newOrder,18167,0,12362,1682072692
newOrder,19066,1,12362,1682072692
newOrder,18154,0,2733,1682072692
newOrder,21899,1,11545,1682072692
cancel,18154,,,1682073261
cancel,18167,,,1682073261
cancel,19066,,,1682073261
cancel,21899,,,1682073261
newOrder,18167,0,12365,1682073292
newOrder,19066,1,12365,1682073292
newOrder,10900,0,44256,1682073292
newOrder,24999,1,44256,1682073292
cancel,10900,,,1682073861
cancel,18167,,,1682073861
cancel,19066,,,1682073861
cancel,24999,,,1682073861
newOrder,18167,0,12368,1682073891
newOrder,19066,1,12368,1682073891
newOrder,10900,0,60873,1682073891
newOrder,24999,1,60873,1682073891
cancel,10900,,,1682074460
cancel,18167,,,1682074460
cancel,19066,,,1682074460
cancel,24999,,,1682074460
newOrder,18167,0,12371,1682074492
newOrder,19066,1,12371,1682074492
newOrder,10900,0,46099,1682074492
newOrder,24999,1,46099,1682074492
cancel,10900,,,1682075061
cancel,18167,,,1682075061
cancel,19066,,,1682075061
cancel,24999,,,1682075061
newOrder,18167,0,12373,1682075093
newOrder,19066,1,12373,1682075093
newOrder,10900,0,45813,1682075093
newOrder,24999,1,45813,1682075093
cancel,10900,,,1682075661
cancel,18167,,,1682075661
cancel,19066,,,1682075661
cancel,24999,,,1682075661
newOrder,18167,0,12376,1682075690
newOrder,19066,1,12376,1682075690
newOrder,10900,0,41860,1682075690
newOrder,24999,1,41860,1682075690
cancel,10900,,,1682076260
cancel,18167,,,1682076260
cancel,19066,,,1682076260
cancel,24999,,,1682076260
newOrder,18167,0,12379,1682076292
newOrder,19066,1,12379,1682076292
newOrder,12001,0,33111,1682076292
newOrder,24999,1,33111,1682076292
cancel,12001,,,1682076861
cancel,18167,,,1682076861
cancel,19066,,,1682076861
cancel,24999,,,1682076861
newOrder,18167,0,12382,1682076891
newOrder,19066,1,12382,1682076891
newOrder,12101,0,24078,1682076891
newOrder,24999,1,24078,1682076891
cancel,12101,,,1682077461
cancel,18167,,,1682077461
cancel,19066,,,1682077461
cancel,24999,,,1682077461
newOrder,18167,0,12385,1682077493
newOrder,19066,1,12385,1682077493
newOrder,10900,0,57958,1682077493
newOrder,24999,1,57958,1682077493
cancel,10900,,,1682078062
cancel,18167,,,1682078062
cancel,19066,,,1682078062
cancel,24999,,,1682078062
newOrder,18167,0,12388,1682078092
newOrder,19066,1,12388,1682078092
newOrder,18154,0,2739,1682078092
newOrder,21899,1,11053,1682078092
cancel,18154,,,1682078661
cancel,18167,,,1682078661
cancel,19066,,,1682078661
cancel,21899,,,1682078661
newOrder,18585,0,12068,1682078691
newOrder,19066,1,12068,1682078691
newOrder,11151,0,38213,1682078691
newOrder,24999,1,38213,1682078691