instruction,price,side,qty,time
cancel,13501,,,1680523889
cancel,18934,,,1680523889
cancel,19786,,,1680523889
cancel,24999,,,1680523889
newOrder,18934,0,5861,1680523915
newOrder,19786,1,5861,1680523915
newOrder,13501,0,15220,1680523915
newOrder,24999,1,15220,1680523915
cancel,13501,,,1680524488
cancel,18934,,,1680524488
cancel,19786,,,1680524488
cancel,24999,,,1680524488
newOrder,18934,0,5862,1680524515
newOrder,19786,1,5862,1680524515
newOrder,11953,0,17735,1680524515
newOrder,24999,1,17735,1680524515
cancel,11953,,,1680525088
cancel,18934,,,1680525088
cancel,19786,,,1680525088
cancel,24999,,,1680525088
newOrder,18934,0,5862,1680525115
newOrder,19786,1,5862,1680525115
newOrder,11360,0,30899,1680525115
newOrder,24999,1,30899,1680525115
cancel,11360,,,1680525688
cancel,18934,,,1680525688
cancel,19786,,,1680525688
cancel,24999,,,1680525688
newOrder,18934,0,5863,1680525717
newOrder,19786,1,5863,1680525717
newOrder,13501,0,14298,1680525717
newOrder,24999,1,14298,1680525717
cancel,13501,,,1680526289
cancel,18934,,,1680526289
cancel,19786,,,1680526289
cancel,24999,,,1680526289
newOrder,18934,0,5871,1680526316
newOrder,19773,1,5871,1680526316
newOrder,11360,0,30386,1680526316
newOrder,24999,1,30386,1680526316
cancel,11360,,,1680526889
cancel,18934,,,1680526889
cancel,19773,,,1680526889
cancel,24999,,,1680526889
newOrder,18934,0,5871,1680526915
newOrder,19773,1,5871,1680526915
newOrder,13501,0,15336,1680526915
newOrder,24999,1,15336,1680526915
cancel,13501,,,1680527490
cancel,18934,,,1680527490
cancel,19773,,,1680527490
cancel,24999,,,1680527490
newOrder,18934,0,5870,1680527518
newOrder,19777,1,5870,1680527518
newOrder,11360,0,24209,1680527518
newOrder,24999,1,24209,1680527518
cancel,11360,,,1680528089
cancel,18934,,,1680528089
cancel,19777,,,1680528089
cancel,24999,,,1680528089
newOrder,18934,0,5870,1680528117
newOrder,19777,1,5870,1680528117
newOrder,11952,0,20910,1680528117
newOrder,24999,1,20910,1680528117
cancel,11952,,,1680528689
cancel,18934,,,1680528689
cancel,19777,,,1680528689
cancel,24999,,,1680528689
newOrder,18934,0,5871,1680528718
newOrder,19777,1,5871,1680528718
newOrder,13501,0,7501,1680528718
newOrder,24999,1,7501,1680528718
cancel,13501,,,1680529289
cancel,18934,,,1680529289
cancel,19777,,,1680529289
cancel,24999,,,1680529289
newOrder,18934,0,5871,1680529318
newOrder,19777,1,5871,1680529318
newOrder,13501,0,4601,1680529318
newOrder,22584,1,4601,1680529318
cancel,13501,,,1680529889
cancel,18934,,,1680529889
cancel,19777,,,1680529889
cancel,22584,,,1680529889
newOrder,18934,0,5872,1680529916
newOrder,19777,1,5872,1680529916
newOrder,11360,0,27840,1680529916
newOrder,24999,1,27840,1680529916
cancel,11360,,,1680530488
cancel,18934,,,1680530488
cancel,19777,,,1680530488
cancel,24999,,,1680530488
newOrder,18934,0,5872,1680530515
newOrder,19777,1,5872,1680530515
newOrder,11952,0,19871,1680530515
newOrder,24999,1,19871,1680530515
cancel,11952,,,1680531089
cancel,18934,,,1680531089
cancel,19777,,,1680531089
cancel,24999,,,1680531089
newOrder,18934,0,5873,1680531117
newOrder,19777,1,5873,1680531117
newOrder,11360,0,29856,1680531117
newOrder,24999,1,29856,1680531117
cancel,11360,,,1680531689
cancel,18934,,,1680531689
cancel,19777,,,1680531689
cancel,24999,,,1680531689
newOrder,18934,0,5873,1680531715
newOrder,19777,1,5873,1680531715
newOrder,11953,0,18005,1680531715
newOrder,24999,1,18005,1680531715
cancel,11953,,,1680532288
cancel,18934,,,1680532288
cancel,19777,,,1680532288
cancel,24999,,,1680532288
newOrder,18934,0,5874,1680532316
newOrder,19776,1,5874,1680532316
newOrder,11360,0,28138,1680532316
newOrder,24999,1,28138,1680532316
cancel,11360,,,1680532889
cancel,18934,,,1680532889
cancel,19776,,,1680532889
cancel,24999,,,1680532889
newOrder,18934,0,5875,1680532916
newOrder,19776,1,5875,1680532916
newOrder,13501,0,11373,1680532916
newOrder,24999,1,11373,1680532916
cancel,13501,,,1680533489
cancel,18934,,,1680533489
cancel,19776,,,1680533489
cancel,24999,,,1680533489
newOrder,18934,0,5924,1680533517
newOrder,19687,1,5924,1680533517
newOrder,11360,0,30062,1680533517
newOrder,24999,1,30062,1680533517
cancel,11360,,,1680534089
cancel,18934,,,1680534089
cancel,19687,,,1680534089
cancel,24999,,,1680534089
newOrder,18934,0,5883,1680534116
newOrder,19764,1,5883,1680534116
newOrder,11360,0,23234,1680534116
newOrder,24999,1,23234,1680534116
cancel,11360,,,1680534689
cancel,18934,,,1680534689
cancel,19764,,,1680534689
cancel,24999,,,1680534689
newOrder,18934,0,5883,1680534720
newOrder,19764,1,5883,1680534720
newOrder,13003,0,16820,1680534720
newOrder,24999,1,16820,1680534720
cancel,13003,,,1680535289
cancel,18934,,,1680535289
cancel,19764,,,1680535289
cancel,24999,,,1680535289
newOrder,18934,0,5884,1680535316
newOrder,19764,1,5884,1680535316
newOrder,11360,0,30198,1680535316
newOrder,24999,1,30198,1680535316
cancel,11360,,,1680535889
cancel,18934,,,1680535889
cancel,19764,,,1680535889
cancel,24999,,,1680535889
newOrder,18934,0,5884,1680535915
newOrder,19764,1,5884,1680535915
newOrder,13501,0,14435,1680535915
newOrder,24999,1,14435,1680535915
cancel,13501,,,1680536490
cancel,18934,,,1680536490
cancel,19764,,,1680536490
cancel,24999,,,1680536490
newOrder,18934,0,5887,1680538915
newOrder,19764,1,5887,1680538915
newOrder,11952,0,19274,1680538915
newOrder,24999,1,19274,1680538915
cancel,11952,,,1680539489
cancel,18934,,,1680539489
cancel,19764,,,1680539489
cancel,24999,,,1680539489
newOrder,18934,0,5888,1680539519
newOrder,19764,1,5888,1680539519
newOrder,13501,0,5487,1680539519
newOrder,22584,1,5487,1680539519
cancel,13501,,,1680540089
cancel,18934,,,1680540089
cancel,19764,,,1680540089
cancel,22584,,,1680540089
newOrder,18934,0,5888,1680540118
newOrder,19764,1,5888,1680540118
newOrder,13501,0,12227,1680540118
newOrder,24999,1,12227,1680540118
cancel,13501,,,1680540689
cancel,18934,,,1680540689
cancel,19764,,,1680540689
cancel,24999,,,1680540689
newOrder,18934,0,5889,1680540716
newOrder,19764,1,5889,1680540716
newOrder,11360,0,24587,1680540716
newOrder,24999,1,24587,1680540716
cancel,11360,,,1680541889
cancel,18934,,,1680541889
cancel,19764,,,1680541889
cancel,24999,,,1680541889
newOrder,18934,0,5890,1680541916
newOrder,19764,1,5890,1680541916
newOrder,11953,0,17531,1680541916
newOrder,24999,1,17531,1680541916
cancel,11953,,,1680542489
cancel,18934,,,1680542489
cancel,19764,,,1680542489
cancel,24999,,,1680542489
newOrder,18934,0,5890,1680542516
newOrder,19764,1,5890,1680542516
newOrder,11360,0,29858,1680542516
newOrder,24999,1,29858,1680542516
cancel,11360,,,1680543088
cancel,18934,,,1680543088
cancel,19764,,,1680543088
cancel,24999,,,1680543088
newOrder,18934,0,5864,1680543114
newOrder,19811,1,5864,1680543114
newOrder,13501,0,11119,1680543114
newOrder,24999,1,11119,1680543114
cancel,13501,,,1680543689
cancel,18934,,,1680543689
cancel,19811,,,1680543689
cancel,24999,,,1680543689
newOrder,18905,0,6246,1680543717
newOrder,19066,1,6246,1680543717
newOrder,13501,0,14527,1680543717
newOrder,24999,1,14527,1680543717
cancel,13501,,,1680543779
cancel,18905,,,1680543779
cancel,19066,,,1680543779
cancel,24999,,,1680543779
newOrder,18832,0,6272,1680543785
newOrder,19073,1,6272,1680543785
newOrder,13501,0,15987,1680543785
newOrder,24999,1,15987,1680543785
cancel,13501,,,1680543886
cancel,18832,,,1680543886
cancel,19073,,,1680543886
cancel,24999,,,1680543886
newOrder,18753,0,6301,1680543892
newOrder,19080,1,6301,1680543892
newOrder,11952,0,19405,1680543892
newOrder,24999,1,19405,1680543892
cancel,11952,,,1680544257
cancel,18753,,,1680544257
cancel,19080,,,1680544257
cancel,24999,,,1680544257
newOrder,18914,0,6200,1680544264
newOrder,19167,1,6200,1680544264
newOrder,11348,0,31953,1680544264
newOrder,24999,1,31953,1680544264
cancel,11348,,,1680544290
cancel,18914,,,1680544290
cancel,19167,,,1680544290
cancel,24999,,,1680544290
newOrder,18934,0,6166,1680544317
newOrder,19222,1,6166,1680544317
newOrder,11360,0,21591,1680544317
newOrder,24999,1,21591,1680544317
cancel,11360,,,1680544890
cancel,18934,,,1680544890
cancel,19222,,,1680544890
cancel,24999,,,1680544890
newOrder,18934,0,6150,1680544917
newOrder,19259,1,6150,1680544917
newOrder,11360,0,26587,1680544917
newOrder,24999,1,26587,1680544917
cancel,11360,,,1680545488
cancel,18934,,,1680545488
cancel,19259,,,1680545488
cancel,24999,,,1680545488
newOrder,18934,0,6151,1680545516
newOrder,19259,1,6151,1680545516
newOrder,11952,0,21975,1680545516
newOrder,24999,1,21975,1680545516
cancel,11952,,,1680546089
cancel,18934,,,1680546089
cancel,19259,,,1680546089
cancel,24999,,,1680546089
newOrder,18934,0,6151,1680546117
newOrder,19259,1,6151,1680546117
newOrder,13501,0,13146,1680546117
newOrder,24999,1,13146,1680546117
cancel,13501,,,1680546689
cancel,18934,,,1680546689
cancel,19259,,,1680546689
cancel,24999,,,1680546689
newOrder,18934,0,6152,1680546716
newOrder,19259,1,6152,1680546716
newOrder,13501,0,11373,1680546716
newOrder,24999,1,11373,1680546716
cancel,13501,,,1680547289
cancel,18934,,,1680547289
cancel,19259,,,1680547289
cancel,24999,,,1680547289
newOrder,18934,0,6152,1680547315
newOrder,19259,1,6152,1680547315
newOrder,11360,0,24030,1680547315
newOrder,24999,1,24030,1680547315
cancel,11360,,,1680547889
cancel,18934,,,1680547889
cancel,19259,,,1680547889
cancel,24999,,,1680547889
newOrder,18934,0,6099,1680547917
newOrder,19372,1,6099,1680547917
newOrder,18001,0,7681,1680547917
newOrder,24999,1,7681,1680547917
cancel,18001,,,1680548489
cancel,18934,,,1680548489
cancel,19372,,,1680548489
cancel,24999,,,1680548489
newOrder,18934,0,6100,1680548518
newOrder,19372,1,6100,1680548518
newOrder,13501,0,15109,1680548518
newOrder,24999,1,15109,1680548518
cancel,13501,,,1680549088
cancel,18934,,,1680549088
cancel,19372,,,1680549088
cancel,24999,,,1680549088
newOrder,18934,0,6101,1680549118
newOrder,19372,1,6101,1680549118
newOrder,13501,0,16386,1680549118
newOrder,24999,1,16386,1680549118
cancel,13501,,,1680549689
cancel,18934,,,1680549689
cancel,19372,,,1680549689
cancel,24999,,,1680549689
newOrder,18934,0,6101,1680549717
newOrder,19372,1,6101,1680549717
newOrder,11360,0,26455,1680549717
newOrder,24999,1,26455,1680549717
newOrder,18934,0,5946,1680552717
newOrder,19678,1,5946,1680552717
newOrder,22584,1,3594,1680552717
cancel,18934,,,1680553289
cancel,19678,,,1680553289
cancel,22584,,,1680553289
newOrder,18934,0,5947,1680553316
newOrder,19678,1,5947,1680553316
newOrder,13501,0,8995,1680553316
newOrder,24999,1,8995,1680553316
cancel,13501,,,1680553889
cancel,18934,,,1680553889
cancel,19678,,,1680553889
cancel,24999,,,1680553889
newOrder,18934,0,5947,1680553920
newOrder,19678,1,5947,1680553920
newOrder,13501,0,13161,1680553920
newOrder,24999,1,13161,1680553920
cancel,13501,,,1680554489
cancel,18934,,,1680554489
cancel,19678,,,1680554489
cancel,24999,,,1680554489
newOrder,18934,0,5948,1680554517
newOrder,19678,1,5948,1680554517
newOrder,11360,0,26646,1680554517
newOrder,24999,1,26646,1680554517
cancel,11360,,,1680555089
cancel,18934,,,1680555089
cancel,19678,,,1680555089
cancel,24999,,,1680555089
newOrder,18934,0,5935,1680555117
newOrder,19702,1,5935,1680555117
newOrder,13501,0,9992,1680555117
newOrder,24999,1,9992,1680555117
cancel,13501,,,1680555690
cancel,18934,,,1680555690
cancel,19702,,,1680555690
cancel,24999,,,1680555690
newOrder,18934,0,5936,1680555716
newOrder,19702,1,5936,1680555716
newOrder,13501,0,14633,1680555716
newOrder,24999,1,14633,1680555716
cancel,13501,,,1680556289
cancel,18934,,,1680556289
cancel,19702,,,1680556289
cancel,24999,,,1680556289
newOrder,18934,0,5936,1680556315
newOrder,19702,1,5936,1680556315
newOrder,11360,0,25990,1680556315
newOrder,24999,1,25990,1680556315
cancel,11360,,,1680556889
cancel,18934,,,1680556889
cancel,19702,,,1680556889
cancel,24999,,,1680556889
newOrder,18934,0,5937,1680556917
newOrder,19702,1,5937,1680556917
newOrder,11360,0,26231,1680556917
newOrder,24999,1,26231,1680556917
cancel,11360,,,1680557489
cancel,18934,,,1680557489
cancel,19702,,,1680557489
cancel,24999,,,1680557489
newOrder,18934,0,5937,1680557517
newOrder,19702,1,5937,1680557517
newOrder,11360,0,25845,1680557517
newOrder,24999,1,25845,1680557517
cancel,11360,,,1680558089
cancel,18934,,,1680558089
cancel,19702,,,1680558089
cancel,24999,,,1680558089
newOrder,18934,0,5938,1680558116
newOrder,19702,1,5938,1680558116
newOrder,11360,0,25609,1680558116
newOrder,24999,1,25609,1680558116
cancel,11360,,,1680558689
cancel,18934,,,1680558689
cancel,19702,,,1680558689
cancel,24999,,,1680558689
newOrder,18934,0,5939,1680558717
newOrder,19702,1,5939,1680558717
newOrder,11360,0,29794,1680558717
newOrder,24999,1,29794,1680558717
cancel,11360,,,1680559289
cancel,18934,,,1680559289
cancel,19702,,,1680559289
cancel,24999,,,1680559289
newOrder,18934,0,5939,1680559314
newOrder,19702,1,5939,1680559314
newOrder,13003,0,18349,1680559314
newOrder,24999,1,18349,1680559314
cancel,13003,,,1680559888
cancel,18934,,,1680559888
cancel,19702,,,1680559888
cancel,24999,,,1680559888
newOrder,18934,0,5940,1680559916
newOrder,19702,1,5940,1680559916
newOrder,11360,0,26946,1680559916
newOrder,24999,1,26946,1680559916
cancel,11360,,,1680560489
cancel,18934,,,1680560489
cancel,19702,,,1680560489
cancel,24999,,,1680560489
newOrder,18934,0,5940,1680560517
newOrder,19702,1,5940,1680560517
newOrder,11360,0,28320,1680560517
newOrder,24999,1,28320,1680560517
cancel,11360,,,1680561089
cancel,18934,,,1680561089
cancel,19702,,,1680561089
cancel,24999,,,1680561089
newOrder,18934,0,5941,1680561117
newOrder,19702,1,5941,1680561117
newOrder,13501,0,17317,1680561117
newOrder,24999,1,17317,1680561117
cancel,13501,,,1680561689
cancel,18934,,,1680561689
cancel,19702,,,1680561689
cancel,24999,,,1680561689
newOrder,18934,0,5941,1680561716
newOrder,19702,1,5941,1680561716
newOrder,22584,1,5471,1680561716
cancel,18934,,,1680562289
cancel,19702,,,1680562289
cancel,22584,,,1680562289
newOrder,18934,0,5942,1680562316
newOrder,19702,1,5942,1680562316
newOrder,13501,0,17623,1680562316
newOrder,24999,1,17623,1680562316
cancel,13501,,,1680562889
cancel,18934,,,1680562889
cancel,19702,,,1680562889
cancel,24999,,,1680562889
newOrder,18934,0,5942,1680562914
newOrder,19702,1,5942,1680562914
newOrder,22584,1,5371,1680562914
cancel,18934,,,1680563489
cancel,19702,,,1680563489
cancel,22584,,,1680563489
newOrder,18934,0,5943,1680563517
newOrder,19702,1,5943,1680563517
newOrder,18001,0,7216,1680563517
newOrder,24999,1,7216,1680563517
cancel,18001,,,1680564089
cancel,18934,,,1680564089
cancel,19702,,,1680564089
cancel,24999,,,1680564089
newOrder,18934,0,5943,1680564117
newOrder,19702,1,5943,1680564117
newOrder,11360,0,29550,1680564117
newOrder,24999,1,29550,1680564117
cancel,11360,,,1680564689
cancel,18934,,,1680564689
cancel,19702,,,1680564689
cancel,24999,,,1680564689
newOrder,18934,0,5944,1680564716
newOrder,19702,1,5944,1680564716
newOrder,13501,0,16288,1680564716
newOrder,24999,1,16288,1680564716
cancel,13501,,,1680565289
cancel,18934,,,1680565289
cancel,19702,,,1680565289
cancel,24999,,,1680565289
newOrder,18934,0,5945,1680565316
newOrder,19702,1,5945,1680565316
newOrder,13501,0,11160,1680565316
newOrder,24999,1,11160,1680565316
cancel,13501,,,1680565889
cancel,18934,,,1680565889
cancel,19702,,,1680565889
cancel,24999,,,1680565889
newOrder,18934,0,5945,1680565916
newOrder,19702,1,5945,1680565916
newOrder,11360,0,23457,1680565916
newOrder,24999,1,23457,1680565916
cancel,11360,,,1680566488
cancel,18934,,,1680566488
cancel,19702,,,1680566488
cancel,24999,,,1680566488
newOrder,18934,0,5946,1680566515
newOrder,19702,1,5946,1680566515
newOrder,11360,0,31789,1680566515
newOrder,24999,1,31789,1680566515
cancel,11360,,,1680567089
cancel,18934,,,1680567089
cancel,19702,,,1680567089
cancel,24999,,,1680567089
newOrder,18934,0,5946,1680567117
newOrder,19702,1,5946,1680567117
newOrder,13501,0,11370,1680567117
newOrder,24999,1,11370,1680567117
cancel,13501,,,1680567689
cancel,18934,,,1680567689
cancel,19702,,,1680567689
cancel,24999,,,1680567689
newOrder,18934,0,5960,1680567716
newOrder,19678,1,5960,1680567716
newOrder,11360,0,24049,1680567716
newOrder,24999,1,24049,1680567716
cancel,11360,,,1680568288
cancel,18934,,,1680568288
cancel,19678,,,1680568288
cancel,24999,,,1680568288
newOrder,18934,0,5960,1680568315
newOrder,19678,1,5960,1680568315
newOrder,18001,0,7678,1680568315
newOrder,24999,1,7678,1680568315
cancel,18001,,,1680568889
cancel,18934,,,1680568889
cancel,19678,,,1680568889
cancel,24999,,,1680568889
newOrder,18934,0,5961,1680568916
newOrder,19678,1,5961,1680568916
newOrder,13501,0,8384,1680568916
newOrder,24999,1,8384,1680568916
cancel,13501,,,1680569490
cancel,18934,,,1680569490
cancel,19678,,,1680569490
cancel,24999,,,1680569490
newOrder,18934,0,5961,1680569517
newOrder,19678,1,5961,1680569517
newOrder,13501,0,12603,1680569517
newOrder,24999,1,12603,1680569517
cancel,13501,,,1680570089
cancel,18934,,,1680570089
cancel,19678,,,1680570089
cancel,24999,,,1680570089
newOrder,18934,0,5962,1680570115
newOrder,19678,1,5962,1680570115
newOrder,13501,0,17747,1680570115
newOrder,24999,1,17747,1680570115
cancel,13501,,,1680570688
cancel,18934,,,1680570688
cancel,19678,,,1680570688
cancel,24999,,,1680570688
newOrder,18934,0,5962,1680570716
newOrder,19678,1,5962,1680570716
newOrder,11360,0,25226,1680570716
newOrder,24999,1,25226,1680570716
cancel,11360,,,1680571289
cancel,18934,,,1680571289
cancel,19678,,,1680571289
cancel,24999,,,1680571289
newOrder,18934,0,5963,1680571316
newOrder,19678,1,5963,1680571316
newOrder,11360,0,26743,1680571316
newOrder,24999,1,26743,1680571316
cancel,11360,,,1680571889
cancel,18934,,,1680571889
cancel,19678,,,1680571889
cancel,24999,,,1680571889
newOrder,18934,0,5964,1680571915
newOrder,19678,1,5964,1680571915
newOrder,11360,0,27652,1680571915
newOrder,24999,1,27652,1680571915
cancel,11360,,,1680572490
cancel,18934,,,1680572490
cancel,19678,,,1680572490
cancel,24999,,,1680572490
newOrder,18934,0,5964,1680572518
newOrder,19678,1,5964,1680572518
newOrder,13501,0,16203,1680572518
newOrder,24999,1,16203,1680572518
cancel,13501,,,1680573088
cancel,18934,,,1680573088
cancel,19678,,,1680573088
cancel,24999,,,1680573088
newOrder,18934,0,5965,1680573117
newOrder,19678,1,5965,1680573117
newOrder,11953,0,20124,1680573117
newOrder,24999,1,20124,1680573117
cancel,11953,,,1680573690
cancel,18934,,,1680573690
cancel,19678,,,1680573690
cancel,24999,,,1680573690
newOrder,18934,0,5965,1680573717
newOrder,19678,1,5965,1680573717
newOrder,18001,0,6496,1680573717
newOrder,24999,1,6496,1680573717
cancel,18001,,,1680574289
cancel,18934,,,1680574289
cancel,19678,,,1680574289
cancel,24999,,,1680574289
newOrder,18934,0,5966,1680574315
newOrder,19678,1,5966,1680574315
newOrder,13003,0,18230,1680574315
newOrder,24999,1,18230,1680574315
cancel,13003,,,1680574889
cancel,18934,,,1680574889
cancel,19678,,,1680574889
cancel,24999,,,1680574889
newOrder,18934,0,5966,1680574917
newOrder,19678,1,5966,1680574917
newOrder,13003,0,18275,1680574917
newOrder,24999,1,18275,1680574917
cancel,13003,,,1680575489
cancel,18934,,,1680575489
cancel,19678,,,1680575489
cancel,24999,,,1680575489
newOrder,18934,0,5967,1680575516
newOrder,19678,1,5967,1680575516
newOrder,11952,0,22367,1680575516
newOrder,24999,1,22367,1680575516
cancel,11952,,,1680576089
cancel,18934,,,1680576089
cancel,19678,,,1680576089
cancel,24999,,,1680576089
newOrder,18934,0,5967,1680576118
newOrder,19678,1,5967,1680576118
newOrder,11952,0,21801,1680576118
newOrder,24999,1,21801,1680576118
cancel,11952,,,1680576689
cancel,18934,,,1680576689
cancel,19678,,,1680576689
cancel,24999,,,1680576689
newOrder,18934,0,5968,1680576716
newOrder,19678,1,5968,1680576716
newOrder,13501,0,11013,1680576716
newOrder,24999,1,11013,1680576716
cancel,13501,,,1680577289
cancel,18934,,,1680577289
cancel,19678,,,1680577289
cancel,24999,,,1680577289
newOrder,18934,0,5972,1680577315
newOrder,19671,1,5972,1680577315
newOrder,11952,0,22191,1680577315
newOrder,24999,1,22191,1680577315
cancel,11952,,,1680577889
cancel,18934,,,1680577889
cancel,19671,,,1680577889
cancel,24999,,,1680577889
newOrder,18934,0,5973,1680577918
newOrder,19671,1,5973,1680577918
newOrder,11360,0,28909,1680577918
newOrder,24999,1,28909,1680577918
cancel,11360,,,1680578489
cancel,18934,,,1680578489
cancel,19671,,,1680578489
cancel,24999,,,1680578489
newOrder,18934,0,5974,1680578516
newOrder,19671,1,5974,1680578516
newOrder,18001,0,7762,1680578516
newOrder,24999,1,7762,1680578516
cancel,18001,,,1680579089
cancel,18934,,,1680579089
cancel,19671,,,1680579089
cancel,24999,,,1680579089
newOrder,18934,0,5974,1680579115
newOrder,19671,1,5974,1680579115
newOrder,22584,1,5088,1680579115
cancel,18934,,,1680579689
cancel,19671,,,1680579689
cancel,22584,,,1680579689
newOrder,18934,0,5975,1680579716
newOrder,19671,1,5975,1680579716
newOrder,13501,0,14623,1680579716
newOrder,24999,1,14623,1680579716
cancel,13501,,,1680580289
cancel,18934,,,1680580289
cancel,19671,,,1680580289
cancel,24999,,,1680580289
newOrder,18934,0,5975,1680580316
newOrder,19671,1,5975,1680580316
newOrder,11360,0,29190,1680580316
newOrder,24999,1,29190,1680580316
cancel,11360,,,1680580890
cancel,18934,,,1680580890
cancel,19671,,,1680580890
cancel,24999,,,1680580890
newOrder,18934,0,5976,1680580916
newOrder,19671,1,5976,1680580916
newOrder,13003,0,18114,1680580916
newOrder,24999,1,18114,1680580916
cancel,13003,,,1680581489
cancel,18934,,,1680581489
cancel,19671,,,1680581489
cancel,24999,,,1680581489
newOrder,18934,0,5976,1680581515
newOrder,19671,1,5976,1680581515
newOrder,13003,0,18784,1680581515
newOrder,24999,1,18784,1680581515
cancel,13003,,,1680582089
cancel,18934,,,1680582089
cancel,19671,,,1680582089
cancel,24999,,,1680582089
newOrder,18934,0,5977,1680582117
newOrder,19671,1,5977,1680582117
newOrder,11952,0,22283,1680582117
newOrder,24999,1,22283,1680582117
cancel,11952,,,1680582689
cancel,18934,,,1680582689
cancel,19671,,,1680582689
cancel,24999,,,1680582689
newOrder,18934,0,5977,1680582717
newOrder,19671,1,5977,1680582717
newOrder,13003,0,18690,1680582717
newOrder,24999,1,18690,1680582717
cancel,13003,,,1680583289
cancel,18934,,,1680583289
cancel,19671,,,1680583289
cancel,24999,,,1680583289
newOrder,18934,0,5978,1680583315
newOrder,19671,1,5978,1680583315
newOrder,13501,0,15841,1680583315
newOrder,24999,1,15841,1680583315
cancel,13501,,,1680583889
cancel,18934,,,1680583889
cancel,19671,,,1680583889
cancel,24999,,,1680583889
newOrder,18934,0,5978,1680583917
newOrder,19671,1,5978,1680583917
newOrder,22584,1,5209,1680583917
cancel,18934,,,1680584489
cancel,19671,,,1680584489
cancel,22584,,,1680584489
newOrder,18934,0,5979,1680584514
newOrder,19671,1,5979,1680584514
newOrder,23999,1,6047,1680584514
cancel,18934,,,1680585089
cancel,19671,,,1680585089
cancel,23999,,,1680585089
newOrder,18934,0,5980,1680585118
newOrder,19671,1,5980,1680585118
newOrder,11360,0,31196,1680585118
newOrder,24999,1,31196,1680585118
cancel,11360,,,1680585689
cancel,18934,,,1680585689
cancel,19671,,,1680585689
cancel,24999,,,1680585689
newOrder,18934,0,5980,1680585715
newOrder,19671,1,5980,1680585715
newOrder,11360,0,31547,1680585715
newOrder,24999,1,31547,1680585715
cancel,11360,,,1680586289
cancel,18934,,,1680586289
cancel,19671,,,1680586289
cancel,24999,,,1680586289
newOrder,18934,0,5981,1680586315
newOrder,19671,1,5981,1680586315
newOrder,11360,0,27207,1680586315
newOrder,24999,1,27207,1680586315
cancel,11360,,,1680586889
cancel,18934,,,1680586889
cancel,19671,,,1680586889
cancel,24999,,,1680586889
newOrder,18934,0,5981,1680586917
newOrder,19671,1,5981,1680586917
newOrder,22584,1,5493,1680586917
cancel,18934,,,1680587489
cancel,19671,,,1680587489
cancel,22584,,,1680587489
newOrder,18934,0,5982,1680587516
newOrder,19671,1,5982,1680587516
newOrder,22584,1,4193,1680587516
cancel,18934,,,1680588091
cancel,19671,,,1680588091
cancel,22584,,,1680588091
newOrder,18934,0,5982,1680588118
newOrder,19671,1,5982,1680588118
newOrder,11360,0,31849,1680588118
newOrder,24999,1,31849,1680588118
cancel,11360,,,1680588689
cancel,18934,,,1680588689
cancel,19671,,,1680588689
cancel,24999,,,1680588689
newOrder,18934,0,5983,1680588717
newOrder,19671,1,5983,1680588717
newOrder,13501,0,15934,1680588717
newOrder,24999,1,15934,1680588717
cancel,13501,,,1680589290
cancel,18934,,,1680589290
cancel,19671,,,1680589290
cancel,24999,,,1680589290
newOrder,18934,0,5983,1680589316
newOrder,19671,1,5983,1680589316
newOrder,11360,0,25404,1680589316
newOrder,24999,1,25404,1680589316
cancel,11360,,,1680589889
cancel,18934,,,1680589889
cancel,19671,,,1680589889
cancel,24999,,,1680589889
newOrder,18934,0,5984,1680589916
newOrder,19671,1,5984,1680589916
newOrder,18001,0,6951,1680589916
newOrder,24999,1,6951,1680589916
cancel,18001,,,1680590489
cancel,18934,,,1680590489
cancel,19671,,,1680590489
cancel,24999,,,1680590489
newOrder,18934,0,5968,1680590516
newOrder,19701,1,5968,1680590516
newOrder,24999,1,6353,1680590516
cancel,18934,,,1680591089
cancel,19701,,,1680591089
cancel,24999,,,1680591089
newOrder,18934,0,5968,1680591117
newOrder,19701,1,5968,1680591117
newOrder,11360,0,29313,1680591117
newOrder,24999,1,29313,1680591117
cancel,11360,,,1680591689
cancel,18934,,,1680591689
cancel,19701,,,1680591689
cancel,24999,,,1680591689
newOrder,18934,0,5969,1680591716
newOrder,19701,1,5969,1680591716
newOrder,23999,1,6037,1680591716
cancel,18934,,,1680592289
cancel,19701,,,1680592289
cancel,23999,,,1680592289
newOrder,18934,0,5970,1680592315
newOrder,19701,1,5970,1680592315
newOrder,11953,0,25136,1680592315
newOrder,24999,1,25136,1680592315
cancel,11953,,,1680592889
cancel,18934,,,1680592889
cancel,19701,,,1680592889
cancel,24999,,,1680592889
newOrder,18934,0,5964,1680592915
newOrder,19713,1,5964,1680592915
newOrder,24999,1,6357,1680592915
cancel,18934,,,1680593488
cancel,19713,,,1680593488
cancel,24999,,,1680593488
newOrder,18934,0,5964,1680593516
newOrder,19713,1,5964,1680593516
newOrder,12001,0,23717,1680593516
newOrder,24999,1,23717,1680593516
cancel,12001,,,1680594089
cancel,18934,,,1680594089
cancel,19713,,,1680594089
cancel,24999,,,1680594089
newOrder,18934,0,5965,1680594116
newOrder,19713,1,5965,1680594116
newOrder,13501,0,17560,1680594116
newOrder,24999,1,17560,1680594116
cancel,13501,,,1680594688
cancel,18934,,,1680594688
cancel,19713,,,1680594688
cancel,24999,,,1680594688
newOrder,18934,0,5965,1680594717
newOrder,19713,1,5965,1680594717
newOrder,11952,0,26146,1680594717
newOrder,24999,1,26146,1680594717
cancel,11952,,,1680595288
cancel,18934,,,1680595288
cancel,19713,,,1680595288
cancel,24999,,,1680595288
newOrder,18934,0,5966,1680595316
newOrder,19713,1,5966,1680595316
newOrder,13501,0,11999,1680595316
newOrder,24999,1,11999,1680595316
cancel,13501,,,1680595889
cancel,18934,,,1680595889
cancel,19713,,,1680595889
cancel,24999,,,1680595889
newOrder,18934,0,5966,1680595917
newOrder,19713,1,5966,1680595917
newOrder,18001,0,7659,1680595917
newOrder,24999,1,7659,1680595917
cancel,18001,,,1680596490
cancel,18934,,,1680596490
cancel,19713,,,1680596490
cancel,24999,,,1680596490
newOrder,18934,0,5967,1680596516
newOrder,19713,1,5967,1680596516
newOrder,22584,1,4706,1680596516
cancel,18934,,,1680597089
cancel,19713,,,1680597089
cancel,22584,,,1680597089
newOrder,18934,0,5967,1680597117
newOrder,19713,1,5967,1680597117
newOrder,12001,0,20788,1680597117
newOrder,24999,1,20788,1680597117
cancel,12001,,,1680597689
cancel,18934,,,1680597689
cancel,19713,,,1680597689
cancel,24999,,,1680597689
newOrder,18934,0,5968,1680597718
newOrder,19713,1,5968,1680597718
newOrder,18001,0,7482,1680597718
newOrder,24999,1,7482,1680597718
cancel,18001,,,1680598290
cancel,18934,,,1680598290
cancel,19713,,,1680598290
cancel,24999,,,1680598290
newOrder,18934,0,5969,1680598316
newOrder,19713,1,5969,1680598316
newOrder,13501,0,14610,1680598316
newOrder,24999,1,14610,1680598316
cancel,13501,,,1680598889
cancel,18934,,,1680598889
cancel,19713,,,1680598889
cancel,24999,,,1680598889
newOrder,18934,0,5969,1680598915
newOrder,19713,1,5969,1680598915
newOrder,12001,0,22677,1680598915
newOrder,24999,1,22677,1680598915
cancel,12001,,,1680599489
cancel,18934,,,1680599489
cancel,19713,,,1680599489
cancel,24999,,,1680599489
newOrder,18934,0,5970,1680599517
newOrder,19713,1,5970,1680599517
newOrder,11953,0,24262,1680599517
newOrder,24999,1,24262,1680599517
cancel,11953,,,1680600089
cancel,18934,,,1680600089
cancel,19713,,,1680600089
cancel,24999,,,1680600089
newOrder,18934,0,5970,1680600115
newOrder,19713,1,5970,1680600115
newOrder,22584,1,3936,1680600115
cancel,18934,,,1680600689
cancel,19713,,,1680600689
cancel,22584,,,1680600689
newOrder,18934,0,5971,1680600719
newOrder,19713,1,5971,1680600719
newOrder,13501,0,11703,1680600719
newOrder,24999,1,11703,1680600719
cancel,13501,,,1680601289
cancel,18934,,,1680601289
cancel,19713,,,1680601289
cancel,24999,,,1680601289
newOrder,18934,0,5971,1680601315
newOrder,19713,1,5971,1680601315
newOrder,13003,0,18098,1680601315
newOrder,24999,1,18098,1680601315
cancel,13003,,,1680601889
cancel,18934,,,1680601889
cancel,19713,,,1680601889
cancel,24999,,,1680601889
newOrder,18934,0,5972,1680601916
newOrder,19713,1,5972,1680601916
newOrder,18001,0,7299,1680601916
newOrder,24999,1,7299,1680601916
cancel,18001,,,1680602489
cancel,18934,,,1680602489
cancel,19713,,,1680602489
cancel,24999,,,1680602489
newOrder,18934,0,5972,1680602518
newOrder,19713,1,5972,1680602518
newOrder,22584,1,5583,1680602518
cancel,18934,,,1680603089
cancel,19713,,,1680603089
cancel,22584,,,1680603089
newOrder,18934,0,5995,1680603120
newOrder,19674,1,5995,1680603120
newOrder,13501,0,17257,1680603120
newOrder,24999,1,17257,1680603120
cancel,13501,,,1680603689
cancel,18934,,,1680603689
cancel,19674,,,1680603689
cancel,24999,,,1680603689
newOrder,18934,0,6010,1680603718
newOrder,19648,1,6010,1680603718
newOrder,22584,1,3935,1680603718
cancel,18934,,,1680604290
cancel,19648,,,1680604290
cancel,22584,,,1680604290
newOrder,18934,0,6010,1680604317
newOrder,19648,1,6010,1680604317
newOrder,22584,1,5915,1680604317
cancel,18934,,,1680604889
cancel,19648,,,1680604889
cancel,22584,,,1680604889
newOrder,18934,0,6011,1680604918
newOrder,19648,1,6011,1680604918
newOrder,13501,0,8432,1680604918
newOrder,24999,1,8432,1680604918
cancel,13501,,,1680605489
cancel,18934,,,1680605489
cancel,19648,,,1680605489
cancel,24999,,,1680605489
newOrder,18934,0,6011,1680605516
newOrder,19649,1,6011,1680605516
newOrder,22584,1,5767,1680605516
cancel,18934,,,1680606089
cancel,19649,,,1680606089
cancel,22584,,,1680606089
newOrder,18934,0,6012,1680606117
newOrder,19648,1,6012,1680606117
newOrder,11952,0,28005,1680606117
newOrder,24999,1,28005,1680606117
cancel,11952,,,1680606690
cancel,18934,,,1680606690
cancel,19648,,,1680606690
cancel,24999,,,1680606690
newOrder,18934,0,5986,1680606719
newOrder,19696,1,5986,1680606719
newOrder,18001,0,6710,1680606719
newOrder,24999,1,6710,1680606719
cancel,18001,,,1680607289
cancel,18934,,,1680607289
cancel,19696,,,1680607289
cancel,24999,,,1680607289
newOrder,18934,0,5986,1680607316
newOrder,19696,1,5986,1680607316
newOrder,22584,1,5963,1680607316
cancel,18934,,,1680607889
cancel,19696,,,1680607889
cancel,22584,,,1680607889
newOrder,18934,0,6029,1680607916
newOrder,19620,1,6029,1680607916
newOrder,12001,0,23931,1680607916
newOrder,24999,1,23931,1680607916
cancel,12001,,,1680608489
cancel,18934,,,1680608489
cancel,19620,,,1680608489
cancel,24999,,,1680608489
newOrder,18934,0,6030,1680608516
newOrder,19620,1,6030,1680608516
newOrder,13003,0,18627,1680608516
newOrder,24999,1,18627,1680608516
cancel,13003,,,1680609089
cancel,18934,,,1680609089
cancel,19620,,,1680609089
cancel,24999,,,1680609089
newOrder,18934,0,6030,1680609118
newOrder,19620,1,6030,1680609118
newOrder,12001,0,21288,1680609118
newOrder,24999,1,21288,1680609118
cancel,12001,,,1680609689
cancel,18934,,,1680609689
cancel,19620,,,1680609689
cancel,24999,,,1680609689
newOrder,18934,0,6012,1680609717
newOrder,19654,1,6012,1680609717
newOrder,12001,0,23853,1680609717
newOrder,24999,1,23853,1680609717