instruction,price,side,qty,time
cancel,10535,,,1689855342
cancel,17440,,,1689855342
cancel,18075,,,1689855342
cancel,24999,,,1689855342
newOrder,17440,0,14304,1689855366
newOrder,18075,1,14304,1689855366
newOrder,10535,0,64173,1689855366
newOrder,24999,1,64173,1689855366
cancel,10535,,,1689855942
cancel,17440,,,1689855942
cancel,18075,,,1689855942
cancel,24999,,,1689855942
newOrder,17440,0,14308,1689855966
newOrder,18075,1,14308,1689855966
newOrder,10535,0,49829,1689855966
newOrder,24999,1,49829,1689855966
cancel,10535,,,1689856545
cancel,17440,,,1689856545
cancel,18075,,,1689856545
cancel,24999,,,1689856545
newOrder,17440,0,14312,1689856572
newOrder,18075,1,14312,1689856572
newOrder,15742,0,27485,1689856572
newOrder,24999,1,27485,1689856572
cancel,15742,,,1689857141
cancel,17440,,,1689857141
cancel,18075,,,1689857141
cancel,24999,,,1689857141
newOrder,17440,0,14316,1689857167
newOrder,18075,1,14316,1689857167
newOrder,10535,0,65774,1689857167
newOrder,24999,1,65774,1689857167
cancel,10535,,,1689857742
cancel,17440,,,1689857742
cancel,18075,,,1689857742
cancel,24999,,,1689857742
newOrder,17461,0,14330,1689857766
newOrder,18075,1,14330,1689857766
newOrder,10535,0,51165,1689857766
newOrder,24999,1,51165,1689857766
cancel,10535,,,1689858344
cancel,17461,,,1689858344
cancel,18075,,,1689858344
cancel,24999,,,1689858344
newOrder,17461,0,14334,1689858370
newOrder,18075,1,14334,1689858370
newOrder,10535,0,48638,1689858370
newOrder,24999,1,48638,1689858370
cancel,10535,,,1689858942
cancel,17461,,,1689858942
cancel,18075,,,1689858942
cancel,24999,,,1689858942
newOrder,17461,0,14338,1689858966
newOrder,18075,1,14338,1689858966
newOrder,10535,0,43560,1689858966
newOrder,24999,1,43560,1689858966
cancel,10535,,,1689859542
cancel,17461,,,1689859542
cancel,18075,,,1689859542
cancel,24999,,,1689859542
newOrder,17461,0,14342,1689859569
newOrder,18075,1,14342,1689859569
newOrder,15742,0,26228,1689859569
newOrder,24999,1,26228,1689859569
cancel,15742,,,1689860143
cancel,17461,,,1689860143
cancel,18075,,,1689860143
cancel,24999,,,1689860143
newOrder,17461,0,14346,1689860167
newOrder,18075,1,14346,1689860167
newOrder,15742,0,20085,1689860167
newOrder,24999,1,20085,1689860167
cancel,15742,,,1689860742
cancel,17461,,,1689860742
cancel,18075,,,1689860742
cancel,24999,,,1689860742
newOrder,17461,0,14350,1689860765
newOrder,18075,1,14350,1689860765
newOrder,12302,0,29459,1689860765
newOrder,24999,1,29459,1689860765
cancel,12302,,,1689861343
cancel,17461,,,1689861343
cancel,18075,,,1689861343
cancel,24999,,,1689861343
newOrder,17461,0,14354,1689861367
newOrder,18075,1,14354,1689861367
newOrder,10535,0,45452,1689861367
newOrder,24999,1,45452,1689861367
cancel,10535,,,1689861943
cancel,17461,,,1689861943
cancel,18075,,,1689861943
cancel,24999,,,1689861943
newOrder,17458,0,14357,1689861967
newOrder,18075,1,14357,1689861967
newOrder,10535,0,43802,1689861967
newOrder,24999,1,43802,1689861967
cancel,10535,,,1689862542
cancel,17458,,,1689862542
cancel,18075,,,1689862542
cancel,24999,,,1689862542
newOrder,17458,0,14361,1689862566
newOrder,18075,1,14361,1689862566
newOrder,10535,0,65628,1689862566
newOrder,24999,1,65628,1689862566
cancel,10535,,,1689863142
cancel,17458,,,1689863142
cancel,18075,,,1689863142
cancel,24999,,,1689863142
newOrder,17458,0,14365,1689863167
newOrder,18075,1,14365,1689863167
newOrder,10535,0,59904,1689863167
newOrder,24999,1,59904,1689863167
cancel,10535,,,1689863743
cancel,17458,,,1689863743
cancel,18075,,,1689863743
cancel,24999,,,1689863743
newOrder,17458,0,14369,1689863769
newOrder,18075,1,14369,1689863769
newOrder,15742,0,24744,1689863769
newOrder,24999,1,24744,1689863769
cancel,15742,,,1689864342
cancel,17458,,,1689864342
cancel,18075,,,1689864342
cancel,24999,,,1689864342
newOrder,17436,0,14363,1689864368
newOrder,18075,1,14363,1689864368
newOrder,15742,0,20133,1689864368
newOrder,24999,1,20133,1689864368
cancel,15742,,,1689864943
cancel,17436,,,1689864943
cancel,18075,,,1689864943
cancel,24999,,,1689864943
newOrder,17467,0,14382,1689864967
newOrder,18075,1,14382,1689864967
newOrder,15742,0,8908,1689864967
newOrder,19999,1,8908,1689864967
cancel,15742,,,1689865542
cancel,17467,,,1689865542
cancel,18075,,,1689865542
cancel,19999,,,1689865542
newOrder,17467,0,14386,1689865567
newOrder,18075,1,14386,1689865567
newOrder,10535,0,65367,1689865567
newOrder,24999,1,65367,1689865567
cancel,10535,,,1689866142
cancel,17467,,,1689866142
cancel,18075,,,1689866142
cancel,24999,,,1689866142
newOrder,17467,0,14390,1689866166
newOrder,18075,1,14390,1689866166
newOrder,12302,0,28997,1689866166
newOrder,24999,1,28997,1689866166
cancel,12302,,,1689866742
cancel,17467,,,1689866742
cancel,18075,,,1689866742
cancel,24999,,,1689866742
newOrder,17467,0,14394,1689866767
newOrder,18075,1,14394,1689866767
newOrder,15742,0,27356,1689866767
newOrder,24999,1,27356,1689866767
cancel,15742,,,1689867342
cancel,17467,,,1689867342
cancel,18075,,,1689867342
cancel,24999,,,1689867342
newOrder,17467,0,14398,1689867369
newOrder,18075,1,14398,1689867369
newOrder,10535,0,74860,1689867369
newOrder,24999,1,74860,1689867369
cancel,10535,,,1689867942
cancel,17467,,,1689867942
cancel,18075,,,1689867942
cancel,24999,,,1689867942
newOrder,17434,0,14387,1689867967
newOrder,18075,1,14387,1689867967
newOrder,15742,0,13537,1689867967
newOrder,19999,1,13537,1689867967
cancel,15742,,,1689868541
cancel,17434,,,1689868541
cancel,18075,,,1689868541
cancel,19999,,,1689868541
newOrder,17434,0,14392,1689868567
newOrder,18075,1,14392,1689868567
newOrder,10535,0,42123,1689868567
newOrder,24999,1,42123,1689868567
cancel,10535,,,1689869142
cancel,17434,,,1689869142
cancel,18075,,,1689869142
cancel,24999,,,1689869142
newOrder,17434,0,14396,1689869168
newOrder,18075,1,14396,1689869168
newOrder,10535,0,51216,1689869168
newOrder,24999,1,51216,1689869168
cancel,10535,,,1689869742
cancel,17434,,,1689869742
cancel,18075,,,1689869742
cancel,24999,,,1689869742
newOrder,17434,0,14400,1689869766
newOrder,18075,1,14400,1689869766
newOrder,10535,0,52916,1689869766
newOrder,24999,1,52916,1689869766
cancel,10535,,,1689870342
cancel,17434,,,1689870342
cancel,18075,,,1689870342
cancel,24999,,,1689870342
newOrder,17409,0,14391,1689870367
newOrder,18075,1,14391,1689870367
newOrder,12302,0,30609,1689870367
newOrder,24999,1,30609,1689870367
cancel,12302,,,1689870942
cancel,17409,,,1689870942
cancel,18075,,,1689870942
cancel,24999,,,1689870942
newOrder,17409,0,14395,1689870966
newOrder,18075,1,14395,1689870966
newOrder,12302,0,28748,1689870966
newOrder,24999,1,28748,1689870966
cancel,12302,,,1689871542
cancel,17409,,,1689871542
cancel,18075,,,1689871542
cancel,24999,,,1689871542
newOrder,17409,0,14399,1689871566
newOrder,18075,1,14399,1689871566
newOrder,12304,0,69577,1689871566
newOrder,24999,1,69577,1689871566
cancel,12304,,,1689872143
cancel,17409,,,1689872143
cancel,18075,,,1689872143
cancel,24999,,,1689872143
newOrder,17409,0,14403,1689872168
newOrder,18075,1,14403,1689872168
newOrder,15742,0,8814,1689872168
newOrder,19999,1,8814,1689872168
cancel,15742,,,1689872744
cancel,17409,,,1689872744
cancel,18075,,,1689872744
cancel,19999,,,1689872744
newOrder,17409,0,14408,1689872768
newOrder,18075,1,14408,1689872768
newOrder,12304,0,46134,1689872768
newOrder,24999,1,46134,1689872768
cancel,12304,,,1689873343
cancel,17409,,,1689873343
cancel,18075,,,1689873343
cancel,24999,,,1689873343
newOrder,17409,0,14412,1689873367
newOrder,18075,1,14412,1689873367
newOrder,15742,0,21805,1689873367
newOrder,24999,1,21805,1689873367
cancel,15742,,,1689873943
cancel,17409,,,1689873943
cancel,18075,,,1689873943
cancel,24999,,,1689873943
newOrder,17409,0,14416,1689873968
newOrder,18075,1,14416,1689873968
newOrder,12302,0,73577,1689873968
newOrder,24999,1,73577,1689873968
cancel,12302,,,1689874543
cancel,17409,,,1689874543
cancel,18075,,,1689874543
cancel,24999,,,1689874543
newOrder,17409,0,14420,1689874567
newOrder,18075,1,14420,1689874567
newOrder,12304,0,65850,1689874567
newOrder,24999,1,65850,1689874567
cancel,12304,,,1689875142
cancel,17409,,,1689875142
cancel,18075,,,1689875142
cancel,24999,,,1689875142
newOrder,17409,0,14424,1689875167
newOrder,18075,1,14424,1689875167
newOrder,12304,0,42719,1689875167
newOrder,24999,1,42719,1689875167
cancel,12304,,,1689875742
cancel,17409,,,1689875742
cancel,18075,,,1689875742
cancel,24999,,,1689875742
newOrder,17409,0,14428,1689875768
newOrder,18075,1,14428,1689875768
newOrder,12304,0,52367,1689875768
newOrder,24999,1,52367,1689875768
cancel,12304,,,1689876343
cancel,17409,,,1689876343
cancel,18075,,,1689876343
cancel,24999,,,1689876343
newOrder,17409,0,14433,1689876368
newOrder,18075,1,14433,1689876368
newOrder,12302,0,75107,1689876368
newOrder,24999,1,75107,1689876368
cancel,12302,,,1689876942
cancel,17409,,,1689876942
cancel,18075,,,1689876942
cancel,24999,,,1689876942
newOrder,17389,0,14425,1689876966
newOrder,18075,1,14425,1689876966
newOrder,15742,0,12196,1689876966
newOrder,19999,1,12196,1689876966
cancel,15742,,,1689877543
cancel,17389,,,1689877543
cancel,18075,,,1689877543
cancel,19999,,,1689877543
newOrder,17389,0,14430,1689877567
newOrder,18075,1,14430,1689877567
newOrder,12304,0,57547,1689877567
newOrder,24999,1,57547,1689877567
cancel,12304,,,1689878141
cancel,17389,,,1689878141
cancel,18075,,,1689878141
cancel,24999,,,1689878141
newOrder,17396,0,14438,1689878168
newOrder,18075,1,14438,1689878168
newOrder,12304,0,36686,1689878168
newOrder,24999,1,36686,1689878168
cancel,12304,,,1689878743
cancel,17396,,,1689878743
cancel,18075,,,1689878743
cancel,24999,,,1689878743
newOrder,17396,0,14442,1689878766
newOrder,18075,1,14442,1689878766
newOrder,15742,0,25155,1689878766
newOrder,24999,1,25155,1689878766
cancel,15742,,,1689879343
cancel,17396,,,1689879343
cancel,18075,,,1689879343
cancel,24999,,,1689879343
newOrder,17396,0,14446,1689879366
newOrder,18075,1,14446,1689879366
newOrder,12304,0,52535,1689879366
newOrder,24999,1,52535,1689879366
cancel,12304,,,1689879943
cancel,17396,,,1689879943
cancel,18075,,,1689879943
cancel,24999,,,1689879943
newOrder,17396,0,14450,1689879966
newOrder,18075,1,14450,1689879966
newOrder,15742,0,13574,1689879966
newOrder,19999,1,13574,1689879966
cancel,15742,,,1689880542
cancel,17396,,,1689880542
cancel,18075,,,1689880542
cancel,19999,,,1689880542
newOrder,17414,0,14465,1689880568
newOrder,18075,1,14465,1689880568
newOrder,12304,0,55958,1689880568
newOrder,24999,1,55958,1689880568
cancel,12304,,,1689881143
cancel,17414,,,1689881143
cancel,18075,,,1689881143
cancel,24999,,,1689881143
newOrder,17414,0,14469,1689881167
newOrder,18075,1,14469,1689881167
newOrder,12304,0,45638,1689881167
newOrder,24999,1,45638,1689881167
cancel,12304,,,1689881741
cancel,17414,,,1689881741
cancel,18075,,,1689881741
cancel,24999,,,1689881741
newOrder,17414,0,14473,1689881771
newOrder,18075,1,14473,1689881771
newOrder,15742,0,20145,1689881771
newOrder,24999,1,20145,1689881771
cancel,15742,,,1689882342
cancel,17414,,,1689882342
cancel,18075,,,1689882342
cancel,24999,,,1689882342
newOrder,17414,0,14478,1689882367
newOrder,18075,1,14478,1689882367
newOrder,15742,0,18670,1689882367
newOrder,24999,1,18670,1689882367
cancel,15742,,,1689882942
cancel,17414,,,1689882942
cancel,18075,,,1689882942
cancel,24999,,,1689882942
newOrder,17414,0,14482,1689882966
newOrder,18075,1,14482,1689882966
newOrder,15742,0,22756,1689882966
newOrder,24999,1,22756,1689882966
cancel,15742,,,1689883542
cancel,17414,,,1689883542
cancel,18075,,,1689883542
cancel,24999,,,1689883542
newOrder,17414,0,14486,1689883566
newOrder,18075,1,14486,1689883566
newOrder,12304,0,36231,1689883566
newOrder,24999,1,36231,1689883566
cancel,12304,,,1689884143
cancel,17414,,,1689884143
cancel,18075,,,1689884143
cancel,24999,,,1689884143
newOrder,17414,0,14490,1689884169
newOrder,18075,1,14490,1689884169
newOrder,15742,0,12898,1689884169
newOrder,19999,1,12898,1689884169
cancel,15742,,,1689884742
cancel,17414,,,1689884742
cancel,18075,,,1689884742
cancel,19999,,,1689884742
newOrder,17395,0,14483,1689884767
newOrder,18075,1,14483,1689884767
newOrder,12304,0,44105,1689884767
newOrder,24999,1,44105,1689884767
cancel,12304,,,1689885343
cancel,17395,,,1689885343
cancel,18075,,,1689885343
cancel,24999,,,1689885343
newOrder,17395,0,14487,1689885366
newOrder,18075,1,14487,1689885366
newOrder,12304,0,30676,1689885366
newOrder,24999,1,30676,1689885366
cancel,12304,,,1689885942
cancel,17395,,,1689885942
cancel,18075,,,1689885942
cancel,24999,,,1689885942
newOrder,17395,0,14492,1689885967
newOrder,18075,1,14492,1689885967
newOrder,15742,0,10978,1689885967
newOrder,19999,1,10978,1689885967
cancel,15742,,,1689886543
cancel,17395,,,1689886543
cancel,18075,,,1689886543
cancel,19999,,,1689886543
newOrder,17395,0,14496,1689886568
newOrder,18075,1,14496,1689886568
newOrder,12304,0,29780,1689886568
newOrder,24999,1,29780,1689886568
cancel,12304,,,1689887142
cancel,17395,,,1689887142
cancel,18075,,,1689887142
cancel,24999,,,1689887142
newOrder,17395,0,14500,1689887166
newOrder,18075,1,14500,1689887166
newOrder,15742,0,25784,1689887166
newOrder,24999,1,25784,1689887166
cancel,15742,,,1689887743
cancel,17395,,,1689887743
cancel,18075,,,1689887743
cancel,24999,,,1689887743
newOrder,17412,0,14514,1689887769
newOrder,18075,1,14514,1689887769
newOrder,12304,0,65908,1689887769
newOrder,24999,1,65908,1689887769
cancel,12304,,,1689888342
cancel,17412,,,1689888342
cancel,18075,,,1689888342
cancel,24999,,,1689888342
newOrder,17428,0,14527,1689888367
newOrder,18075,1,14527,1689888367
newOrder,15742,0,22788,1689888367
newOrder,24999,1,22788,1689888367
cancel,15742,,,1689888943
cancel,17428,,,1689888943
cancel,18075,,,1689888943
cancel,24999,,,1689888943
newOrder,17517,0,14569,1689888967
newOrder,18075,1,14569,1689888967
newOrder,15742,0,25474,1689888967
newOrder,24999,1,25474,1689888967
cancel,15742,,,1689889542
cancel,17517,,,1689889542
cancel,18075,,,1689889542
cancel,24999,,,1689889542
newOrder,17517,0,14573,1689889567
newOrder,18075,1,14573,1689889567
newOrder,12304,0,51143,1689889567
newOrder,24999,1,51143,1689889567
cancel,12304,,,1689890142
cancel,17517,,,1689890142
cancel,18075,,,1689890142
cancel,24999,,,1689890142
newOrder,17517,0,14578,1689890166
newOrder,18075,1,14578,1689890166
newOrder,15742,0,12122,1689890166
newOrder,19999,1,12122,1689890166
cancel,15742,,,1689890742
cancel,17517,,,1689890742
cancel,18075,,,1689890742
cancel,19999,,,1689890742
newOrder,17517,0,14582,1689890767
newOrder,18075,1,14582,1689890767
newOrder,12302,0,78068,1689890767
newOrder,24999,1,78068,1689890767
cancel,12302,,,1689891342
cancel,17517,,,1689891342
cancel,18075,,,1689891342
cancel,24999,,,1689891342
newOrder,17514,0,14585,1689891366
newOrder,18075,1,14585,1689891366
newOrder,12304,0,30418,1689891366
newOrder,24999,1,30418,1689891366
cancel,12304,,,1689891943
cancel,17514,,,1689891943
cancel,18075,,,1689891943
cancel,24999,,,1689891943
newOrder,17514,0,14590,1689891966
newOrder,18075,1,14590,1689891966
newOrder,12304,0,30056,1689891966
newOrder,24999,1,30056,1689891966
cancel,12304,,,1689892542
cancel,17514,,,1689892542
cancel,18075,,,1689892542
cancel,24999,,,1689892542
newOrder,17514,0,14594,1689892568
newOrder,18075,1,14594,1689892568
newOrder,12304,0,38496,1689892568
newOrder,24999,1,38496,1689892568
cancel,12304,,,1689893142
cancel,17514,,,1689893142
cancel,18075,,,1689893142
cancel,24999,,,1689893142
newOrder,17514,0,14598,1689893167
newOrder,18075,1,14598,1689893167
newOrder,12304,0,53355,1689893167
newOrder,24999,1,53355,1689893167
cancel,12304,,,1689893741
cancel,17514,,,1689893741
cancel,18075,,,1689893741
cancel,24999,,,1689893741
newOrder,17514,0,14603,1689893768
newOrder,18075,1,14603,1689893768
newOrder,12304,0,40675,1689893768
newOrder,24999,1,40675,1689893768
cancel,12304,,,1689894342
cancel,17514,,,1689894342
cancel,18075,,,1689894342
cancel,24999,,,1689894342
newOrder,17514,0,14607,1689894370
newOrder,18075,1,14607,1689894370
newOrder,15742,0,26411,1689894370
newOrder,24999,1,26411,1689894370
cancel,15742,,,1689894942
cancel,17514,,,1689894942
cancel,18075,,,1689894942
cancel,24999,,,1689894942
newOrder,17514,0,14612,1689894965
newOrder,18075,1,14612,1689894965
newOrder,15742,0,26422,1689894965
newOrder,24999,1,26422,1689894965
cancel,15742,,,1689895542
cancel,17514,,,1689895542
cancel,18075,,,1689895542
cancel,24999,,,1689895542
newOrder,17460,0,14595,1689895568
newOrder,18075,1,14595,1689895568
newOrder,12302,0,74090,1689895568
newOrder,24999,1,74090,1689895568
cancel,12302,,,1689896143
cancel,17460,,,1689896143
cancel,18075,,,1689896143
cancel,24999,,,1689896143
newOrder,17460,0,14599,1689896170
newOrder,18075,1,14599,1689896170
newOrder,15742,0,15054,1689896170
newOrder,19999,1,15054,1689896170
cancel,15742,,,1689896743
cancel,17460,,,1689896743
cancel,18075,,,1689896743
cancel,19999,,,1689896743
newOrder,17419,0,14582,1689896767
newOrder,18075,1,14582,1689896767
newOrder,12304,0,45266,1689896767
newOrder,24999,1,45266,1689896767
cancel,12304,,,1689897343
cancel,17419,,,1689897343
cancel,18075,,,1689897343
cancel,24999,,,1689897343
newOrder,17419,0,14586,1689897367
newOrder,18075,1,14586,1689897367
newOrder,12304,0,59162,1689897367
newOrder,24999,1,59162,1689897367
cancel,12304,,,1689897943
cancel,17419,,,1689897943
cancel,18075,,,1689897943
cancel,24999,,,1689897943
newOrder,17419,0,14591,1689897969
newOrder,18075,1,14591,1689897969
newOrder,12304,0,59975,1689897969
newOrder,24999,1,59975,1689897969
cancel,12304,,,1689898542
cancel,17419,,,1689898542
cancel,18075,,,1689898542
cancel,24999,,,1689898542
newOrder,17419,0,14595,1689898566
newOrder,18075,1,14595,1689898566
newOrder,12304,0,62283,1689898566
newOrder,24999,1,62283,1689898566
cancel,12304,,,1689899142
cancel,17419,,,1689899142
cancel,18075,,,1689899142
cancel,24999,,,1689899142
newOrder,17439,0,14610,1689899167
newOrder,18075,1,14610,1689899167
newOrder,15742,0,9601,1689899167
newOrder,19999,1,9601,1689899167
cancel,15742,,,1689899742
cancel,17439,,,1689899742
cancel,18075,,,1689899742
cancel,19999,,,1689899742
newOrder,17439,0,14615,1689899770
newOrder,18075,1,14615,1689899770
newOrder,12304,0,64764,1689899770
newOrder,24999,1,64764,1689899770
cancel,12304,,,1689900342
cancel,17439,,,1689900342
cancel,18075,,,1689900342
cancel,24999,,,1689900342
newOrder,17439,0,14619,1689900368
newOrder,18075,1,14619,1689900368
newOrder,12304,0,57053,1689900368
newOrder,24999,1,57053,1689900368
cancel,12304,,,1689900942
cancel,17439,,,1689900942
cancel,18075,,,1689900942
cancel,24999,,,1689900942
newOrder,17439,0,14623,1689900967
newOrder,18075,1,14623,1689900967
newOrder,12304,0,57680,1689900967
newOrder,24999,1,57680,1689900967
cancel,12304,,,1689901542
cancel,17439,,,1689901542
cancel,18075,,,1689901542
cancel,24999,,,1689901542
newOrder,17426,0,14620,1689901568
newOrder,18075,1,14620,1689901568
newOrder,12302,0,75390,1689901568
newOrder,24999,1,75390,1689901568
cancel,12302,,,1689902143
cancel,17426,,,1689902143
cancel,18075,,,1689902143
cancel,24999,,,1689902143
newOrder,17426,0,14625,1689902168
newOrder,18075,1,14625,1689902168
newOrder,15742,0,19986,1689902168
newOrder,24999,1,19986,1689902168
cancel,15742,,,1689902742
cancel,17426,,,1689902742
cancel,18075,,,1689902742
cancel,24999,,,1689902742
newOrder,17426,0,14629,1689902768
newOrder,18075,1,14629,1689902768
newOrder,12304,0,31168,1689902768
newOrder,24999,1,31168,1689902768
cancel,12304,,,1689903343
cancel,17426,,,1689903343
cancel,18075,,,1689903343
cancel,24999,,,1689903343
newOrder,17426,0,14633,1689903369
newOrder,18075,1,14633,1689903369
newOrder,12304,0,49569,1689903369
newOrder,24999,1,49569,1689903369
cancel,12304,,,1689903942
cancel,17426,,,1689903942
cancel,18075,,,1689903942
cancel,24999,,,1689903942
newOrder,17426,0,14638,1689903968
newOrder,18075,1,14638,1689903968
newOrder,15742,0,14865,1689903968
newOrder,19999,1,14865,1689903968
cancel,15742,,,1689904543
cancel,17426,,,1689904543
cancel,18075,,,1689904543
cancel,19999,,,1689904543
newOrder,17426,0,14642,1689904568
newOrder,18075,1,14642,1689904568
newOrder,12304,0,72304,1689904568
newOrder,24999,1,72304,1689904568
cancel,12304,,,1689905143
cancel,17426,,,1689905143
cancel,18075,,,1689905143
cancel,24999,,,1689905143
newOrder,17426,0,14647,1689905167
newOrder,18075,1,14647,1689905167
newOrder,12304,0,38055,1689905167
newOrder,24999,1,38055,1689905167
cancel,12304,,,1689905743
cancel,17426,,,1689905743
cancel,18075,,,1689905743
cancel,24999,,,1689905743
newOrder,17426,0,14651,1689905768
newOrder,18075,1,14651,1689905768
newOrder,12304,0,50967,1689905768
newOrder,24999,1,50967,1689905768
cancel,12304,,,1689906343
cancel,17426,,,1689906343
cancel,18075,,,1689906343
cancel,24999,,,1689906343
newOrder,17426,0,14655,1689906369
newOrder,18075,1,14655,1689906369
newOrder,15742,0,16744,1689906369
newOrder,24999,1,16744,1689906369
cancel,15742,,,1689906942
cancel,17426,,,1689906942
cancel,18075,,,1689906942
cancel,24999,,,1689906942
newOrder,17426,0,14660,1689906968
newOrder,18075,1,14660,1689906968
newOrder,15742,0,18455,1689906968
newOrder,24999,1,18455,1689906968
cancel,15742,,,1689907543
cancel,17426,,,1689907543
cancel,18075,,,1689907543
cancel,24999,,,1689907543
newOrder,17441,0,14672,1689907568
newOrder,18075,1,14672,1689907568
newOrder,12304,0,29413,1689907568
newOrder,24999,1,29413,1689907568
cancel,12304,,,1689908143
cancel,17441,,,1689908143
cancel,18075,,,1689908143
cancel,24999,,,1689908143
newOrder,17441,0,14677,1689908167
newOrder,18075,1,14677,1689908167
newOrder,12304,0,57686,1689908167
newOrder,24999,1,57686,1689908167
cancel,12304,,,1689908742
cancel,17441,,,1689908742
cancel,18075,,,1689908742
cancel,24999,,,1689908742
newOrder,17441,0,14681,1689908766
newOrder,18075,1,14681,1689908766
newOrder,12304,0,61705,1689908766
newOrder,24999,1,61705,1689908766
cancel,12304,,,1689909342
cancel,17441,,,1689909342
cancel,18075,,,1689909342
cancel,24999,,,1689909342
newOrder,17441,0,14686,1689909366
newOrder,18075,1,14686,1689909366
newOrder,15742,0,22991,1689909366
newOrder,24999,1,22991,1689909366
cancel,15742,,,1689909942
cancel,17441,,,1689909942
cancel,18075,,,1689909942
cancel,24999,,,1689909942
newOrder,17441,0,14690,1689909966
newOrder,18075,1,14690,1689909966
newOrder,12304,0,41929,1689909966
newOrder,24999,1,41929,1689909966
cancel,12304,,,1689910542
cancel,17441,,,1689910542
cancel,18075,,,1689910542
cancel,24999,,,1689910542
newOrder,17441,0,14694,1689910566
newOrder,18075,1,14694,1689910566
newOrder,15742,0,16558,1689910566
newOrder,24999,1,16558,1689910566
cancel,15742,,,1689911143
cancel,17441,,,1689911143
cancel,18075,,,1689911143
cancel,24999,,,1689911143
newOrder,17441,0,14699,1689911166
newOrder,18075,1,14699,1689911166
newOrder,15742,0,24684,1689911166
newOrder,24999,1,24684,1689911166
cancel,15742,,,1689911742
cancel,17441,,,1689911742
cancel,18075,,,1689911742
cancel,24999,,,1689911742
newOrder,17441,0,14703,1689911770
newOrder,18075,1,14703,1689911770
newOrder,12304,0,58022,1689911770
newOrder,24999,1,58022,1689911770
cancel,12304,,,1689912343
cancel,17441,,,1689912343
cancel,18075,,,1689912343
cancel,24999,,,1689912343
newOrder,17441,0,14708,1689912366
newOrder,18075,1,14708,1689912366
newOrder,12304,0,69351,1689912366
newOrder,24999,1,69351,1689912366
cancel,12304,,,1689912943
cancel,17441,,,1689912943
cancel,18075,,,1689912943
cancel,24999,,,1689912943
newOrder,17441,0,14712,1689912967
newOrder,18075,1,14712,1689912967
newOrder,15742,0,21574,1689912967
newOrder,24999,1,21574,1689912967
cancel,15742,,,1689913543
cancel,17441,,,1689913543
cancel,18075,,,1689913543
cancel,24999,,,1689913543
newOrder,17441,0,14717,1689913567
newOrder,18075,1,14717,1689913567
newOrder,12304,0,30867,1689913567
newOrder,24999,1,30867,1689913567
cancel,12304,,,1689914142
cancel,17441,,,1689914142
cancel,18075,,,1689914142
cancel,24999,,,1689914142
newOrder,17441,0,14721,1689914168
newOrder,18075,1,14721,1689914168
newOrder,15742,0,14536,1689914168
newOrder,19999,1,14536,1689914168
cancel,15742,,,1689914742
cancel,17441,,,1689914742
cancel,18075,,,1689914742
cancel,19999,,,1689914742
newOrder,17441,0,14725,1689914766
newOrder,18075,1,14725,1689914766
newOrder,15742,0,18983,1689914766
newOrder,24999,1,18983,1689914766
cancel,15742,,,1689915342
cancel,17441,,,1689915342
cancel,18075,,,1689915342
cancel,24999,,,1689915342
newOrder,17636,0,14787,1689915368
newOrder,18075,1,14787,1689915368
newOrder,12304,0,49303,1689915368
newOrder,24999,1,49303,1689915368
cancel,12304,,,1689915943
cancel,17636,,,1689915943
cancel,18075,,,1689915943
cancel,24999,,,1689915943
newOrder,17636,0,14792,1689915967
newOrder,18075,1,14792,1689915967
newOrder,12304,0,72121,1689915967
newOrder,24999,1,72121,1689915967
cancel,12304,,,1689916542
cancel,17636,,,1689916542
cancel,18075,,,1689916542
cancel,24999,,,1689916542
newOrder,17636,0,14796,1689916567
newOrder,18075,1,14796,1689916567
newOrder,12304,0,60839,1689916567
newOrder,24999,1,60839,1689916567
cancel,12304,,,1689917142
cancel,17636,,,1689917142
cancel,18075,,,1689917142
cancel,24999,,,1689917142
newOrder,17636,0,14801,1689917167
newOrder,18075,1,14801,1689917167
newOrder,12302,0,77348,1689917167
newOrder,24999,1,77348,1689917167
cancel,12302,,,1689917743
cancel,17636,,,1689917743
cancel,18075,,,1689917743
cancel,24999,,,1689917743
newOrder,17636,0,14805,1689917767
newOrder,18075,1,14805,1689917767
newOrder,12304,0,32834,1689917767
newOrder,24999,1,32834,1689917767
cancel,12304,,,1689918343
cancel,17636,,,1689918343
cancel,18075,,,1689918343
cancel,24999,,,1689918343
newOrder,17636,0,14810,1689918366
newOrder,18075,1,14810,1689918366
newOrder,12304,0,32920,1689918366
newOrder,24999,1,32920,1689918366
cancel,12304,,,1689918942
cancel,17636,,,1689918942
cancel,18075,,,1689918942
cancel,24999,,,1689918942
newOrder,17616,0,14813,1689918969
newOrder,18075,1,14813,1689918969
newOrder,15742,0,26335,1689918969
newOrder,24999,1,26335,1689918969
cancel,15742,,,1689919542
cancel,17616,,,1689919542
cancel,18075,,,1689919542
cancel,24999,,,1689919542
newOrder,17616,0,14818,1689919567
newOrder,18075,1,14818,1689919567
newOrder,15742,0,18832,1689919567
newOrder,24999,1,18832,1689919567
cancel,15742,,,1689920142
cancel,17616,,,1689920142
cancel,18075,,,1689920142
cancel,24999,,,1689920142
newOrder,17616,0,14822,1689920168
newOrder,18075,1,14822,1689920168
newOrder,12302,0,78783,1689920168
newOrder,24999,1,78783,1689920168
cancel,12302,,,1689920743
cancel,17616,,,1689920743
cancel,18075,,,1689920743
cancel,24999,,,1689920743
newOrder,17630,0,14828,1689920768
newOrder,18075,1,14828,1689920768
newOrder,12304,0,52553,1689920768
newOrder,24999,1,52553,1689920768
cancel,12304,,,1689921342
cancel,17630,,,1689921342
cancel,18075,,,1689921342
cancel,24999,,,1689921342
newOrder,17630,0,14833,1689921366
newOrder,18075,1,14833,1689921366
newOrder,12304,0,51205,1689921366
newOrder,24999,1,51205,1689921366
cancel,12304,,,1689921943
cancel,17630,,,1689921943
cancel,18075,,,1689921943
cancel,24999,,,1689921943
newOrder,17630,0,14837,1689921968
newOrder,18075,1,14837,1689921968
newOrder,12304,0,47632,1689921968
newOrder,24999,1,47632,1689921968
cancel,12304,,,1689922542
cancel,17630,,,1689922542
cancel,18075,,,1689922542
cancel,24999,,,1689922542
newOrder,17630,0,14842,1689922567
newOrder,18075,1,14842,1689922567
newOrder,12304,0,56946,1689922567
newOrder,24999,1,56946,1689922567
cancel,12304,,,1689923142
cancel,17630,,,1689923142
cancel,18075,,,1689923142
cancel,24999,,,1689923142
newOrder,17630,0,14846,1689923165
newOrder,18075,1,14846,1689923165
newOrder,12304,0,49553,1689923165
newOrder,24999,1,49553,1689923165
cancel,12304,,,1689923743
cancel,17630,,,1689923743
cancel,18075,,,1689923743
cancel,24999,,,1689923743
newOrder,17630,0,14851,1689923767
newOrder,18075,1,14851,1689923767
newOrder,15742,0,10874,1689923767
newOrder,19999,1,10874,1689923767
cancel,15742,,,1689924343
cancel,17630,,,1689924343
cancel,18075,,,1689924343
cancel,19999,,,1689924343
newOrder,17630,0,14856,1689924368
newOrder,18075,1,14856,1689924368
newOrder,15742,0,15594,1689924368
newOrder,19999,1,15594,1689924368
cancel,15742,,,1689924942
cancel,17630,,,1689924942
cancel,18075,,,1689924942
cancel,19999,,,1689924942
newOrder,17630,0,14860,1689924967
newOrder,18075,1,14860,1689924967
newOrder,12304,0,33989,1689924967
newOrder,24999,1,33989,1689924967
cancel,12304,,,1689925543
cancel,17630,,,1689925543
cancel,18075,,,1689925543
cancel,24999,,,1689925543
newOrder,17630,0,14865,1689925568
newOrder,18075,1,14865,1689925568
newOrder,12304,0,47562,1689925568
newOrder,24999,1,47562,1689925568
cancel,12304,,,1689926143
cancel,17630,,,1689926143
cancel,18075,,,1689926143
cancel,24999,,,1689926143
newOrder,17630,0,14870,1689926168
newOrder,18075,1,14870,1689926168
newOrder,12304,0,49038,1689926168
newOrder,24999,1,49038,1689926168
cancel,12304,,,1689926742
cancel,17630,,,1689926742
cancel,18075,,,1689926742
cancel,24999,,,1689926742
newOrder,17630,0,14874,1689926767
newOrder,18075,1,14874,1689926767
newOrder,12302,0,76542,1689926767
newOrder,24999,1,76542,1689926767
cancel,12302,,,1689927342
cancel,17630,,,1689927342
cancel,18075,,,1689927342
cancel,24999,,,1689927342
newOrder,17630,0,14879,1689927367
newOrder,18075,1,14879,1689927367
newOrder,12304,0,44199,1689927367
newOrder,24999,1,44199,1689927367
cancel,12304,,,1689927942
cancel,17630,,,1689927942
cancel,18075,,,1689927942
cancel,24999,,,1689927942
newOrder,17630,0,14883,1689927966
newOrder,18075,1,14883,1689927966
newOrder,15742,0,14948,1689927966
newOrder,19999,1,14948,1689927966
cancel,15742,,,1689928542
cancel,17630,,,1689928542
cancel,18075,,,1689928542
cancel,19999,,,1689928542
newOrder,17630,0,14888,1689928567
newOrder,18075,1,14888,1689928567
newOrder,12304,0,33177,1689928567
newOrder,24999,1,33177,1689928567
cancel,12304,,,1689929142
cancel,17630,,,1689929142
cancel,18075,,,1689929142
cancel,24999,,,1689929142
newOrder,17630,0,14893,1689929166
newOrder,18075,1,14893,1689929166
newOrder,12304,0,36900,1689929166
newOrder,24999,1,36900,1689929166
cancel,12304,,,1689929743
cancel,17630,,,1689929743
cancel,18075,,,1689929743
cancel,24999,,,1689929743
newOrder,17630,0,14897,1689929768
newOrder,18075,1,14897,1689929768
newOrder,12304,0,64163,1689929768
newOrder,24999,1,64163,1689929768
cancel,12304,,,1689930342
cancel,17630,,,1689930342
cancel,18075,,,1689930342
cancel,24999,,,1689930342
newOrder,17630,0,14902,1689930369
newOrder,18075,1,14902,1689930369
newOrder,12304,0,28708,1689930369
newOrder,24999,1,28708,1689930369
cancel,12304,,,1689930942
cancel,17630,,,1689930942
cancel,18075,,,1689930942
cancel,24999,,,1689930942
newOrder,17540,0,14889,1689930966
newOrder,18075,1,14889,1689930966
newOrder,15742,0,16824,1689930966
newOrder,24999,1,16824,1689930966
cancel,15742,,,1689931542
cancel,17540,,,1689931542
cancel,18075,,,1689931542
cancel,24999,,,1689931542
newOrder,17540,0,14894,1689931567
newOrder,18075,1,14894,1689931567
newOrder,12304,0,61344,1689931567
newOrder,24999,1,61344,1689931567
cancel,12304,,,1689932142
cancel,17540,,,1689932142
cancel,18075,,,1689932142
cancel,24999,,,1689932142
newOrder,17540,0,14898,1689932167
newOrder,18075,1,14898,1689932167
newOrder,12304,0,58075,1689932167
newOrder,24999,1,58075,1689932167
cancel,12304,,,1689932743
cancel,17540,,,1689932743
cancel,18075,,,1689932743
cancel,24999,,,1689932743
newOrder,17540,0,14903,1689932768
newOrder,18075,1,14903,1689932768
newOrder,12304,0,39208,1689932768
newOrder,24999,1,39208,1689932768
cancel,12304,,,1689933342
cancel,17540,,,1689933342
cancel,18075,,,1689933342
cancel,24999,,,1689933342
newOrder,17540,0,14908,1689933367
newOrder,18075,1,14908,1689933367
newOrder,15742,0,18127,1689933367
newOrder,24999,1,18127,1689933367
cancel,15742,,,1689933942
cancel,17540,,,1689933942
cancel,18075,,,1689933942
cancel,24999,,,1689933942
newOrder,17540,0,14912,1689933966
newOrder,18075,1,14912,1689933966
newOrder,12304,0,39754,1689933966
newOrder,24999,1,39754,1689933966
cancel,12304,,,1689934542
cancel,17540,,,1689934542
cancel,18075,,,1689934542
cancel,24999,,,1689934542
newOrder,17540,0,14917,1689934567
newOrder,18075,1,14917,1689934567
newOrder,15742,0,22341,1689934567
newOrder,24999,1,22341,1689934567
cancel,15742,,,1689935143
cancel,17540,,,1689935143
cancel,18075,,,1689935143
cancel,24999,,,1689935143
newOrder,17540,0,14922,1689935166
newOrder,18075,1,14922,1689935166
newOrder,15742,0,26713,1689935166
newOrder,24999,1,26713,1689935166
cancel,15742,,,1689935742
cancel,17540,,,1689935742
cancel,18075,,,1689935742
cancel,24999,,,1689935742
newOrder,17540,0,14926,1689935766
newOrder,18075,1,14926,1689935766
newOrder,12304,0,39614,1689935766
newOrder,24999,1,39614,1689935766
cancel,12304,,,1689936343
cancel,17540,,,1689936343
cancel,18075,,,1689936343
cancel,24999,,,1689936343
newOrder,17540,0,14931,1689936366
newOrder,18075,1,14931,1689936366
newOrder,12304,0,61694,1689936366
newOrder,24999,1,61694,1689936366
cancel,12304,,,1689936943
cancel,17540,,,1689936943
cancel,18075,,,1689936943
cancel,24999,,,1689936943
newOrder,17540,0,14936,1689936968
newOrder,18075,1,14936,1689936968
newOrder,12302,0,79501,1689936968
newOrder,24999,1,79501,1689936968
cancel,12302,,,1689937542
cancel,17540,,,1689937542
cancel,18075,,,1689937542
cancel,24999,,,1689937542
newOrder,17540,0,14940,1689937566
newOrder,18075,1,14940,1689937566
newOrder,12302,0,75983,1689937566
newOrder,24999,1,75983,1689937566
cancel,12302,,,1689938142
cancel,17540,,,1689938142
cancel,18075,,,1689938142
cancel,24999,,,1689938142
newOrder,17540,0,14945,1689938168
newOrder,18075,1,14945,1689938168
newOrder,12304,0,57413,1689938168
newOrder,24999,1,57413,1689938168
cancel,12304,,,1689938742
cancel,17540,,,1689938742
cancel,18075,,,1689938742
cancel,24999,,,1689938742
newOrder,17540,0,14950,1689938768
newOrder,18075,1,14950,1689938768
newOrder,15742,0,22761,1689938768
newOrder,24999,1,22761,1689938768
cancel,15742,,,1689939343
cancel,17540,,,1689939343
cancel,18075,,,1689939343
cancel,24999,,,1689939343
newOrder,17540,0,14954,1689939367
newOrder,18075,1,14954,1689939367
newOrder,12304,0,35546,1689939367
newOrder,24999,1,35546,1689939367
cancel,12304,,,1689939942
cancel,17540,,,1689939942
cancel,18075,,,1689939942
cancel,24999,,,1689939942
newOrder,17540,0,14959,1689939967
newOrder,18075,1,14959,1689939967
newOrder,12304,0,49281,1689939967
newOrder,24999,1,49281,1689939967
cancel,12304,,,1689940542
cancel,17540,,,1689940542
cancel,18075,,,1689940542
cancel,24999,,,1689940542
newOrder,17540,0,14964,1689940567
newOrder,18075,1,14964,1689940567
newOrder,12302,0,79314,1689940567
newOrder,24999,1,79314,1689940567
cancel,12302,,,1689941142
cancel,17540,,,1689941142
cancel,18075,,,1689941142
cancel,24999,,,1689941142
newOrder,17540,0,14968,1689941168
newOrder,18075,1,14968,1689941168
newOrder,12304,0,29071,1689941168
newOrder,24999,1,29071,1689941168