instruction,price,side,qty,time
cancel,11950,,,1680178545
cancel,19916,,,1680178545
cancel,20271,,,1680178545
cancel,24999,,,1680178545
newOrder,19916,0,39225,1680178572
newOrder,20184,1,39225,1680178572
newOrder,11950,0,197605,1680178572
newOrder,24999,1,197605,1680178572
cancel,11950,,,1680179145
cancel,19916,,,1680179145
cancel,20184,,,1680179145
cancel,24999,,,1680179145
newOrder,19916,0,39287,1680179173
newOrder,20184,1,39287,1680179173
newOrder,11950,0,123240,1680179173
newOrder,24999,1,123240,1680179173
cancel,11950,,,1680179745
cancel,19916,,,1680179745
cancel,20184,,,1680179745
cancel,24999,,,1680179745
newOrder,19916,0,39349,1680179772
newOrder,20184,1,39349,1680179772
newOrder,11950,0,145528,1680179772
newOrder,24999,1,145528,1680179772
cancel,11950,,,1680180345
cancel,19916,,,1680180345
cancel,20184,,,1680180345
cancel,24999,,,1680180345
newOrder,19916,0,39411,1680180372
newOrder,20184,1,39411,1680180372
newOrder,11950,0,92248,1680180372
newOrder,24999,1,92248,1680180372
cancel,11950,,,1680180945
cancel,19916,,,1680180945
cancel,20184,,,1680180945
cancel,24999,,,1680180945
newOrder,19916,0,39473,1680180971
newOrder,20184,1,39473,1680180971
newOrder,11950,0,212655,1680180971
newOrder,24999,1,212655,1680180971
cancel,11950,,,1680181545
cancel,19916,,,1680181545
cancel,20184,,,1680181545
cancel,24999,,,1680181545
newOrder,19916,0,39570,1680181572
newOrder,20175,1,39570,1680181572
newOrder,11950,0,79975,1680181572
newOrder,24999,1,79975,1680181572
cancel,11950,,,1680182144
cancel,19916,,,1680182144
cancel,20175,,,1680182144
cancel,24999,,,1680182144
newOrder,19916,0,39633,1680182171
newOrder,20175,1,39633,1680182171
newOrder,11950,0,203815,1680182171
newOrder,24999,1,203815,1680182171
cancel,11950,,,1680182748
cancel,19916,,,1680182748
cancel,20175,,,1680182748
cancel,24999,,,1680182748
newOrder,19916,0,39697,1680182773
newOrder,20175,1,39697,1680182773
newOrder,11950,0,155068,1680182773
newOrder,24999,1,155068,1680182773
cancel,11950,,,1680183345
cancel,19916,,,1680183345
cancel,20175,,,1680183345
cancel,24999,,,1680183345
newOrder,19916,0,39761,1680183373
newOrder,20175,1,39761,1680183373
newOrder,11950,0,119069,1680183373
newOrder,24999,1,119069,1680183373
cancel,11950,,,1680183946
cancel,19916,,,1680183946
cancel,20175,,,1680183946
cancel,24999,,,1680183946
newOrder,19916,0,39825,1680183973
newOrder,20175,1,39825,1680183973
newOrder,11950,0,150854,1680183973
newOrder,24999,1,150854,1680183973
cancel,11950,,,1680184544
cancel,19916,,,1680184544
cancel,20175,,,1680184544
cancel,24999,,,1680184544
newOrder,19916,0,39890,1680184571
newOrder,20175,1,39890,1680184571
newOrder,13006,0,30561,1680184571
newOrder,22584,1,30561,1680184571
cancel,13006,,,1680185145
cancel,19916,,,1680185145
cancel,20175,,,1680185145
cancel,22584,,,1680185145
newOrder,19916,0,39568,1680185172
newOrder,20254,1,39568,1680185172
newOrder,11950,0,163550,1680185172
newOrder,24999,1,163550,1680185172
cancel,11950,,,1680185745
cancel,19916,,,1680185745
cancel,20254,,,1680185745
cancel,24999,,,1680185745
newOrder,19916,0,39631,1680185771
newOrder,20254,1,39631,1680185771
newOrder,11950,0,71042,1680185771
newOrder,24999,1,71042,1680185771
cancel,11950,,,1680186345
cancel,19916,,,1680186345
cancel,20254,,,1680186345
cancel,24999,,,1680186345
newOrder,19916,0,39696,1680186372
newOrder,20254,1,39696,1680186372
newOrder,11950,0,178102,1680186372
newOrder,24999,1,178102,1680186372
cancel,11950,,,1680186945
cancel,19916,,,1680186945
cancel,20254,,,1680186945
cancel,24999,,,1680186945
newOrder,19916,0,39776,1680186975
newOrder,20251,1,39776,1680186975
newOrder,11950,0,67108,1680186975
newOrder,24999,1,67108,1680186975
cancel,11950,,,1680187545
cancel,19916,,,1680187545
cancel,20251,,,1680187545
cancel,24999,,,1680187545
newOrder,19916,0,39840,1680187573
newOrder,20251,1,39840,1680187573
newOrder,13006,0,42097,1680187573
newOrder,24999,1,42097,1680187573
cancel,13006,,,1680188145
cancel,19916,,,1680188145
cancel,20251,,,1680188145
cancel,24999,,,1680188145
newOrder,19916,0,39905,1680188173
newOrder,20251,1,39905,1680188173
newOrder,13006,0,43136,1680188173
newOrder,24999,1,43136,1680188173
cancel,13006,,,1680188744
cancel,19916,,,1680188744
cancel,20251,,,1680188744
cancel,24999,,,1680188744
newOrder,19916,0,39971,1680188772
newOrder,20251,1,39971,1680188772
newOrder,11950,0,125974,1680188772
newOrder,24999,1,125974,1680188772
cancel,11950,,,1680189344
cancel,19916,,,1680189344
cancel,20251,,,1680189344
cancel,24999,,,1680189344
newOrder,19916,0,40037,1680189378
newOrder,20251,1,40037,1680189378
newOrder,13006,0,35766,1680189378
newOrder,22584,1,35766,1680189378
cancel,13006,,,1680189944
cancel,19916,,,1680189944
cancel,20251,,,1680189944
cancel,22584,,,1680189944
newOrder,19916,0,40103,1680189973
newOrder,20251,1,40103,1680189973
newOrder,11950,0,206672,1680189973
newOrder,24999,1,206672,1680189973
cancel,11950,,,1680190545
cancel,19916,,,1680190545
cancel,20251,,,1680190545
cancel,24999,,,1680190545
newOrder,19916,0,40169,1680190572
newOrder,20251,1,40169,1680190572
newOrder,11950,0,79414,1680190572
newOrder,24999,1,79414,1680190572
cancel,11950,,,1680191145
cancel,19916,,,1680191145
cancel,20251,,,1680191145
cancel,24999,,,1680191145
newOrder,19916,0,40236,1680191173
newOrder,20251,1,40236,1680191173
newOrder,13006,0,49487,1680191173
newOrder,24999,1,49487,1680191173
cancel,13006,,,1680191748
cancel,19916,,,1680191748
cancel,20251,,,1680191748
cancel,24999,,,1680191748
newOrder,19916,0,40306,1680191792
newOrder,20251,1,40306,1680191792
newOrder,11950,0,103809,1680191792
newOrder,24999,1,103809,1680191792
cancel,11950,,,1680192345
cancel,19916,,,1680192345
cancel,20251,,,1680192345
cancel,24999,,,1680192345
newOrder,19916,0,40371,1680192375
newOrder,20251,1,40371,1680192375
newOrder,11950,0,198911,1680192375
newOrder,24999,1,198911,1680192375
cancel,11950,,,1680192945
cancel,19916,,,1680192945
cancel,20251,,,1680192945
cancel,24999,,,1680192945
newOrder,19916,0,40439,1680192971
newOrder,20251,1,40439,1680192971
newOrder,11950,0,177664,1680192971
newOrder,24999,1,177664,1680192971
cancel,11950,,,1680193546
cancel,19916,,,1680193546
cancel,20251,,,1680193546
cancel,24999,,,1680193546
newOrder,19916,0,40509,1680193585
newOrder,20251,1,40509,1680193585
newOrder,11950,0,192052,1680193585
newOrder,24999,1,192052,1680193585
cancel,11950,,,1680194148
cancel,19916,,,1680194148
cancel,20251,,,1680194148
cancel,24999,,,1680194148
newOrder,19916,0,40579,1680194199
newOrder,20251,1,40579,1680194199
newOrder,11950,0,62748,1680194199
newOrder,24999,1,62748,1680194199
cancel,11950,,,1680194745
cancel,19916,,,1680194745
cancel,20251,,,1680194745
cancel,24999,,,1680194745
newOrder,19916,0,40454,1680194771
newOrder,20280,1,40454,1680194771
newOrder,11950,0,165457,1680194771
newOrder,24999,1,165457,1680194771
cancel,11950,,,1680195344
cancel,19916,,,1680195344
cancel,20280,,,1680195344
cancel,24999,,,1680195344
newOrder,19916,0,39821,1680195372
newOrder,20366,1,39821,1680195372
newOrder,11950,0,140131,1680195372
newOrder,24999,1,140131,1680195372
cancel,11950,,,1680195945
cancel,19916,,,1680195945
cancel,20366,,,1680195945
cancel,24999,,,1680195945
newOrder,19916,0,39887,1680195972
newOrder,20366,1,39887,1680195972
newOrder,13006,0,37141,1680195972
newOrder,22584,1,37141,1680195972
cancel,13006,,,1680196545
cancel,19916,,,1680196545
cancel,20366,,,1680196545
cancel,22584,,,1680196545
newOrder,19916,0,40325,1680198373
newOrder,20347,1,40325,1680198373
newOrder,11950,0,105848,1680198373
newOrder,24999,1,105848,1680198373
cancel,11950,,,1680198944
cancel,19916,,,1680198944
cancel,20347,,,1680198944
cancel,24999,,,1680198944
newOrder,19916,0,40393,1680198971
newOrder,20347,1,40393,1680198971
newOrder,11953,0,56615,1680198971
newOrder,24999,1,56615,1680198971
cancel,11953,,,1680199545
cancel,19916,,,1680199545
cancel,20347,,,1680199545
cancel,24999,,,1680199545
newOrder,19916,0,40462,1680199571
newOrder,20347,1,40462,1680199571
newOrder,11950,0,108451,1680199571
newOrder,24999,1,108451,1680199571
cancel,11950,,,1680200145
cancel,19916,,,1680200145
cancel,20347,,,1680200145
cancel,24999,,,1680200145
newOrder,19916,0,40792,1680200172
newOrder,20317,1,40792,1680200172
newOrder,11950,0,148048,1680200172
newOrder,24999,1,148048,1680200172
cancel,11950,,,1680200744
cancel,19916,,,1680200744
cancel,20317,,,1680200744
cancel,24999,,,1680200744
newOrder,19916,0,40609,1680200771
newOrder,20346,1,40609,1680200771
newOrder,11950,0,113765,1680200771
newOrder,24999,1,113765,1680200771
cancel,11950,,,1680201345
cancel,19916,,,1680201345
cancel,20346,,,1680201345
cancel,24999,,,1680201345
newOrder,19916,0,40670,1680201372
newOrder,20347,1,40670,1680201372
newOrder,11950,0,181373,1680201372
newOrder,24999,1,181373,1680201372
cancel,11950,,,1680201945
cancel,19916,,,1680201945
cancel,20347,,,1680201945
cancel,24999,,,1680201945
newOrder,19916,0,40741,1680201971
newOrder,20347,1,40741,1680201971
newOrder,11950,0,145579,1680201971
newOrder,24999,1,145579,1680201971
cancel,11950,,,1680202545
cancel,19916,,,1680202545
cancel,20347,,,1680202545
cancel,24999,,,1680202545
newOrder,19916,0,41079,1680202572
newOrder,20317,1,41079,1680202572
newOrder,11950,0,198722,1680202572
newOrder,24999,1,198722,1680202572
cancel,11950,,,1680203144
cancel,19916,,,1680203144
cancel,20317,,,1680203144
cancel,24999,,,1680203144
newOrder,19916,0,41151,1680203171
newOrder,20317,1,41151,1680203171
newOrder,11950,0,97058,1680203171
newOrder,24999,1,97058,1680203171
cancel,11950,,,1680203745
cancel,19916,,,1680203745
cancel,20317,,,1680203745
cancel,24999,,,1680203745
newOrder,19916,0,41227,1680203771
newOrder,20317,1,41227,1680203771
newOrder,13006,0,29219,1680203771
newOrder,22584,1,29219,1680203771
cancel,13006,,,1680204346
cancel,19916,,,1680204346
cancel,20317,,,1680204346
cancel,22584,,,1680204346
newOrder,19916,0,41026,1680204372
newOrder,20347,1,41026,1680204372
newOrder,13006,0,43483,1680204372
newOrder,24999,1,43483,1680204372
cancel,13006,,,1680204945
cancel,19916,,,1680204945
cancel,20347,,,1680204945
cancel,24999,,,1680204945
newOrder,19916,0,41098,1680204972
newOrder,20347,1,41098,1680204972
newOrder,11950,0,79984,1680204972
newOrder,24999,1,79984,1680204972
cancel,11950,,,1680205545
cancel,19916,,,1680205545
cancel,20347,,,1680205545
cancel,24999,,,1680205545
newOrder,19916,0,41170,1680205572
newOrder,20347,1,41170,1680205572
newOrder,13006,0,35144,1680205572
newOrder,22584,1,35144,1680205572
cancel,13006,,,1680206145
cancel,19916,,,1680206145
cancel,20347,,,1680206145
cancel,22584,,,1680206145
newOrder,19916,0,41244,1680206172
newOrder,20347,1,41244,1680206172
newOrder,11950,0,184883,1680206172
newOrder,24999,1,184883,1680206172
cancel,11950,,,1680206745
cancel,19916,,,1680206745
cancel,20347,,,1680206745
cancel,24999,,,1680206745
newOrder,19916,0,41317,1680206773
newOrder,20347,1,41317,1680206773
newOrder,13006,0,39649,1680206773
newOrder,22584,1,39649,1680206773
cancel,13006,,,1680207345
cancel,19916,,,1680207345
cancel,20347,,,1680207345
cancel,22584,,,1680207345
newOrder,19916,0,41391,1680207373
newOrder,20347,1,41391,1680207373
newOrder,11950,0,95587,1680207373
newOrder,24999,1,95587,1680207373
cancel,11950,,,1680207945
cancel,19916,,,1680207945
cancel,20347,,,1680207945
cancel,24999,,,1680207945
newOrder,19916,0,41347,1680207973
newOrder,20359,1,41347,1680207973
newOrder,11950,0,104307,1680207973
newOrder,24999,1,104307,1680207973
cancel,11950,,,1680208545
cancel,19916,,,1680208545
cancel,20359,,,1680208545
cancel,24999,,,1680208545
newOrder,19916,0,41421,1680208572
newOrder,20359,1,41421,1680208572
newOrder,11950,0,101891,1680208572
newOrder,24999,1,101891,1680208572
cancel,11950,,,1680209143
cancel,19916,,,1680209143
cancel,20359,,,1680209143
cancel,24999,,,1680209143
newOrder,19916,0,41486,1680209176
newOrder,20360,1,41486,1680209176
newOrder,11950,0,148191,1680209176
newOrder,24999,1,148191,1680209176
cancel,11950,,,1680209745
cancel,19916,,,1680209745
cancel,20360,,,1680209745
cancel,24999,,,1680209745
newOrder,19916,0,41560,1680209773
newOrder,20360,1,41560,1680209773
newOrder,13006,0,51184,1680209773
newOrder,24999,1,51184,1680209773
cancel,13006,,,1680210345
cancel,19916,,,1680210345
cancel,20360,,,1680210345
cancel,24999,,,1680210345
newOrder,19916,0,40494,1680210373
newOrder,20457,1,40494,1680210373
newOrder,11950,0,126447,1680210373
newOrder,24999,1,126447,1680210373
cancel,11950,,,1680212145
cancel,19916,,,1680212145
cancel,20688,,,1680212145
cancel,24999,,,1680212145
newOrder,19916,0,37944,1680212172
newOrder,20636,1,37944,1680212172
newOrder,11950,0,110536,1680212172
newOrder,24999,1,110536,1680212172
cancel,11950,,,1680212745
cancel,19916,,,1680212745
cancel,20636,,,1680212745
cancel,24999,,,1680212745
newOrder,19916,0,37999,1680212772
newOrder,20636,1,37999,1680212772
newOrder,11950,0,166696,1680212772
newOrder,24999,1,166696,1680212772
cancel,11950,,,1680213345
cancel,19916,,,1680213345
cancel,20636,,,1680213345
cancel,24999,,,1680213345
newOrder,19916,0,38061,1680213371
newOrder,20635,1,38061,1680213371
newOrder,11950,0,100447,1680213371
newOrder,24999,1,100447,1680213371
cancel,11950,,,1680213945
cancel,19916,,,1680213945
cancel,20635,,,1680213945
cancel,24999,,,1680213945
newOrder,19916,0,37572,1680213970
newOrder,20665,1,37572,1680213970
newOrder,13006,0,44541,1680213970
newOrder,24999,1,44541,1680213970
cancel,13006,,,1680214545
cancel,19916,,,1680214545
cancel,20665,,,1680214545
cancel,24999,,,1680214545
newOrder,19916,0,37625,1680214571
newOrder,20665,1,37625,1680214571
newOrder,11950,0,59100,1680214571
newOrder,24999,1,59100,1680214571
cancel,11950,,,1680215145
cancel,19916,,,1680215145
cancel,20665,,,1680215145
cancel,24999,,,1680215145
newOrder,19916,0,38238,1680215171
newOrder,20635,1,38238,1680215171
newOrder,11950,0,177809,1680215171
newOrder,24999,1,177809,1680215171
cancel,11950,,,1680215744
cancel,19916,,,1680215744
cancel,20635,,,1680215744
cancel,24999,,,1680215744
newOrder,19916,0,38276,1680215773
newOrder,20636,1,38276,1680215773
newOrder,13006,0,41634,1680215773
newOrder,24999,1,41634,1680215773
cancel,13006,,,1680216345
cancel,19916,,,1680216345
cancel,20636,,,1680216345
cancel,24999,,,1680216345
newOrder,19916,0,38353,1680216370
newOrder,20635,1,38353,1680216370
newOrder,11950,0,188141,1680216370
newOrder,24999,1,188141,1680216370
cancel,11950,,,1680216945
cancel,19916,,,1680216945
cancel,20635,,,1680216945
cancel,24999,,,1680216945
newOrder,19916,0,38395,1680216971
newOrder,20635,1,38395,1680216971
newOrder,11950,0,67144,1680216971
newOrder,24999,1,67144,1680216971
cancel,11950,,,1680217545
cancel,19916,,,1680217545
cancel,20635,,,1680217545
cancel,24999,,,1680217545
newOrder,19916,0,38452,1680217572
newOrder,20635,1,38452,1680217572
newOrder,13006,0,48837,1680217572
newOrder,24999,1,48837,1680217572
cancel,13006,,,1680218145
cancel,19916,,,1680218145
cancel,20635,,,1680218145
cancel,24999,,,1680218145
newOrder,19916,0,38504,1680218172
newOrder,20636,1,38504,1680218172
newOrder,11950,0,178449,1680218172
newOrder,24999,1,178449,1680218172
cancel,11950,,,1680218744
cancel,19916,,,1680218744
cancel,20636,,,1680218744
cancel,24999,,,1680218744
newOrder,19916,0,38574,1680218772
newOrder,20635,1,38574,1680218772
newOrder,11950,0,157511,1680218772
newOrder,24999,1,157511,1680218772
cancel,11950,,,1680219345
cancel,19916,,,1680219345
cancel,20635,,,1680219345
cancel,24999,,,1680219345
newOrder,19916,0,36907,1680219371
newOrder,20724,1,36907,1680219371
newOrder,11950,0,179413,1680219371
newOrder,24999,1,179413,1680219371
cancel,11950,,,1680219945
cancel,19916,,,1680219945
cancel,20724,,,1680219945
cancel,24999,,,1680219945
newOrder,19916,0,36955,1680219970
newOrder,20724,1,36955,1680219970
newOrder,11950,0,109509,1680219970
newOrder,24999,1,109509,1680219970
cancel,11950,,,1680220545
cancel,19916,,,1680220545
cancel,20724,,,1680220545
cancel,24999,,,1680220545
newOrder,19916,0,37003,1680220572
newOrder,20724,1,37003,1680220572
newOrder,11950,0,111314,1680220572
newOrder,24999,1,111314,1680220572
cancel,11950,,,1680221147
cancel,19916,,,1680221147
cancel,20724,,,1680221147
cancel,24999,,,1680221147
newOrder,19916,0,36447,1680221173
newOrder,20753,1,36447,1680221173
newOrder,13006,0,44120,1680221173
newOrder,24999,1,44120,1680221173
cancel,13006,,,1680221744
cancel,19916,,,1680221744
cancel,20753,,,1680221744
cancel,24999,,,1680221744
newOrder,19916,0,36492,1680221772
newOrder,20753,1,36492,1680221772
newOrder,11950,0,60196,1680221772
newOrder,24999,1,60196,1680221772
cancel,11950,,,1680222344
cancel,19916,,,1680222344
cancel,20753,,,1680222344
cancel,24999,,,1680222344
newOrder,19916,0,38279,1680222373
newOrder,20668,1,38279,1680222373
newOrder,11950,0,145586,1680222373
newOrder,24999,1,145586,1680222373
cancel,11950,,,1680222945
cancel,19916,,,1680222945
cancel,20668,,,1680222945
cancel,24999,,,1680222945
newOrder,19916,0,38324,1680222972
newOrder,20669,1,38324,1680222972
newOrder,13006,0,42003,1680222972
newOrder,24999,1,42003,1680222972
cancel,13006,,,1680223545
cancel,19916,,,1680223545
cancel,20669,,,1680223545
cancel,24999,,,1680223545
newOrder,19916,0,38369,1680223572
newOrder,20669,1,38369,1680223572
newOrder,11950,0,110157,1680223572
newOrder,24999,1,110157,1680223572
cancel,11950,,,1680224145
cancel,19916,,,1680224145
cancel,20669,,,1680224145
cancel,24999,,,1680224145
newOrder,19916,0,38446,1680224169
newOrder,20668,1,38446,1680224169
newOrder,11950,0,150758,1680224169
newOrder,24999,1,150758,1680224169
cancel,11950,,,1680224745
cancel,19916,,,1680224745
cancel,20668,,,1680224745
cancel,24999,,,1680224745
newOrder,19916,0,38150,1680224772
newOrder,20685,1,38150,1680224772
newOrder,11950,0,192961,1680224772
newOrder,24999,1,192961,1680224772
cancel,11950,,,1680225345
cancel,19916,,,1680225345
cancel,20685,,,1680225345
cancel,24999,,,1680225345
newOrder,19916,0,38226,1680225372
newOrder,20684,1,38226,1680225372
newOrder,13003,0,53349,1680225372
newOrder,24999,1,53349,1680225372
cancel,13003,,,1680225945
cancel,19916,,,1680225945
cancel,20684,,,1680225945
cancel,24999,,,1680225945
newOrder,19916,0,38248,1680225970
newOrder,20686,1,38248,1680225970
newOrder,11950,0,121087,1680225970
newOrder,24999,1,121087,1680225970
cancel,11950,,,1680226545
cancel,19916,,,1680226545
cancel,20686,,,1680226545
cancel,24999,,,1680226545
newOrder,19916,0,38357,1680226572
newOrder,20683,1,38357,1680226572
newOrder,11950,0,178204,1680226572
newOrder,24999,1,178204,1680226572
cancel,11950,,,1680227145
cancel,19916,,,1680227145
cancel,20683,,,1680227145
cancel,24999,,,1680227145
newOrder,19916,0,36776,1680227172
newOrder,20758,1,36776,1680227172
newOrder,11950,0,119547,1680227172
newOrder,24999,1,119547,1680227172
cancel,11950,,,1680227745
cancel,19916,,,1680227745
cancel,20758,,,1680227745
cancel,24999,,,1680227745
newOrder,19916,0,37485,1680230172
newOrder,20737,1,37485,1680230172
newOrder,11950,0,118805,1680230172
newOrder,24999,1,118805,1680230172
cancel,11950,,,1680230745
cancel,19916,,,1680230745
cancel,20737,,,1680230745
cancel,24999,,,1680230745
newOrder,19916,0,36857,1680230771
newOrder,20767,1,36857,1680230771
newOrder,11950,0,128996,1680230771
newOrder,24999,1,128996,1680230771
cancel,11950,,,1680231345
cancel,19916,,,1680231345
cancel,20767,,,1680231345
cancel,24999,,,1680231345
newOrder,19916,0,36902,1680231371
newOrder,20767,1,36902,1680231371
newOrder,11950,0,142890,1680231371
newOrder,24999,1,142890,1680231371
cancel,11950,,,1680231945
cancel,19916,,,1680231945
cancel,20767,,,1680231945
cancel,24999,,,1680231945
newOrder,19916,0,34517,1680231971
newOrder,20867,1,34517,1680231971
newOrder,11950,0,160886,1680231971
newOrder,24999,1,160886,1680231971
cancel,11950,,,1680232545
cancel,19916,,,1680232545
cancel,20867,,,1680232545
cancel,24999,,,1680232545
newOrder,19916,0,33411,1680232572
newOrder,20912,1,33411,1680232572
newOrder,11950,0,151085,1680232572
newOrder,24999,1,151085,1680232572
cancel,11950,,,1680233144
cancel,19916,,,1680233144
cancel,20912,,,1680233144
cancel,24999,,,1680233144
newOrder,19916,0,33435,1680233171
newOrder,20912,1,33435,1680233171
newOrder,11950,0,94863,1680233171
newOrder,24999,1,94863,1680233171
cancel,11950,,,1680233745
cancel,19916,,,1680233745
cancel,20912,,,1680233745
cancel,24999,,,1680233745
newOrder,19916,0,33460,1680233771
newOrder,20912,1,33460,1680233771
newOrder,11950,0,72363,1680233771
newOrder,24999,1,72363,1680233771
cancel,11950,,,1680234345
cancel,19916,,,1680234345
cancel,20912,,,1680234345
cancel,24999,,,1680234345
newOrder,19916,0,33484,1680234371
newOrder,20912,1,33484,1680234371
newOrder,11950,0,83808,1680234371
newOrder,24999,1,83808,1680234371
cancel,11950,,,1680234944
cancel,19916,,,1680234944
cancel,20912,,,1680234944
cancel,24999,,,1680234944
newOrder,19916,0,33508,1680234972
newOrder,20912,1,33508,1680234972
newOrder,11950,0,152355,1680234972
newOrder,24999,1,152355,1680234972
cancel,11950,,,1680235545
cancel,19916,,,1680235545
cancel,20912,,,1680235545
cancel,24999,,,1680235545
newOrder,19916,0,33532,1680235571
newOrder,20912,1,33532,1680235571
newOrder,11950,0,176827,1680235571
newOrder,24999,1,176827,1680235571
cancel,11950,,,1680236145
cancel,19916,,,1680236145
cancel,20912,,,1680236145
cancel,24999,,,1680236145
newOrder,19916,0,33556,1680236172
newOrder,20912,1,33556,1680236172
newOrder,11950,0,125870,1680236172
newOrder,24999,1,125870,1680236172
cancel,11950,,,1680236744
cancel,19916,,,1680236744
cancel,20912,,,1680236744
cancel,24999,,,1680236744
newOrder,19916,0,33579,1680236771
newOrder,20912,1,33579,1680236771
newOrder,11950,0,161321,1680236771
newOrder,24999,1,161321,1680236771
cancel,11950,,,1680237345
cancel,19916,,,1680237345
cancel,20912,,,1680237345
cancel,24999,,,1680237345
newOrder,19916,0,33602,1680237372
newOrder,20912,1,33602,1680237372
newOrder,13006,0,38470,1680237372
newOrder,24999,1,38470,1680237372
cancel,13006,,,1680237945
cancel,19916,,,1680237945
cancel,20912,,,1680237945
cancel,24999,,,1680237945
newOrder,19916,0,33625,1680237972
newOrder,20912,1,33625,1680237972
newOrder,11950,0,165626,1680237972
newOrder,24999,1,165626,1680237972
cancel,11950,,,1680238545
cancel,19916,,,1680238545
cancel,20912,,,1680238545
cancel,24999,,,1680238545
newOrder,19916,0,33648,1680238573
newOrder,20912,1,33648,1680238573
newOrder,13006,0,32333,1680238573
newOrder,22584,1,32333,1680238573
cancel,13006,,,1680239145
cancel,19916,,,1680239145
cancel,20912,,,1680239145
cancel,22584,,,1680239145
newOrder,19916,0,33671,1680239171
newOrder,20912,1,33671,1680239171
newOrder,13006,0,42104,1680239171
newOrder,24999,1,42104,1680239171
cancel,13006,,,1680239745
cancel,19916,,,1680239745
cancel,20912,,,1680239745
cancel,24999,,,1680239745
newOrder,19916,0,33694,1680239773
newOrder,20912,1,33694,1680239773
newOrder,11950,0,130059,1680239773
newOrder,24999,1,130059,1680239773
cancel,11950,,,1680240343
cancel,19916,,,1680240343
cancel,20912,,,1680240343
cancel,24999,,,1680240343
newOrder,19916,0,33716,1680240371
newOrder,20912,1,33716,1680240371
newOrder,11950,0,67643,1680240371
newOrder,24999,1,67643,1680240371
cancel,11950,,,1680240945
cancel,19916,,,1680240945
cancel,20912,,,1680240945
cancel,24999,,,1680240945
newOrder,19916,0,33738,1680240974
newOrder,20912,1,33738,1680240974
newOrder,11950,0,162845,1680240974
newOrder,24999,1,162845,1680240974
cancel,11950,,,1680241545
cancel,19916,,,1680241545
cancel,20912,,,1680241545
cancel,24999,,,1680241545
newOrder,19916,0,33760,1680241571
newOrder,20912,1,33760,1680241571
newOrder,13006,0,35855,1680241571
newOrder,24999,1,35855,1680241571
cancel,13006,,,1680242145
cancel,19916,,,1680242145
cancel,20912,,,1680242145
cancel,24999,,,1680242145
newOrder,19916,0,33782,1680242174
newOrder,20912,1,33782,1680242174
newOrder,11950,0,145233,1680242174
newOrder,24999,1,145233,1680242174
cancel,11950,,,1680242745
cancel,19916,,,1680242745
cancel,20912,,,1680242745
cancel,24999,,,1680242745
newOrder,19916,0,33803,1680242771
newOrder,20912,1,33803,1680242771
newOrder,11950,0,74160,1680242771
newOrder,24999,1,74160,1680242771
cancel,11950,,,1680243345
cancel,19916,,,1680243345
cancel,20912,,,1680243345
cancel,24999,,,1680243345
newOrder,19916,0,33825,1680243372
newOrder,20912,1,33825,1680243372
newOrder,13006,0,32674,1680243372
newOrder,22584,1,32674,1680243372
cancel,13006,,,1680243944
cancel,19916,,,1680243944
cancel,20912,,,1680243944
cancel,22584,,,1680243944
newOrder,19916,0,33846,1680243971
newOrder,20912,1,33846,1680243971
newOrder,11950,0,132543,1680243971
newOrder,24999,1,132543,1680243971
cancel,11950,,,1680244545
cancel,19916,,,1680244545
cancel,20912,,,1680244545
cancel,24999,,,1680244545
newOrder,19916,0,33867,1680244572
newOrder,20912,1,33867,1680244572
newOrder,11950,0,129055,1680244572
newOrder,24999,1,129055,1680244572
cancel,11950,,,1680245145
cancel,19916,,,1680245145
cancel,20912,,,1680245145
cancel,24999,,,1680245145
newOrder,19916,0,29823,1680245171
newOrder,21053,1,29823,1680245171
newOrder,11950,0,136505,1680245171
newOrder,24999,1,136505,1680245171
cancel,11950,,,1680245745
cancel,19916,,,1680245745
cancel,21053,,,1680245745
cancel,24999,,,1680245745
newOrder,19916,0,25676,1680245771
newOrder,21199,1,25676,1680245771
newOrder,11950,0,73950,1680245771
newOrder,24999,1,73950,1680245771
cancel,11950,,,1680246345
cancel,19916,,,1680246345
cancel,21199,,,1680246345
cancel,24999,,,1680246345
newOrder,19916,0,32080,1680246372
newOrder,20975,1,32080,1680246372
newOrder,11950,0,104148,1680246372
newOrder,24999,1,104148,1680246372
cancel,11950,,,1680246944
cancel,19916,,,1680246944
cancel,20975,,,1680246944
cancel,24999,,,1680246944
newOrder,19916,0,32110,1680246972
newOrder,20975,1,32110,1680246972
newOrder,13006,0,23379,1680246972
newOrder,22584,1,23379,1680246972
cancel,13006,,,1680247545
cancel,19916,,,1680247545
cancel,20975,,,1680247545
cancel,22584,,,1680247545
newOrder,19916,0,32094,1680247571
newOrder,20976,1,32094,1680247571
newOrder,11950,0,117254,1680247571
newOrder,24999,1,117254,1680247571
cancel,11950,,,1680248145
cancel,19916,,,1680248145
cancel,20976,,,1680248145
cancel,24999,,,1680248145
newOrder,19916,0,32077,1680248172
newOrder,20976,1,32077,1680248172
newOrder,11950,0,88556,1680248172
newOrder,24999,1,88556,1680248172
cancel,11950,,,1680248745
cancel,19916,,,1680248745
cancel,20976,,,1680248745
cancel,24999,,,1680248745
newOrder,19916,0,32119,1680248772
newOrder,20975,1,32119,1680248772
newOrder,11952,0,50442,1680248772
newOrder,24999,1,50442,1680248772
cancel,11952,,,1680249345
cancel,19916,,,1680249345
cancel,20975,,,1680249345
cancel,24999,,,1680249345
newOrder,19916,0,32079,1680249371
newOrder,20977,1,32079,1680249371
newOrder,11950,0,109537,1680249371
newOrder,24999,1,109537,1680249371
cancel,11950,,,1680249945
cancel,19916,,,1680249945
cancel,20977,,,1680249945
cancel,24999,,,1680249945
newOrder,19916,0,32125,1680249976
newOrder,20975,1,32125,1680249976
newOrder,11950,0,94450,1680249976
newOrder,24999,1,94450,1680249976
cancel,11950,,,1680250545
cancel,19916,,,1680250545
cancel,20975,,,1680250545
cancel,24999,,,1680250545
newOrder,19916,0,31266,1680250572
newOrder,21004,1,31266,1680250572
newOrder,11950,0,163868,1680250572
newOrder,24999,1,163868,1680250572
cancel,11950,,,1680251144
cancel,19916,,,1680251144
cancel,21004,,,1680251144
cancel,24999,,,1680251144
newOrder,19916,0,31267,1680251172
newOrder,21004,1,31267,1680251172
newOrder,13006,0,38852,1680251172
newOrder,24999,1,38852,1680251172
cancel,13006,,,1680251745
cancel,19916,,,1680251745
cancel,21004,,,1680251745
cancel,24999,,,1680251745
newOrder,19916,0,31268,1680251772
newOrder,21004,1,31268,1680251772
newOrder,11950,0,64562,1680251772
newOrder,24999,1,64562,1680251772
cancel,11950,,,1680252345
cancel,19916,,,1680252345
cancel,21004,,,1680252345
cancel,24999,,,1680252345
newOrder,19916,0,31267,1680252372
newOrder,21004,1,31267,1680252372
newOrder,11950,0,58080,1680252372
newOrder,24999,1,58080,1680252372
cancel,11950,,,1680252945
cancel,19916,,,1680252945
cancel,21004,,,1680252945
cancel,24999,,,1680252945
newOrder,19916,0,31267,1680252971
newOrder,21004,1,31267,1680252971
newOrder,11950,0,84988,1680252971
newOrder,24999,1,84988,1680252971
cancel,11950,,,1680253545
cancel,19916,,,1680253545
cancel,21004,,,1680253545
cancel,24999,,,1680253545
newOrder,19916,0,31265,1680253571
newOrder,21004,1,31265,1680253571
newOrder,13006,0,32712,1680253571
newOrder,24999,1,32712,1680253571
cancel,13006,,,1680254145
cancel,19916,,,1680254145
cancel,21004,,,1680254145
cancel,24999,,,1680254145
newOrder,19916,0,31264,1680254171
newOrder,21004,1,31264,1680254171
newOrder,11950,0,139671,1680254171
newOrder,24999,1,139671,1680254171
cancel,11950,,,1680254744
cancel,19916,,,1680254744
cancel,21004,,,1680254744
cancel,24999,,,1680254744
newOrder,19916,0,31261,1680254772
newOrder,21004,1,31261,1680254772
newOrder,11950,0,75632,1680254772
newOrder,24999,1,75632,1680254772
cancel,11950,,,1680255345
cancel,19916,,,1680255345
cancel,21004,,,1680255345
cancel,24999,,,1680255345
newOrder,19916,0,31258,1680255371
newOrder,21004,1,31258,1680255371
newOrder,11950,0,55182,1680255371
newOrder,24999,1,55182,1680255371
cancel,11950,,,1680255945
cancel,19916,,,1680255945
cancel,21004,,,1680255945
cancel,24999,,,1680255945
newOrder,19916,0,31255,1680255973
newOrder,21004,1,31255,1680255973
newOrder,11950,0,55757,1680255973
newOrder,24999,1,55757,1680255973
cancel,11950,,,1680256544
cancel,19916,,,1680256544
cancel,21004,,,1680256544
cancel,24999,,,1680256544
newOrder,19916,0,31251,1680256571
newOrder,21004,1,31251,1680256571
newOrder,11950,0,114570,1680256571
newOrder,24999,1,114570,1680256571
cancel,11950,,,1680257145
cancel,19916,,,1680257145
cancel,21004,,,1680257145
cancel,24999,,,1680257145
newOrder,19916,0,31246,1680257172
newOrder,21004,1,31246,1680257172
newOrder,11950,0,77772,1680257172
newOrder,24999,1,77772,1680257172
cancel,11950,,,1680257745
cancel,19916,,,1680257745
cancel,21004,,,1680257745
cancel,24999,,,1680257745
newOrder,19916,0,32254,1680257773
newOrder,20973,1,32254,1680257773
newOrder,11950,0,169714,1680257773
newOrder,24999,1,169714,1680257773
cancel,11950,,,1680258345
cancel,19916,,,1680258345
cancel,20973,,,1680258345
cancel,24999,,,1680258345
newOrder,19916,0,31234,1680258372
newOrder,21004,1,31234,1680258372
newOrder,11950,0,112918,1680258372
newOrder,24999,1,112918,1680258372
cancel,11950,,,1680258945
cancel,19916,,,1680258945
cancel,21004,,,1680258945
cancel,24999,,,1680258945
newOrder,19916,0,31228,1680258971
newOrder,21004,1,31228,1680258971
newOrder,11950,0,137968,1680258971
newOrder,24999,1,137968,1680258971
cancel,11950,,,1680259545
cancel,19916,,,1680259545
cancel,21004,,,1680259545
cancel,24999,,,1680259545
newOrder,19916,0,31220,1680259572
newOrder,21004,1,31220,1680259572
newOrder,13006,0,57044,1680259572
newOrder,24999,1,57044,1680259572
cancel,13006,,,1680260145
cancel,19916,,,1680260145
cancel,21004,,,1680260145
cancel,24999,,,1680260145
newOrder,19916,0,31212,1680260173
newOrder,21004,1,31212,1680260173
newOrder,11950,0,150336,1680260173
newOrder,24999,1,150336,1680260173
cancel,11950,,,1680260744
cancel,19916,,,1680260744
cancel,21004,,,1680260744
cancel,24999,,,1680260744
newOrder,19916,0,31203,1680260772
newOrder,21004,1,31203,1680260772
newOrder,13007,0,36416,1680260772
newOrder,24999,1,36416,1680260772
cancel,13007,,,1680261345
cancel,19916,,,1680261345
cancel,21004,,,1680261345
cancel,24999,,,1680261345
newOrder,19916,0,31194,1680261371
newOrder,21004,1,31194,1680261371
newOrder,13007,0,31366,1680261371
newOrder,24999,1,31366,1680261371
cancel,13007,,,1680261948
cancel,19916,,,1680261948
cancel,21004,,,1680261948
cancel,24999,,,1680261948
newOrder,19916,0,31183,1680261977
newOrder,21004,1,31183,1680261977
newOrder,11950,0,165168,1680261977
newOrder,24999,1,165168,1680261977
cancel,11950,,,1680262544
cancel,19916,,,1680262544
cancel,21004,,,1680262544
cancel,24999,,,1680262544
newOrder,19916,0,31172,1680262571
newOrder,21004,1,31172,1680262571
newOrder,11950,0,133614,1680262571
newOrder,24999,1,133614,1680262571
cancel,11950,,,1680263145
cancel,19916,,,1680263145
cancel,21004,,,1680263145
cancel,24999,,,1680263145
newOrder,19916,0,33281,1680263172
newOrder,20943,1,33281,1680263172
newOrder,11952,0,67599,1680263172
newOrder,24999,1,67599,1680263172
cancel,11952,,,1680263745
cancel,19916,,,1680263745
cancel,20943,,,1680263745
cancel,24999,,,1680263745
newOrder,19916,0,33282,1680263771
newOrder,20943,1,33282,1680263771
newOrder,11950,0,140666,1680263771
newOrder,24999,1,140666,1680263771
cancel,11950,,,1680264345
cancel,19916,,,1680264345
cancel,20943,,,1680264345
cancel,24999,,,1680264345
newOrder,19916,0,33197,1680264372
newOrder,20945,1,33197,1680264372
newOrder,13006,0,55235,1680264372
newOrder,24999,1,55235,1680264372