instruction,price,side,qty,time
cancel,15036,,,1677080834
cancel,19909,,,1677080834
cancel,20859,,,1677080834
cancel,24999,,,1677080834
newOrder,19909,0,12920,1677080842
newOrder,20869,1,12920,1677080842
newOrder,15038,0,51678,1677080842
newOrder,24999,1,51678,1677080842
cancel,15038,,,1677081435
cancel,19909,,,1677081435
cancel,20869,,,1677081435
cancel,24999,,,1677081435
newOrder,19909,0,12883,1677081445
newOrder,20881,1,12883,1677081445
newOrder,15040,0,51534,1677081445
newOrder,24999,1,51534,1677081445
cancel,15040,,,1677082034
cancel,19909,,,1677082034
cancel,20881,,,1677082034
cancel,24999,,,1677082034
newOrder,19909,0,12879,1677082042
newOrder,20882,1,12879,1677082042
newOrder,15042,0,51517,1677082042
newOrder,24999,1,51517,1677082042
cancel,15042,,,1677082628
cancel,19909,,,1677082628
cancel,20882,,,1677082628
cancel,24999,,,1677082628
newOrder,19909,0,12878,1677082645
newOrder,20882,1,12878,1677082645
newOrder,15042,0,51510,1677082645
newOrder,24999,1,51510,1677082645
cancel,15042,,,1677083234
cancel,19909,,,1677083234
cancel,20882,,,1677083234
cancel,24999,,,1677083234
newOrder,19909,0,12877,1677083242
newOrder,20882,1,12877,1677083242
newOrder,15044,0,51510,1677083242
newOrder,24999,1,51510,1677083242
cancel,15044,,,1677083835
cancel,19909,,,1677083835
cancel,20882,,,1677083835
cancel,24999,,,1677083835
newOrder,19909,0,12877,1677083843
newOrder,20882,1,12877,1677083843
newOrder,15044,0,51506,1677083843
newOrder,24999,1,51506,1677083843
cancel,15044,,,1677084435
cancel,19909,,,1677084435
cancel,20882,,,1677084435
cancel,24999,,,1677084435
newOrder,19909,0,12883,1677084443
newOrder,20879,1,12883,1677084443
newOrder,15044,0,51532,1677084443
newOrder,24999,1,51532,1677084443
cancel,15044,,,1677085035
cancel,19909,,,1677085035
cancel,20879,,,1677085035
cancel,24999,,,1677085035
newOrder,19909,0,12874,1677085043
newOrder,20882,1,12874,1677085043
newOrder,15044,0,51496,1677085043
newOrder,24999,1,51496,1677085043
cancel,15044,,,1677085635
cancel,19909,,,1677085635
cancel,20882,,,1677085635
cancel,24999,,,1677085635
newOrder,19909,0,12594,1677085641
newOrder,20971,1,12594,1677085641
newOrder,15044,0,50378,1677085641
newOrder,24999,1,50378,1677085641
cancel,15044,,,1677086234
cancel,19909,,,1677086234
cancel,20971,,,1677086234
cancel,24999,,,1677086234
newOrder,19909,0,12593,1677086244
newOrder,20971,1,12593,1677086244
newOrder,15046,0,50373,1677086244
newOrder,24999,1,50373,1677086244
cancel,15046,,,1677086835
cancel,19909,,,1677086835
cancel,20971,,,1677086835
cancel,24999,,,1677086835
newOrder,19909,0,12592,1677086842
newOrder,20971,1,12592,1677086842
newOrder,15046,0,50369,1677086842
newOrder,24999,1,50369,1677086842
cancel,15046,,,1677087435
cancel,19909,,,1677087435
cancel,20971,,,1677087435
cancel,24999,,,1677087435
newOrder,19909,0,12591,1677087442
newOrder,20971,1,12591,1677087442
newOrder,15046,0,50365,1677087442
newOrder,24999,1,50365,1677087442
cancel,15046,,,1677088035
cancel,19909,,,1677088035
cancel,20971,,,1677088035
cancel,24999,,,1677088035
newOrder,19909,0,12590,1677088042
newOrder,20971,1,12590,1677088042
newOrder,15046,0,50361,1677088042
newOrder,24999,1,50361,1677088042
cancel,15046,,,1677088635
cancel,19909,,,1677088635
cancel,20971,,,1677088635
cancel,24999,,,1677088635
newOrder,19909,0,12589,1677088643
newOrder,20971,1,12589,1677088643
newOrder,15501,0,50356,1677088643
newOrder,24999,1,50356,1677088643
cancel,15501,,,1677089234
cancel,19909,,,1677089234
cancel,20971,,,1677089234
cancel,24999,,,1677089234
newOrder,19909,0,12588,1677089243
newOrder,20971,1,12588,1677089243
newOrder,11946,0,50352,1677089243
newOrder,24999,1,50352,1677089243
cancel,11946,,,1677089834
cancel,19909,,,1677089834
cancel,20971,,,1677089834
cancel,24999,,,1677089834
newOrder,19909,0,12587,1677089841
newOrder,20971,1,12587,1677089841
newOrder,15023,0,50347,1677089841
newOrder,24999,1,50347,1677089841
cancel,15023,,,1677090434
cancel,19909,,,1677090434
cancel,20971,,,1677090434
cancel,24999,,,1677090434
newOrder,19909,0,12586,1677090441
newOrder,20971,1,12586,1677090441
newOrder,15023,0,50343,1677090441
newOrder,24999,1,50343,1677090441
cancel,15023,,,1677091035
cancel,19909,,,1677091035
cancel,20971,,,1677091035
cancel,24999,,,1677091035
newOrder,19909,0,12585,1677091042
newOrder,20971,1,12585,1677091042
newOrder,15023,0,50339,1677091042
newOrder,24999,1,50339,1677091042
cancel,15023,,,1677091634
cancel,19909,,,1677091634
cancel,20971,,,1677091634
cancel,24999,,,1677091634
newOrder,19909,0,12584,1677091655
newOrder,20971,1,12584,1677091655
newOrder,15024,0,50334,1677091655
newOrder,24999,1,50334,1677091655
cancel,15024,,,1677092235
cancel,19909,,,1677092235
cancel,20971,,,1677092235
cancel,24999,,,1677092235
newOrder,19909,0,12582,1677092241
newOrder,20971,1,12582,1677092241
newOrder,15024,0,50330,1677092241
newOrder,24999,1,50330,1677092241
cancel,15024,,,1677092835
cancel,19909,,,1677092835
cancel,20971,,,1677092835
cancel,24999,,,1677092835
newOrder,19909,0,12581,1677092844
newOrder,20971,1,12581,1677092844
newOrder,15024,0,50325,1677092844
newOrder,24999,1,50325,1677092844
cancel,15024,,,1677093434
cancel,19909,,,1677093434
cancel,20971,,,1677093434
cancel,24999,,,1677093434
newOrder,19909,0,12580,1677093443
newOrder,20971,1,12580,1677093443
newOrder,15024,0,50321,1677093443
newOrder,24999,1,50321,1677093443
cancel,15024,,,1677094035
cancel,19909,,,1677094035
cancel,20971,,,1677094035
cancel,24999,,,1677094035
newOrder,19909,0,12692,1677094042
newOrder,20935,1,12692,1677094042
newOrder,15024,0,50770,1677094042
newOrder,24999,1,50770,1677094042
cancel,15024,,,1677094635
cancel,19909,,,1677094635
cancel,20935,,,1677094635
cancel,24999,,,1677094635
newOrder,19909,0,12726,1677094643
newOrder,20924,1,12726,1677094643
newOrder,15024,0,50904,1677094643
newOrder,24999,1,50904,1677094643
cancel,15024,,,1677095235
cancel,19909,,,1677095235
cancel,20924,,,1677095235
cancel,24999,,,1677095235
newOrder,19909,0,12722,1677095242
newOrder,20925,1,12722,1677095242
newOrder,15024,0,50888,1677095242
newOrder,24999,1,50888,1677095242
cancel,15024,,,1677095834
cancel,19909,,,1677095834
cancel,20925,,,1677095834
cancel,24999,,,1677095834
newOrder,19909,0,12721,1677095841
newOrder,20925,1,12721,1677095841
newOrder,15024,0,50884,1677095841
newOrder,24999,1,50884,1677095841
cancel,15024,,,1677096435
cancel,19909,,,1677096435
cancel,20925,,,1677096435
cancel,24999,,,1677096435
newOrder,19909,0,12724,1677096441
newOrder,20923,1,12724,1677096441
newOrder,15024,0,50898,1677096441
newOrder,24999,1,50898,1677096441
cancel,15024,,,1677097035
cancel,19909,,,1677097035
cancel,20923,,,1677097035
cancel,24999,,,1677097035
newOrder,19909,0,12722,1677097044
newOrder,20924,1,12722,1677097044
newOrder,15024,0,50887,1677097044
newOrder,24999,1,50887,1677097044
cancel,15024,,,1677097634
cancel,19909,,,1677097634
cancel,20924,,,1677097634
cancel,24999,,,1677097634
newOrder,19909,0,12725,1677097642
newOrder,20923,1,12725,1677097642
newOrder,15024,0,50899,1677097642
newOrder,24999,1,50899,1677097642
cancel,15024,,,1677098235
cancel,19909,,,1677098235
cancel,20923,,,1677098235
cancel,24999,,,1677098235
newOrder,19909,0,12719,1677098242
newOrder,20924,1,12719,1677098242
newOrder,15024,0,50874,1677098242
newOrder,24999,1,50874,1677098242
cancel,15024,,,1677098835
cancel,19909,,,1677098835
cancel,20924,,,1677098835
cancel,24999,,,1677098835
newOrder,19909,0,12719,1677098842
newOrder,20924,1,12719,1677098842
newOrder,15024,0,50877,1677098842
newOrder,24999,1,50877,1677098842
cancel,15024,,,1677099433
cancel,19909,,,1677099433
cancel,20924,,,1677099433
cancel,24999,,,1677099433
newOrder,19909,0,12720,1677099440
newOrder,20923,1,12720,1677099440
newOrder,15024,0,50879,1677099440
newOrder,24999,1,50879,1677099440
cancel,15024,,,1677100035
cancel,19909,,,1677100035
cancel,20923,,,1677100035
cancel,24999,,,1677100035
newOrder,19909,0,12715,1677100042
newOrder,20924,1,12715,1677100042
newOrder,15024,0,50862,1677100042
newOrder,24999,1,50862,1677100042
cancel,15024,,,1677100634
cancel,19909,,,1677100634
cancel,20924,,,1677100634
cancel,24999,,,1677100634
newOrder,19909,0,12715,1677100642
newOrder,20924,1,12715,1677100642
newOrder,15024,0,50861,1677100642
newOrder,24999,1,50861,1677100642
cancel,15024,,,1677101235
cancel,19909,,,1677101235
cancel,20924,,,1677101235
cancel,24999,,,1677101235
newOrder,19909,0,12623,1677101245
newOrder,20953,1,12623,1677101245
newOrder,15024,0,50492,1677101245
newOrder,24999,1,50492,1677101245
cancel,15024,,,1677101835
cancel,19909,,,1677101835
cancel,20953,,,1677101835
cancel,24999,,,1677101835
newOrder,19909,0,12622,1677101843
newOrder,20953,1,12622,1677101843
newOrder,15024,0,50487,1677101843
newOrder,24999,1,50487,1677101843
cancel,15024,,,1677102435
cancel,19909,,,1677102435
cancel,20953,,,1677102435
cancel,24999,,,1677102435
newOrder,19909,0,12711,1677102442
newOrder,20924,1,12711,1677102442
newOrder,15024,0,50846,1677102442
newOrder,24999,1,50846,1677102442
cancel,15024,,,1677103033
cancel,19909,,,1677103033
cancel,20924,,,1677103033
cancel,24999,,,1677103033
newOrder,19909,0,12708,1677103044
newOrder,20925,1,12708,1677103044
newOrder,15024,0,50831,1677103044
newOrder,24999,1,50831,1677103044
cancel,15024,,,1677103635
cancel,19909,,,1677103635
cancel,20925,,,1677103635
cancel,24999,,,1677103635
newOrder,19909,0,12747,1677103641
newOrder,20912,1,12747,1677103641
newOrder,15024,0,50988,1677103641
newOrder,24999,1,50988,1677103641
cancel,15024,,,1677104235
cancel,19909,,,1677104235
cancel,20912,,,1677104235
cancel,24999,,,1677104235
newOrder,19909,0,12746,1677104241
newOrder,20912,1,12746,1677104241
newOrder,15024,0,50983,1677104241
newOrder,24999,1,50983,1677104241
cancel,15024,,,1677104834
cancel,19909,,,1677104834
cancel,20912,,,1677104834
cancel,24999,,,1677104834
newOrder,19909,0,12745,1677104841
newOrder,20912,1,12745,1677104841
newOrder,15024,0,50979,1677104841
newOrder,24999,1,50979,1677104841
cancel,15024,,,1677105434
cancel,19909,,,1677105434
cancel,20912,,,1677105434
cancel,24999,,,1677105434
newOrder,19909,0,12744,1677105441
newOrder,20912,1,12744,1677105441
newOrder,15024,0,50974,1677105441
newOrder,24999,1,50974,1677105441
cancel,15024,,,1677106035
cancel,19909,,,1677106035
cancel,20912,,,1677106035
cancel,24999,,,1677106035
newOrder,19909,0,12742,1677106043
newOrder,20912,1,12742,1677106043
newOrder,15024,0,50970,1677106043
newOrder,24999,1,50970,1677106043
cancel,15024,,,1677106635
cancel,19909,,,1677106635
cancel,20912,,,1677106635
cancel,24999,,,1677106635
newOrder,19909,0,12741,1677106644
newOrder,20912,1,12741,1677106644
newOrder,15024,0,50965,1677106644
newOrder,24999,1,50965,1677106644
cancel,15024,,,1677107238
cancel,19909,,,1677107238
cancel,20912,,,1677107238
cancel,24999,,,1677107238
newOrder,19909,0,12740,1677107248
newOrder,20912,1,12740,1677107248
newOrder,15024,0,50960,1677107248
newOrder,24999,1,50960,1677107248
cancel,15024,,,1677107834
cancel,19909,,,1677107834
cancel,20912,,,1677107834
cancel,24999,,,1677107834
newOrder,19909,0,12739,1677107842
newOrder,20912,1,12739,1677107842
newOrder,15024,0,50956,1677107842
newOrder,24999,1,50956,1677107842
cancel,15024,,,1677108435
cancel,19909,,,1677108435
cancel,20912,,,1677108435
cancel,24999,,,1677108435
newOrder,19909,0,12738,1677108440
newOrder,20912,1,12738,1677108440
newOrder,15024,0,50951,1677108440
newOrder,24999,1,50951,1677108440
cancel,15024,,,1677109036
cancel,19909,,,1677109036
cancel,20912,,,1677109036
cancel,24999,,,1677109036
newOrder,19909,0,12737,1677109042
newOrder,20912,1,12737,1677109042
newOrder,15024,0,50947,1677109042
newOrder,24999,1,50947,1677109042
cancel,15024,,,1677109635
cancel,19909,,,1677109635
cancel,20912,,,1677109635
cancel,24999,,,1677109635
newOrder,19909,0,12717,1677109642
newOrder,20918,1,12717,1677109642
newOrder,15024,0,50869,1677109642
newOrder,24999,1,50869,1677109642
cancel,15024,,,1677110235
cancel,19909,,,1677110235
cancel,20918,,,1677110235
cancel,24999,,,1677110235
newOrder,19909,0,12716,1677110243
newOrder,20918,1,12716,1677110243
newOrder,15024,0,50864,1677110243
newOrder,24999,1,50864,1677110243
cancel,15024,,,1677110835
cancel,19909,,,1677110835
cancel,20918,,,1677110835
cancel,24999,,,1677110835
newOrder,19909,0,12715,1677110842
newOrder,20918,1,12715,1677110842
newOrder,15024,0,50859,1677110842
newOrder,24999,1,50859,1677110842
cancel,15024,,,1677111434
cancel,19909,,,1677111434
cancel,20918,,,1677111434
cancel,24999,,,1677111434
newOrder,19909,0,12714,1677111441
newOrder,20918,1,12714,1677111441
newOrder,15024,0,50855,1677111441
newOrder,24999,1,50855,1677111441
cancel,15024,,,1677112035
cancel,19909,,,1677112035
cancel,20918,,,1677112035
cancel,24999,,,1677112035
newOrder,19909,0,12712,1677112043
newOrder,20918,1,12712,1677112043
newOrder,15024,0,50850,1677112043
newOrder,24999,1,50850,1677112043
cancel,15024,,,1677112634
cancel,19909,,,1677112634
cancel,20918,,,1677112634
cancel,24999,,,1677112634
newOrder,19909,0,12711,1677112642
newOrder,20918,1,12711,1677112642
newOrder,15024,0,50845,1677112642
newOrder,24999,1,50845,1677112642
cancel,15024,,,1677113235
cancel,19909,,,1677113235
cancel,20918,,,1677113235
cancel,24999,,,1677113235
newOrder,19909,0,12710,1677113241
newOrder,20918,1,12710,1677113241
newOrder,15024,0,50840,1677113241
newOrder,24999,1,50840,1677113241
cancel,15024,,,1677113835
cancel,19909,,,1677113835
cancel,20918,,,1677113835
cancel,24999,,,1677113835
newOrder,19909,0,12709,1677113844
newOrder,20918,1,12709,1677113844
newOrder,15024,0,50835,1677113844
newOrder,24999,1,50835,1677113844
cancel,15024,,,1677114434
cancel,19909,,,1677114434
cancel,20918,,,1677114434
cancel,24999,,,1677114434
newOrder,19909,0,12708,1677114441
newOrder,20918,1,12708,1677114441
newOrder,15024,0,50830,1677114441
newOrder,24999,1,50830,1677114441
cancel,15024,,,1677115034
cancel,19909,,,1677115034
cancel,20918,,,1677115034
cancel,24999,,,1677115034
newOrder,19909,0,12706,1677115041
newOrder,20918,1,12706,1677115041
newOrder,15024,0,50825,1677115041
newOrder,24999,1,50825,1677115041
cancel,15024,,,1677115633
cancel,19909,,,1677115633
cancel,20918,,,1677115633
cancel,24999,,,1677115633
newOrder,19909,0,12705,1677115644
newOrder,20918,1,12705,1677115644
newOrder,15024,0,50821,1677115644
newOrder,24999,1,50821,1677115644
cancel,15024,,,1677116236
cancel,19909,,,1677116236
cancel,20918,,,1677116236
cancel,24999,,,1677116236
newOrder,19909,0,12704,1677116242
newOrder,20918,1,12704,1677116242
newOrder,15025,0,50816,1677116242
newOrder,24999,1,50816,1677116242
cancel,15025,,,1677116835
cancel,19909,,,1677116835
cancel,20918,,,1677116835
cancel,24999,,,1677116835
newOrder,19909,0,12703,1677116842
newOrder,20918,1,12703,1677116842
newOrder,15025,0,50811,1677116842
newOrder,24999,1,50811,1677116842
cancel,15025,,,1677117435
cancel,19909,,,1677117435
cancel,20918,,,1677117435
cancel,24999,,,1677117435
newOrder,19909,0,12701,1677117447
newOrder,20918,1,12701,1677117447
newOrder,15025,0,50806,1677117447
newOrder,24999,1,50806,1677117447
cancel,15025,,,1677118035
cancel,19909,,,1677118035
cancel,20918,,,1677118035
cancel,24999,,,1677118035
newOrder,19909,0,12700,1677118042
newOrder,20918,1,12700,1677118042
newOrder,15025,0,50801,1677118042
newOrder,24999,1,50801,1677118042
cancel,15025,,,1677118635
cancel,19909,,,1677118635
cancel,20918,,,1677118635
cancel,24999,,,1677118635
newOrder,19909,0,12699,1677118642
newOrder,20918,1,12699,1677118642
newOrder,15025,0,50796,1677118642
newOrder,24999,1,50796,1677118642
cancel,15025,,,1677119237
cancel,19909,,,1677119237
cancel,20918,,,1677119237
cancel,24999,,,1677119237
newOrder,19909,0,12698,1677119246
newOrder,20918,1,12698,1677119246
newOrder,15025,0,50790,1677119246
newOrder,24999,1,50790,1677119246
cancel,15025,,,1677119836
cancel,19909,,,1677119836
cancel,20918,,,1677119836
cancel,24999,,,1677119836
newOrder,19909,0,12696,1677119845
newOrder,20918,1,12696,1677119845
newOrder,15025,0,50785,1677119845
newOrder,24999,1,50785,1677119845
cancel,15025,,,1677120435
cancel,19909,,,1677120435
cancel,20918,,,1677120435
cancel,24999,,,1677120435
newOrder,19909,0,12695,1677120443
newOrder,20918,1,12695,1677120443
newOrder,15025,0,50780,1677120443
newOrder,24999,1,50780,1677120443
cancel,15025,,,1677121036
cancel,19909,,,1677121036
cancel,20918,,,1677121036
cancel,24999,,,1677121036
newOrder,19909,0,12694,1677121043
newOrder,20918,1,12694,1677121043
newOrder,15025,0,50775,1677121043
newOrder,24999,1,50775,1677121043
cancel,15025,,,1677121636
cancel,19909,,,1677121636
cancel,20918,,,1677121636
cancel,24999,,,1677121636
newOrder,19909,0,12678,1677121644
newOrder,20922,1,12678,1677121644
newOrder,15025,0,50713,1677121644
newOrder,24999,1,50713,1677121644
cancel,15025,,,1677122236
cancel,19909,,,1677122236
cancel,20922,,,1677122236
cancel,24999,,,1677122236
newOrder,19909,0,12677,1677122242
newOrder,20922,1,12677,1677122242
newOrder,15501,0,50708,1677122242
newOrder,24999,1,50708,1677122242
cancel,15501,,,1677122835
cancel,19909,,,1677122835
cancel,20922,,,1677122835
cancel,24999,,,1677122835
newOrder,19909,0,12676,1677122841
newOrder,20922,1,12676,1677122841
newOrder,15501,0,50702,1677122841
newOrder,24999,1,50702,1677122841
cancel,15501,,,1677123435
cancel,19909,,,1677123435
cancel,20922,,,1677123435
cancel,24999,,,1677123435
newOrder,19909,0,12655,1677123447
newOrder,20928,1,12655,1677123447
newOrder,15501,0,50621,1677123447
newOrder,24999,1,50621,1677123447
cancel,15501,,,1677124036
cancel,19909,,,1677124036
cancel,20928,,,1677124036
cancel,24999,,,1677124036
newOrder,19909,0,12654,1677124045
newOrder,20928,1,12654,1677124045
newOrder,15501,0,50616,1677124045
newOrder,24999,1,50616,1677124045
cancel,15501,,,1677124634
cancel,19909,,,1677124634
cancel,20928,,,1677124634
cancel,24999,,,1677124634
newOrder,19909,0,12653,1677124641
newOrder,20928,1,12653,1677124641
newOrder,15501,0,50611,1677124641
newOrder,24999,1,50611,1677124641
cancel,15501,,,1677125235
cancel,19909,,,1677125235
cancel,20928,,,1677125235
cancel,24999,,,1677125235
newOrder,19909,0,12651,1677125242
newOrder,20928,1,12651,1677125242
newOrder,15501,0,50605,1677125242
newOrder,24999,1,50605,1677125242
cancel,15501,,,1677125834
cancel,19909,,,1677125834
cancel,20928,,,1677125834
cancel,24999,,,1677125834
newOrder,19909,0,12650,1677125843
newOrder,20928,1,12650,1677125843
newOrder,15501,0,50600,1677125843
newOrder,24999,1,50600,1677125843
cancel,15501,,,1677126435
cancel,19909,,,1677126435
cancel,20928,,,1677126435
cancel,24999,,,1677126435
newOrder,19909,0,12649,1677126443
newOrder,20928,1,12649,1677126443
newOrder,15501,0,50595,1677126443
newOrder,24999,1,50595,1677126443
cancel,15501,,,1677127034
cancel,19909,,,1677127034
cancel,20928,,,1677127034
cancel,24999,,,1677127034
newOrder,19909,0,12809,1677127041
newOrder,20879,1,12809,1677127041
newOrder,15501,0,51234,1677127041
newOrder,24999,1,51234,1677127041
cancel,15501,,,1677127634
cancel,19909,,,1677127634
cancel,20879,,,1677127634
cancel,24999,,,1677127634
newOrder,19909,0,12807,1677127641
newOrder,20879,1,12807,1677127641
newOrder,15502,0,51229,1677127641
newOrder,24999,1,51229,1677127641
cancel,15502,,,1677128235
cancel,19909,,,1677128235
cancel,20879,,,1677128235
cancel,24999,,,1677128235
newOrder,19909,0,12807,1677128243
newOrder,20878,1,12807,1677128243
newOrder,15504,0,51227,1677128243
newOrder,24999,1,51227,1677128243
cancel,15504,,,1677128836
cancel,19909,,,1677128836
cancel,20878,,,1677128836
cancel,24999,,,1677128836
newOrder,19909,0,12806,1677128842
newOrder,20878,1,12806,1677128842
newOrder,15504,0,51226,1677128842
newOrder,24999,1,51226,1677128842
cancel,15504,,,1677129435
cancel,19909,,,1677129435
cancel,20878,,,1677129435
cancel,24999,,,1677129435
newOrder,19909,0,12802,1677129441
newOrder,20879,1,12802,1677129441
newOrder,15504,0,51207,1677129441
newOrder,24999,1,51207,1677129441
cancel,15504,,,1677130034
cancel,19909,,,1677130034
cancel,20879,,,1677130034
cancel,24999,,,1677130034
newOrder,19909,0,12421,1677130040
newOrder,20996,1,12421,1677130040
newOrder,15504,0,49686,1677130040
newOrder,24999,1,49686,1677130040
cancel,15504,,,1677130634
cancel,19909,,,1677130634
cancel,20996,,,1677130634
cancel,24999,,,1677130634
newOrder,19909,0,12388,1677130641
newOrder,21007,1,12388,1677130641
newOrder,15504,0,49552,1677130641
newOrder,24999,1,49552,1677130641
cancel,15504,,,1677131234
cancel,19909,,,1677131234
cancel,21007,,,1677131234
cancel,24999,,,1677131234
newOrder,19909,0,12386,1677131240
newOrder,21007,1,12386,1677131240
newOrder,15504,0,49546,1677131240
newOrder,24999,1,49546,1677131240
cancel,15504,,,1677131834
cancel,19909,,,1677131834
cancel,21007,,,1677131834
cancel,24999,,,1677131834
newOrder,19909,0,12385,1677131841
newOrder,21007,1,12385,1677131841
newOrder,15504,0,49540,1677131841
newOrder,24999,1,49540,1677131841
cancel,15504,,,1677132434
cancel,19909,,,1677132434
cancel,21007,,,1677132434
cancel,24999,,,1677132434
newOrder,19909,0,12383,1677132440
newOrder,21007,1,12383,1677132440
newOrder,15504,0,49533,1677132440
newOrder,24999,1,49533,1677132440
cancel,15504,,,1677133034
cancel,19909,,,1677133034
cancel,21007,,,1677133034
cancel,24999,,,1677133034
newOrder,19909,0,12363,1677133041
newOrder,21012,1,12363,1677133041
newOrder,15502,0,49452,1677133041
newOrder,24999,1,49452,1677133041
cancel,15502,,,1677133635
cancel,19909,,,1677133635
cancel,21012,,,1677133635
cancel,24999,,,1677133635
newOrder,19909,0,12361,1677133642
newOrder,21012,1,12361,1677133642
newOrder,15504,0,49446,1677133642
newOrder,24999,1,49446,1677133642
cancel,15504,,,1677134233
cancel,19909,,,1677134233
cancel,21012,,,1677134233
cancel,24999,,,1677134233
newOrder,19909,0,12360,1677134240
newOrder,21012,1,12360,1677134240
newOrder,15504,0,49439,1677134240
newOrder,24999,1,49439,1677134240
cancel,15504,,,1677134835
cancel,19909,,,1677134835
cancel,21012,,,1677134835
cancel,24999,,,1677134835
newOrder,19909,0,12358,1677134842
newOrder,21012,1,12358,1677134842
newOrder,15504,0,49433,1677134842
newOrder,24999,1,49433,1677134842
cancel,15504,,,1677135434
cancel,19909,,,1677135434
cancel,21012,,,1677135434
cancel,24999,,,1677135434
newOrder,19909,0,12357,1677135447
newOrder,21012,1,12357,1677135447
newOrder,15504,0,49427,1677135447
newOrder,24999,1,49427,1677135447
cancel,15504,,,1677136042
cancel,19909,,,1677136042
cancel,21012,,,1677136042
cancel,24999,,,1677136042
newOrder,19909,0,12355,1677136049
newOrder,21012,1,12355,1677136049
newOrder,15504,0,49421,1677136049
newOrder,24999,1,49421,1677136049
cancel,15504,,,1677136634
cancel,19909,,,1677136634
cancel,21012,,,1677136634
cancel,24999,,,1677136634
newOrder,19909,0,12354,1677136642
newOrder,21012,1,12354,1677136642
newOrder,15504,0,49414,1677136642
newOrder,24999,1,49414,1677136642
cancel,15504,,,1677137236
cancel,19909,,,1677137236
cancel,21012,,,1677137236
cancel,24999,,,1677137236
newOrder,19909,0,12352,1677137243
newOrder,21012,1,12352,1677137243
newOrder,15504,0,49408,1677137243
newOrder,24999,1,49408,1677137243
cancel,15504,,,1677137834
cancel,19909,,,1677137834
cancel,21012,,,1677137834
cancel,24999,,,1677137834
newOrder,19909,0,12574,1677137840
newOrder,20943,1,12574,1677137840
newOrder,15504,0,50294,1677137840
newOrder,24999,1,50294,1677137840
cancel,15504,,,1677138434
cancel,19909,,,1677138434
cancel,20943,,,1677138434
cancel,24999,,,1677138434
newOrder,19909,0,12564,1677138443
newOrder,20945,1,12564,1677138443
newOrder,15504,0,50256,1677138443
newOrder,24999,1,50256,1677138443
cancel,15504,,,1677139035
cancel,19909,,,1677139035
cancel,20945,,,1677139035
cancel,24999,,,1677139035
newOrder,19909,0,12564,1677139042
newOrder,20945,1,12564,1677139042
newOrder,15504,0,50258,1677139042
newOrder,24999,1,50258,1677139042
cancel,15504,,,1677139632
cancel,19909,,,1677139632
cancel,20945,,,1677139632
cancel,24999,,,1677139632
newOrder,19909,0,12563,1677139642
newOrder,20945,1,12563,1677139642
newOrder,15504,0,50252,1677139642
newOrder,24999,1,50252,1677139642
cancel,15504,,,1677140234
cancel,19909,,,1677140234
cancel,20945,,,1677140234
cancel,24999,,,1677140234
newOrder,19909,0,12586,1677140241
newOrder,20937,1,12586,1677140241
newOrder,15504,0,50344,1677140241
newOrder,24999,1,50344,1677140241
cancel,15504,,,1677140834
cancel,19909,,,1677140834
cancel,20937,,,1677140834
cancel,24999,,,1677140834
newOrder,19909,0,12590,1677140842
newOrder,20936,1,12590,1677140842
newOrder,15504,0,50359,1677140842
newOrder,24999,1,50359,1677140842
cancel,15504,,,1677141435
cancel,19909,,,1677141435
cancel,20936,,,1677141435
cancel,24999,,,1677141435
newOrder,19909,0,12581,1677141440
newOrder,20938,1,12581,1677141440
newOrder,15504,0,50324,1677141440
newOrder,24999,1,50324,1677141440
cancel,15504,,,1677142034
cancel,19909,,,1677142034
cancel,20938,,,1677142034
cancel,24999,,,1677142034
newOrder,19909,0,12581,1677142041
newOrder,20937,1,12581,1677142041
newOrder,15504,0,50325,1677142041
newOrder,24999,1,50325,1677142041
cancel,15504,,,1677142634
cancel,19909,,,1677142634
cancel,20937,,,1677142634
cancel,24999,,,1677142634
newOrder,19909,0,12583,1677142641
newOrder,20936,1,12583,1677142641
newOrder,15504,0,50333,1677142641
newOrder,24999,1,50333,1677142641
cancel,15504,,,1677143235
cancel,19909,,,1677143235
cancel,20936,,,1677143235
cancel,24999,,,1677143235
newOrder,19909,0,12583,1677143244
newOrder,20936,1,12583,1677143244
newOrder,15504,0,50331,1677143244
newOrder,24999,1,50331,1677143244
cancel,15504,,,1677143834
cancel,19909,,,1677143834
cancel,20936,,,1677143834
cancel,24999,,,1677143834
newOrder,19909,0,12577,1677143841
newOrder,20937,1,12577,1677143841
newOrder,15504,0,50307,1677143841
newOrder,24999,1,50307,1677143841
cancel,15504,,,1677144435
cancel,19909,,,1677144435
cancel,20937,,,1677144435
cancel,24999,,,1677144435
newOrder,19909,0,12575,1677144442
newOrder,20937,1,12575,1677144442
newOrder,15504,0,50301,1677144442
newOrder,24999,1,50301,1677144442
cancel,15504,,,1677145034
cancel,19909,,,1677145034
cancel,20937,,,1677145034
cancel,24999,,,1677145034
newOrder,19909,0,12575,1677145040
newOrder,20937,1,12575,1677145040
newOrder,15504,0,50302,1677145040
newOrder,24999,1,50302,1677145040
cancel,15504,,,1677145635
cancel,19909,,,1677145635
cancel,20937,,,1677145635
cancel,24999,,,1677145635
newOrder,19909,0,12572,1677145641
newOrder,20937,1,12572,1677145641
newOrder,15504,0,50289,1677145641
newOrder,24999,1,50289,1677145641
cancel,15504,,,1677146234
cancel,19909,,,1677146234
cancel,20937,,,1677146234
cancel,24999,,,1677146234
newOrder,19909,0,12723,1677146243
newOrder,20891,1,12723,1677146243
newOrder,15504,0,50891,1677146243
newOrder,24999,1,50891,1677146243
cancel,15504,,,1677146835
cancel,19909,,,1677146835
cancel,20891,,,1677146835
cancel,24999,,,1677146835
newOrder,19909,0,12721,1677146841
newOrder,20891,1,12721,1677146841
newOrder,15504,0,50885,1677146841
newOrder,24999,1,50885,1677146841
cancel,15504,,,1677147435
cancel,19909,,,1677147435
cancel,20891,,,1677147435
cancel,24999,,,1677147435
newOrder,19909,0,12716,1677147441
newOrder,20892,1,12716,1677147441
newOrder,15504,0,50864,1677147441
newOrder,24999,1,50864,1677147441
cancel,15504,,,1677148033
cancel,19909,,,1677148033
cancel,20892,,,1677148033
cancel,24999,,,1677148033
newOrder,19909,0,12661,1677148039
newOrder,20908,1,12661,1677148039
newOrder,15504,0,50643,1677148039
newOrder,24999,1,50643,1677148039
cancel,15504,,,1677148633
cancel,19909,,,1677148633
cancel,20908,,,1677148633
cancel,24999,,,1677148633
newOrder,19909,0,12662,1677148640
newOrder,20908,1,12662,1677148640
newOrder,15504,0,50648,1677148640
newOrder,24999,1,50648,1677148640
cancel,15504,,,1677149234
cancel,19909,,,1677149234
cancel,20908,,,1677149234
cancel,24999,,,1677149234
newOrder,19909,0,12659,1677149241
newOrder,20908,1,12659,1677149241
newOrder,15504,0,50635,1677149241
newOrder,24999,1,50635,1677149241
cancel,15504,,,1677149834
cancel,19909,,,1677149834
cancel,20908,,,1677149834
cancel,24999,,,1677149834
newOrder,19909,0,12654,1677149844
newOrder,20909,1,12654,1677149844
newOrder,15504,0,50614,1677149844
newOrder,24999,1,50614,1677149844
cancel,15504,,,1677150439
cancel,19909,,,1677150439
cancel,20909,,,1677150439
cancel,24999,,,1677150439
newOrder,19909,0,12655,1677150446
newOrder,20908,1,12655,1677150446
newOrder,15504,0,50621,1677150446
newOrder,24999,1,50621,1677150446
cancel,15504,,,1677151035
cancel,19909,,,1677151035
cancel,20908,,,1677151035
cancel,24999,,,1677151035
newOrder,19909,0,12654,1677151044
newOrder,20908,1,12654,1677151044
newOrder,15504,0,50616,1677151044
newOrder,24999,1,50616,1677151044
cancel,15504,,,1677151635
cancel,19909,,,1677151635
cancel,20908,,,1677151635
cancel,24999,,,1677151635
newOrder,19909,0,12632,1677151643
newOrder,20914,1,12632,1677151643
newOrder,15504,0,50528,1677151643
newOrder,24999,1,50528,1677151643
cancel,15504,,,1677152234
cancel,19909,,,1677152234
cancel,20914,,,1677152234
cancel,24999,,,1677152234
newOrder,19909,0,12654,1677152243
newOrder,20907,1,12654,1677152243
newOrder,15504,0,50617,1677152243
newOrder,24999,1,50617,1677152243
cancel,15504,,,1677152834
cancel,19909,,,1677152834
cancel,20907,,,1677152834
cancel,24999,,,1677152834
newOrder,19909,0,12652,1677152841
newOrder,20907,1,12652,1677152841
newOrder,15504,0,50606,1677152841
newOrder,24999,1,50606,1677152841
cancel,15504,,,1677153433
cancel,19909,,,1677153433
cancel,20907,,,1677153433
cancel,24999,,,1677153433
newOrder,19909,0,12649,1677153440
newOrder,20908,1,12649,1677153440
newOrder,15504,0,50596,1677153440
newOrder,24999,1,50596,1677153440
cancel,15504,,,1677154035
cancel,19909,,,1677154035
cancel,20908,,,1677154035
cancel,24999,,,1677154035
newOrder,19909,0,12169,1677154041
newOrder,21055,1,12169,1677154041
newOrder,15504,0,48677,1677154041
newOrder,24999,1,48677,1677154041
cancel,15504,,,1677154636
cancel,19909,,,1677154636
cancel,21055,,,1677154636
cancel,24999,,,1677154636
newOrder,19909,0,12167,1677154643
newOrder,21055,1,12167,1677154643
newOrder,15504,0,48670,1677154643
newOrder,24999,1,48670,1677154643
cancel,15504,,,1677155235
cancel,19909,,,1677155235
cancel,21055,,,1677155235
cancel,24999,,,1677155235
newOrder,19909,0,12166,1677155243
newOrder,21055,1,12166,1677155243
newOrder,15502,0,48662,1677155243
newOrder,24999,1,48662,1677155243
cancel,15502,,,1677155838
cancel,19909,,,1677155838
cancel,21055,,,1677155838
cancel,24999,,,1677155838
newOrder,19909,0,12164,1677155846
newOrder,21055,1,12164,1677155846
newOrder,15504,0,48655,1677155846
newOrder,24999,1,48655,1677155846
cancel,15504,,,1677156434
cancel,19909,,,1677156434
cancel,21055,,,1677156434
cancel,24999,,,1677156434
newOrder,19909,0,12162,1677156443
newOrder,21055,1,12162,1677156443
newOrder,15504,0,48648,1677156443
newOrder,24999,1,48648,1677156443
cancel,15504,,,1677157036
cancel,19909,,,1677157036
cancel,21055,,,1677157036
cancel,24999,,,1677157036
newOrder,19909,0,12160,1677157045
newOrder,21055,1,12160,1677157045
newOrder,15504,0,48640,1677157045
newOrder,24999,1,48640,1677157045
cancel,15504,,,1677157634
cancel,19909,,,1677157634
cancel,21055,,,1677157634
cancel,24999,,,1677157634
newOrder,19909,0,12158,1677157652
newOrder,21055,1,12158,1677157652
newOrder,15504,0,48633,1677157652
newOrder,24999,1,48633,1677157652
cancel,15504,,,1677158239
cancel,19909,,,1677158239
cancel,21055,,,1677158239
cancel,24999,,,1677158239
newOrder,19909,0,12156,1677158245
newOrder,21055,1,12156,1677158245
newOrder,15504,0,48625,1677158245
newOrder,24999,1,48625,1677158245
cancel,15504,,,1677158833
cancel,19909,,,1677158833
cancel,21055,,,1677158833
cancel,24999,,,1677158833
newOrder,19909,0,12154,1677158841
newOrder,21055,1,12154,1677158841
newOrder,15504,0,48618,1677158841
newOrder,24999,1,48618,1677158841
cancel,15504,,,1677159434
cancel,19909,,,1677159434
cancel,21055,,,1677159434
cancel,24999,,,1677159434
newOrder,19909,0,12153,1677159442
newOrder,21055,1,12153,1677159442
newOrder,15504,0,48610,1677159442
newOrder,24999,1,48610,1677159442
cancel,15504,,,1677160036
cancel,19909,,,1677160036
cancel,21055,,,1677160036
cancel,24999,,,1677160036
newOrder,19909,0,12151,1677160043
newOrder,21055,1,12151,1677160043
newOrder,15504,0,48603,1677160043
newOrder,24999,1,48603,1677160043
cancel,15504,,,1677160635
cancel,19909,,,1677160635
cancel,21055,,,1677160635
cancel,24999,,,1677160635
newOrder,19909,0,12149,1677160642
newOrder,21055,1,12149,1677160642
newOrder,15504,0,48595,1677160642
newOrder,24999,1,48595,1677160642
cancel,15504,,,1677161234
cancel,19909,,,1677161234
cancel,21055,,,1677161234
cancel,24999,,,1677161234
newOrder,19909,0,12147,1677161242
newOrder,21055,1,12147,1677161242
newOrder,15504,0,48588,1677161242
newOrder,24999,1,48588,1677161242
cancel,15504,,,1677161834
cancel,19909,,,1677161834
cancel,21055,,,1677161834
cancel,24999,,,1677161834
newOrder,19909,0,12145,1677161840
newOrder,21055,1,12145,1677161840
newOrder,15504,0,48580,1677161840
newOrder,24999,1,48580,1677161840
cancel,15504,,,1677162433
cancel,19909,,,1677162433
cancel,21055,,,1677162433
cancel,24999,,,1677162433
newOrder,19909,0,12143,1677162442
newOrder,21055,1,12143,1677162442
newOrder,15504,0,48572,1677162442
newOrder,24999,1,48572,1677162442
cancel,15504,,,1677163035
cancel,19909,,,1677163035
cancel,21055,,,1677163035
cancel,24999,,,1677163035
newOrder,19909,0,12009,1677163043
newOrder,21096,1,12009,1677163043
newOrder,15504,0,48038,1677163043
newOrder,24999,1,48038,1677163043
cancel,15504,,,1677163633
cancel,19909,,,1677163633
cancel,21096,,,1677163633
cancel,24999,,,1677163633
newOrder,19909,0,12007,1677163643
newOrder,21097,1,12007,1677163643
newOrder,15504,0,48027,1677163643
newOrder,24999,1,48027,1677163643
cancel,15504,,,1677164234
cancel,19909,,,1677164234
cancel,21097,,,1677164234
cancel,24999,,,1677164234
newOrder,19909,0,12005,1677164245
newOrder,21097,1,12005,1677164245
newOrder,15504,0,48019,1677164245
newOrder,24999,1,48019,1677164245
cancel,15504,,,1677164835
cancel,19909,,,1677164835
cancel,21097,,,1677164835
cancel,24999,,,1677164835
newOrder,19909,0,11997,1677164841
newOrder,21098,1,11997,1677164841
newOrder,15504,0,47989,1677164841
newOrder,24999,1,47989,1677164841
cancel,15504,,,1677165434
cancel,19909,,,1677165434
cancel,21098,,,1677165434
cancel,24999,,,1677165434
newOrder,19909,0,11995,1677165442
newOrder,21098,1,11995,1677165442
newOrder,15504,0,47981,1677165442
newOrder,24999,1,47981,1677165442
cancel,15504,,,1677166035
cancel,19909,,,1677166035
cancel,21098,,,1677166035
cancel,24999,,,1677166035
newOrder,19909,0,11993,1677166042
newOrder,21098,1,11993,1677166042
newOrder,15504,0,47973,1677166042
newOrder,24999,1,47973,1677166042
cancel,15504,,,1677166634
cancel,19909,,,1677166634
cancel,21098,,,1677166634
cancel,24999,,,1677166634
newOrder,19909,0,11991,1677166643
newOrder,21098,1,11991,1677166643
newOrder,15504,0,47965,1677166643
newOrder,24999,1,47965,1677166643