instruction,price,side,qty,time
cancel,10218,,,1687609015
cancel,17030,,,1687609015
cancel,18075,,,1687609015
cancel,24999,,,1687609015
newOrder,17030,0,17536,1687609037
newOrder,18075,1,17536,1687609037
newOrder,10526,0,30168,1687609037
newOrder,24957,1,30168,1687609037
cancel,10526,,,1687609615
cancel,17030,,,1687609615
cancel,18075,,,1687609615
cancel,24957,,,1687609615
newOrder,17030,0,17541,1687609637
newOrder,18075,1,17541,1687609637
newOrder,10526,0,38354,1687609637
newOrder,24957,1,38354,1687609637
cancel,10526,,,1687610215
cancel,17030,,,1687610215
cancel,18075,,,1687610215
cancel,24957,,,1687610215
newOrder,17030,0,17545,1687610238
newOrder,18075,1,17545,1687610238
newOrder,12204,0,21477,1687610238
newOrder,24957,1,21477,1687610238
cancel,12204,,,1687610815
cancel,17030,,,1687610815
cancel,18075,,,1687610815
cancel,24957,,,1687610815
newOrder,17030,0,17550,1687610838
newOrder,18075,1,17550,1687610838
newOrder,10526,0,30340,1687610838
newOrder,24957,1,30340,1687610838
cancel,10526,,,1687611416
cancel,17030,,,1687611416
cancel,18075,,,1687611416
cancel,24957,,,1687611416
newOrder,17030,0,17554,1687611440
newOrder,18075,1,17554,1687611440
newOrder,10218,0,47848,1687611440
newOrder,24999,1,47848,1687611440
cancel,10218,,,1687612014
cancel,17030,,,1687612014
cancel,18075,,,1687612014
cancel,24999,,,1687612014
newOrder,17030,0,17559,1687612038
newOrder,18075,1,17559,1687612038
newOrder,10218,0,46885,1687612038
newOrder,24999,1,46885,1687612038
cancel,10218,,,1687612616
cancel,17030,,,1687612616
cancel,18075,,,1687612616
cancel,24999,,,1687612616
newOrder,17030,0,17563,1687612638
newOrder,18075,1,17563,1687612638
newOrder,10218,0,56576,1687612638
newOrder,24999,1,56576,1687612638
cancel,10218,,,1687613218
cancel,17030,,,1687613218
cancel,18075,,,1687613218
cancel,24999,,,1687613218
newOrder,17030,0,17568,1687613240
newOrder,18075,1,17568,1687613240
newOrder,10218,0,83629,1687613240
newOrder,24999,1,83629,1687613240
cancel,10218,,,1687613815
cancel,17030,,,1687613815
cancel,18075,,,1687613815
cancel,24999,,,1687613815
newOrder,17038,0,17587,1687613838
newOrder,18075,1,17587,1687613838
newOrder,10223,0,42148,1687613838
newOrder,24957,1,42148,1687613838
cancel,10223,,,1687614416
cancel,17038,,,1687614416
cancel,18075,,,1687614416
cancel,24957,,,1687614416
newOrder,17038,0,17591,1687614439
newOrder,18075,1,17591,1687614439
newOrder,12204,0,19591,1687614439
newOrder,24957,1,19591,1687614439
cancel,12204,,,1687615015
cancel,17038,,,1687615015
cancel,18075,,,1687615015
cancel,24957,,,1687615015
newOrder,17038,0,17596,1687615038
newOrder,18075,1,17596,1687615038
newOrder,16975,0,15623,1687615038
cancel,16975,,,1687615615
cancel,17038,,,1687615615
cancel,18075,,,1687615615
newOrder,17038,0,17600,1687615638
newOrder,18075,1,17600,1687615638
newOrder,12204,0,25375,1687615638
newOrder,24957,1,25375,1687615638
cancel,12204,,,1687616215
cancel,17038,,,1687616215
cancel,18075,,,1687616215
cancel,24957,,,1687616215
newOrder,17038,0,17605,1687616237
newOrder,18075,1,17605,1687616237
newOrder,16975,0,15002,1687616237
cancel,16975,,,1687616816
cancel,17038,,,1687616816
cancel,18075,,,1687616816
newOrder,17038,0,17609,1687616837
newOrder,18075,1,17609,1687616837
newOrder,16975,0,15628,1687616837
cancel,16975,,,1687617416
cancel,17038,,,1687617416
cancel,18075,,,1687617416
newOrder,17030,0,17599,1687617438
newOrder,18075,1,17599,1687617438
newOrder,10218,0,89934,1687617438
newOrder,24999,1,89934,1687617438
cancel,10218,,,1687618015
cancel,17030,,,1687618015
cancel,18075,,,1687618015
cancel,24999,,,1687618015
newOrder,17031,0,17606,1687618038
newOrder,18075,1,17606,1687618038
newOrder,10219,0,65764,1687618038
newOrder,24999,1,65764,1687618038
cancel,10219,,,1687618616
cancel,17031,,,1687618616
cancel,18075,,,1687618616
cancel,24999,,,1687618616
newOrder,17031,0,17610,1687618638
newOrder,18075,1,17610,1687618638
newOrder,10526,0,32942,1687618638
newOrder,24957,1,32942,1687618638
cancel,10526,,,1687619216
cancel,17031,,,1687619216
cancel,18075,,,1687619216
cancel,24957,,,1687619216
newOrder,17031,0,17615,1687619239
newOrder,18075,1,17615,1687619239
newOrder,10219,0,76183,1687619239
newOrder,24999,1,76183,1687619239
cancel,10219,,,1687619816
cancel,17031,,,1687619816
cancel,18075,,,1687619816
cancel,24999,,,1687619816
newOrder,17031,0,17619,1687619839
newOrder,18075,1,17619,1687619839
newOrder,10218,0,83435,1687619839
newOrder,24999,1,83435,1687619839
cancel,10218,,,1687620416
cancel,17031,,,1687620416
cancel,18075,,,1687620416
cancel,24999,,,1687620416
newOrder,17031,0,17623,1687620439
newOrder,18075,1,17623,1687620439
newOrder,12204,0,19205,1687620439
newOrder,24957,1,19205,1687620439
cancel,12204,,,1687621016
cancel,17031,,,1687621016
cancel,18075,,,1687621016
cancel,24957,,,1687621016
newOrder,17030,0,17626,1687621037
newOrder,18075,1,17626,1687621037
newOrder,10218,0,75254,1687621037
newOrder,24999,1,75254,1687621037
cancel,10218,,,1687621615
cancel,17030,,,1687621615
cancel,18075,,,1687621615
cancel,24999,,,1687621615
newOrder,17029,0,17630,1687621637
newOrder,18075,1,17630,1687621637
newOrder,10218,0,45972,1687621637
newOrder,24999,1,45972,1687621637
cancel,10218,,,1687622215
cancel,17029,,,1687622215
cancel,18075,,,1687622215
cancel,24999,,,1687622215
newOrder,17029,0,17635,1687622238
newOrder,18075,1,17635,1687622238
newOrder,10218,0,57146,1687622238
newOrder,24999,1,57146,1687622238
cancel,10218,,,1687622816
cancel,17029,,,1687622816
cancel,18075,,,1687622816
cancel,24999,,,1687622816
newOrder,17029,0,17639,1687622841
newOrder,18075,1,17639,1687622841
newOrder,15217,0,17805,1687622841
newOrder,19999,1,17805,1687622841
cancel,15217,,,1687623416
cancel,17029,,,1687623416
cancel,18075,,,1687623416
cancel,19999,,,1687623416
newOrder,17029,0,17643,1687623440
newOrder,18075,1,17643,1687623440
newOrder,10217,0,48679,1687623440
newOrder,24999,1,48679,1687623440
cancel,10217,,,1687624016
cancel,17029,,,1687624016
cancel,18075,,,1687624016
cancel,24999,,,1687624016
newOrder,17037,0,17664,1687624036
newOrder,18075,1,17664,1687624036
newOrder,10222,0,48961,1687624036
newOrder,24999,1,48961,1687624036
cancel,10222,,,1687624616
cancel,17037,,,1687624616
cancel,18075,,,1687624616
cancel,24999,,,1687624616
newOrder,17037,0,17668,1687624637
newOrder,18075,1,17668,1687624637
newOrder,10222,0,42560,1687624637
newOrder,24957,1,42560,1687624637
cancel,10222,,,1687625215
cancel,17037,,,1687625215
cancel,18075,,,1687625215
cancel,24957,,,1687625215
newOrder,17052,0,17703,1687625239
newOrder,18075,1,17703,1687625239
newOrder,10231,0,90704,1687625239
newOrder,24999,1,90704,1687625239
cancel,10231,,,1687625816
cancel,17052,,,1687625816
cancel,18075,,,1687625816
cancel,24999,,,1687625816
newOrder,17052,0,17707,1687625838
newOrder,18075,1,17707,1687625838
newOrder,10231,0,74802,1687625838
newOrder,24999,1,74802,1687625838
cancel,10231,,,1687626416
cancel,17052,,,1687626416
cancel,18075,,,1687626416
cancel,24999,,,1687626416
newOrder,17052,0,17712,1687626438
newOrder,18075,1,17712,1687626438
newOrder,10231,0,41933,1687626438
newOrder,24957,1,41933,1687626438
cancel,10231,,,1687627016
cancel,17052,,,1687627016
cancel,18075,,,1687627016
cancel,24957,,,1687627016
newOrder,17081,0,17773,1687627039
newOrder,18075,1,17773,1687627039
newOrder,10526,0,35389,1687627039
newOrder,24957,1,35389,1687627039
cancel,10526,,,1687627615
cancel,17081,,,1687627615
cancel,18075,,,1687627615
cancel,24957,,,1687627615
newOrder,17081,0,17778,1687627639
newOrder,18075,1,17778,1687627639
newOrder,12013,0,29034,1687627639
newOrder,24957,1,29034,1687627639
cancel,12013,,,1687628216
cancel,17081,,,1687628216
cancel,18075,,,1687628216
cancel,24957,,,1687628216
newOrder,17081,0,17783,1687628238
newOrder,18075,1,17783,1687628238
newOrder,10249,0,41871,1687628238
newOrder,24957,1,41871,1687628238
cancel,10249,,,1687628815
cancel,17081,,,1687628815
cancel,18075,,,1687628815
cancel,24957,,,1687628815
newOrder,17081,0,17788,1687628838
newOrder,18075,1,17788,1687628838
newOrder,10526,0,35327,1687628838
newOrder,24957,1,35327,1687628838
cancel,10526,,,1687629415
cancel,17081,,,1687629415
cancel,18075,,,1687629415
cancel,24957,,,1687629415
newOrder,17081,0,17792,1687629436
newOrder,18075,1,17792,1687629436
newOrder,16975,0,16462,1687629436
cancel,16975,,,1687630018
cancel,17081,,,1687630018
cancel,18075,,,1687630018
newOrder,17081,0,17797,1687630041
newOrder,18075,1,17797,1687630041
newOrder,10249,0,91960,1687630041
newOrder,24999,1,91960,1687630041
cancel,10249,,,1687630615
cancel,17081,,,1687630615
cancel,18075,,,1687630615
cancel,24999,,,1687630615
newOrder,17081,0,17802,1687630639
newOrder,18075,1,17802,1687630639
newOrder,10249,0,55023,1687630639
newOrder,24999,1,55023,1687630639
cancel,10249,,,1687631215
cancel,17081,,,1687631215
cancel,18075,,,1687631215
cancel,24999,,,1687631215
newOrder,17081,0,17807,1687631238
newOrder,18075,1,17807,1687631238
newOrder,10249,0,42643,1687631238
newOrder,24957,1,42643,1687631238
cancel,10249,,,1687631815
cancel,17081,,,1687631815
cancel,18075,,,1687631815
cancel,24957,,,1687631815
newOrder,17081,0,17812,1687631837
newOrder,18075,1,17812,1687631837
newOrder,12204,0,23895,1687631837
newOrder,24957,1,23895,1687631837
cancel,12204,,,1687632415
cancel,17081,,,1687632415
cancel,18075,,,1687632415
cancel,24957,,,1687632415
newOrder,17081,0,17817,1687632437
newOrder,18075,1,17817,1687632437
newOrder,10249,0,62422,1687632437
newOrder,24999,1,62422,1687632437
cancel,10249,,,1687633015
cancel,17081,,,1687633015
cancel,18075,,,1687633015
cancel,24999,,,1687633015
newOrder,17081,0,17822,1687633039
newOrder,18075,1,17822,1687633039
newOrder,10249,0,76567,1687633039
newOrder,24999,1,76567,1687633039
cancel,10249,,,1687633615
cancel,17081,,,1687633615
cancel,18075,,,1687633615
cancel,24999,,,1687633615
newOrder,17081,0,17826,1687633639
newOrder,18075,1,17826,1687633639
newOrder,12204,0,20543,1687633639
newOrder,24957,1,20543,1687633639
cancel,12204,,,1687634216
cancel,17081,,,1687634216
cancel,18075,,,1687634216
cancel,24957,,,1687634216
newOrder,17081,0,17831,1687634238
newOrder,18075,1,17831,1687634238
newOrder,10249,0,64781,1687634238
newOrder,24999,1,64781,1687634238
cancel,10249,,,1687634816
cancel,17081,,,1687634816
cancel,18075,,,1687634816
cancel,24999,,,1687634816
newOrder,17081,0,17836,1687634837
newOrder,18075,1,17836,1687634837
newOrder,10249,0,53290,1687634837
newOrder,24999,1,53290,1687634837
cancel,10249,,,1687635415
cancel,17081,,,1687635415
cancel,18075,,,1687635415
cancel,24999,,,1687635415
newOrder,17081,0,17841,1687635435
newOrder,18075,1,17841,1687635435
newOrder,16975,0,13015,1687635435
cancel,16975,,,1687636016
cancel,17081,,,1687636016
cancel,18075,,,1687636016
newOrder,17081,0,17846,1687636039
newOrder,18075,1,17846,1687636039
newOrder,10249,0,63915,1687636039
newOrder,24999,1,63915,1687636039
cancel,10249,,,1687636615
cancel,17081,,,1687636615
cancel,18075,,,1687636615
cancel,24999,,,1687636615
newOrder,17081,0,17851,1687636638
newOrder,18075,1,17851,1687636638
newOrder,10249,0,71376,1687636638
newOrder,24999,1,71376,1687636638
cancel,10249,,,1687637216
cancel,17081,,,1687637216
cancel,18075,,,1687637216
cancel,24999,,,1687637216
newOrder,17081,0,17856,1687637237
newOrder,18075,1,17856,1687637237
newOrder,10249,0,90099,1687637237
newOrder,24999,1,90099,1687637237
cancel,10249,,,1687637816
cancel,17081,,,1687637816
cancel,18075,,,1687637816
cancel,24999,,,1687637816
newOrder,17081,0,17861,1687637838
newOrder,18075,1,17861,1687637838
newOrder,12204,0,19046,1687637838
newOrder,24957,1,19046,1687637838
cancel,12204,,,1687638416
cancel,17081,,,1687638416
cancel,18075,,,1687638416
cancel,24957,,,1687638416
newOrder,17081,0,17866,1687638438
newOrder,18075,1,17866,1687638438
newOrder,10249,0,95378,1687638438
newOrder,24999,1,95378,1687638438
cancel,10249,,,1687639017
cancel,17081,,,1687639017
cancel,18075,,,1687639017
cancel,24999,,,1687639017
newOrder,17081,0,17871,1687639040
newOrder,18075,1,17871,1687639040
newOrder,10249,0,77647,1687639040
newOrder,24999,1,77647,1687639040
cancel,10249,,,1687639614
cancel,17081,,,1687639614
cancel,18075,,,1687639614
cancel,24999,,,1687639614
newOrder,17081,0,17876,1687639638
newOrder,18075,1,17876,1687639638
newOrder,10249,0,65574,1687639638
newOrder,24999,1,65574,1687639638
cancel,10249,,,1687640215
cancel,17081,,,1687640215
cancel,18075,,,1687640215
cancel,24999,,,1687640215
newOrder,17081,0,17880,1687640237
newOrder,18075,1,17880,1687640237
newOrder,10249,0,50147,1687640237
newOrder,24999,1,50147,1687640237
cancel,10249,,,1687640815
cancel,17081,,,1687640815
cancel,18075,,,1687640815
cancel,24999,,,1687640815
newOrder,17081,0,17885,1687640837
newOrder,18075,1,17885,1687640837
newOrder,10249,0,93047,1687640837
newOrder,24999,1,93047,1687640837
cancel,10249,,,1687641416
cancel,17081,,,1687641416
cancel,18075,,,1687641416
cancel,24999,,,1687641416
newOrder,17081,0,17890,1687641438
newOrder,18075,1,17890,1687641438
newOrder,10249,0,52103,1687641438
newOrder,24999,1,52103,1687641438
cancel,10249,,,1687642016
cancel,17081,,,1687642016
cancel,18075,,,1687642016
cancel,24999,,,1687642016
newOrder,17081,0,17895,1687642039
newOrder,18075,1,17895,1687642039
newOrder,10249,0,44621,1687642039
newOrder,24999,1,44621,1687642039
cancel,10249,,,1687642616
cancel,17081,,,1687642616
cancel,18075,,,1687642616
cancel,24999,,,1687642616
newOrder,17081,0,17900,1687642638
newOrder,18075,1,17900,1687642638
newOrder,10249,0,60725,1687642638
newOrder,24999,1,60725,1687642638
cancel,10249,,,1687643216
cancel,17081,,,1687643216
cancel,18075,,,1687643216
cancel,24999,,,1687643216
newOrder,17081,0,17905,1687643238
newOrder,18075,1,17905,1687643238
newOrder,10249,0,83862,1687643238
newOrder,24999,1,83862,1687643238
cancel,10249,,,1687643815
cancel,17081,,,1687643815
cancel,18075,,,1687643815
cancel,24999,,,1687643815
newOrder,17081,0,17910,1687643838
newOrder,18075,1,17910,1687643838
newOrder,16975,0,16921,1687643838
cancel,16975,,,1687644415
cancel,17081,,,1687644415
cancel,18075,,,1687644415
newOrder,17118,0,17985,1687644437
newOrder,18075,1,17985,1687644437
newOrder,10271,0,69124,1687644437
newOrder,24999,1,69124,1687644437
cancel,10271,,,1687645015
cancel,17118,,,1687645015
cancel,18075,,,1687645015
cancel,24999,,,1687645015
newOrder,17118,0,17990,1687645039
newOrder,18075,1,17990,1687645039
newOrder,10271,0,46726,1687645039
newOrder,24999,1,46726,1687645039
cancel,10271,,,1687645616
cancel,17118,,,1687645616
cancel,18075,,,1687645616
cancel,24999,,,1687645616
newOrder,17118,0,17995,1687645638
newOrder,18075,1,17995,1687645638
newOrder,10271,0,76203,1687645638
newOrder,24999,1,76203,1687645638
cancel,10271,,,1687646215
cancel,17118,,,1687646215
cancel,18075,,,1687646215
cancel,24999,,,1687646215
newOrder,17118,0,18000,1687646238
newOrder,18075,1,18000,1687646238
newOrder,10271,0,94667,1687646238
newOrder,24999,1,94667,1687646238
cancel,10271,,,1687646816
cancel,17118,,,1687646816
cancel,18075,,,1687646816
cancel,24999,,,1687646816
newOrder,17118,0,18005,1687646838
newOrder,18075,1,18005,1687646838
newOrder,10526,0,38435,1687646838
newOrder,24957,1,38435,1687646838
cancel,10526,,,1687647415
cancel,17118,,,1687647415
cancel,18075,,,1687647415
cancel,24957,,,1687647415
newOrder,17118,0,18010,1687647437
newOrder,18075,1,18010,1687647437
newOrder,12204,0,24417,1687647437
newOrder,24957,1,24417,1687647437
cancel,12204,,,1687648015
cancel,17118,,,1687648015
cancel,18075,,,1687648015
cancel,24957,,,1687648015
newOrder,17118,0,18016,1687648038
newOrder,18075,1,18016,1687648038
newOrder,10271,0,44381,1687648038
newOrder,24999,1,44381,1687648038
cancel,10271,,,1687648616
cancel,17118,,,1687648616
cancel,18075,,,1687648616
cancel,24999,,,1687648616
newOrder,17118,0,18021,1687648638
newOrder,18075,1,18021,1687648638
newOrder,12204,0,21821,1687648638
newOrder,24957,1,21821,1687648638
cancel,12204,,,1687649215
cancel,17118,,,1687649215
cancel,18075,,,1687649215
cancel,24957,,,1687649215
newOrder,17118,0,18026,1687649237
newOrder,18075,1,18026,1687649237
newOrder,12002,0,30000,1687649237
newOrder,24957,1,30000,1687649237
cancel,12002,,,1687649816
cancel,17118,,,1687649816
cancel,18075,,,1687649816
cancel,24957,,,1687649816
newOrder,17118,0,18031,1687649838
newOrder,18075,1,18031,1687649838
newOrder,10526,0,39791,1687649838
newOrder,24957,1,39791,1687649838
cancel,10526,,,1687650416
cancel,17118,,,1687650416
cancel,18075,,,1687650416
cancel,24957,,,1687650416
newOrder,17118,0,18036,1687650438
newOrder,18075,1,18036,1687650438
newOrder,10526,0,36060,1687650438
newOrder,24957,1,36060,1687650438
cancel,10526,,,1687651015
cancel,17118,,,1687651015
cancel,18075,,,1687651015
cancel,24957,,,1687651015
newOrder,17118,0,18041,1687651037
newOrder,18075,1,18041,1687651037
newOrder,10271,0,86198,1687651037
newOrder,24999,1,86198,1687651037
cancel,10271,,,1687651615
cancel,17118,,,1687651615
cancel,18075,,,1687651615
cancel,24999,,,1687651615
newOrder,17118,0,18046,1687651637
newOrder,18075,1,18046,1687651637
newOrder,10271,0,78455,1687651637
newOrder,24999,1,78455,1687651637
cancel,10271,,,1687652215
cancel,17118,,,1687652215
cancel,18075,,,1687652215
cancel,24999,,,1687652215
newOrder,17118,0,18052,1687652237
newOrder,18075,1,18052,1687652237
newOrder,10271,0,45334,1687652237
newOrder,24999,1,45334,1687652237
cancel,10271,,,1687652815
cancel,17118,,,1687652815
cancel,18075,,,1687652815
cancel,24999,,,1687652815
newOrder,17118,0,18057,1687652837
newOrder,18075,1,18057,1687652837
newOrder,10271,0,61774,1687652837
newOrder,24999,1,61774,1687652837
cancel,10271,,,1687653416
cancel,17118,,,1687653416
cancel,18075,,,1687653416
cancel,24999,,,1687653416
newOrder,17118,0,18062,1687653439
newOrder,18075,1,18062,1687653439
newOrder,12204,0,23612,1687653439
newOrder,24957,1,23612,1687653439
cancel,12204,,,1687654015
cancel,17118,,,1687654015
cancel,18075,,,1687654015
cancel,24957,,,1687654015
newOrder,17118,0,18067,1687654037
newOrder,18075,1,18067,1687654037
newOrder,12162,0,27079,1687654037
newOrder,24957,1,27079,1687654037
cancel,12162,,,1687654616
cancel,17118,,,1687654616
cancel,18075,,,1687654616
cancel,24957,,,1687654616
newOrder,17118,0,18072,1687654638
newOrder,18075,1,18072,1687654638
newOrder,12204,0,24469,1687654638
newOrder,24957,1,24469,1687654638
cancel,12204,,,1687655216
cancel,17118,,,1687655216
cancel,18075,,,1687655216
cancel,24957,,,1687655216
newOrder,17073,0,17989,1687655237
newOrder,18075,1,17989,1687655237
newOrder,12204,0,23870,1687655237
newOrder,24957,1,23870,1687655237
cancel,12204,,,1687655816
cancel,17073,,,1687655816
cancel,18075,,,1687655816
cancel,24957,,,1687655816
newOrder,17073,0,17994,1687655837
newOrder,18075,1,17994,1687655837
newOrder,16975,0,12928,1687655837
cancel,16975,,,1687656416
cancel,17073,,,1687656416
cancel,18075,,,1687656416
newOrder,17073,0,17999,1687656439
newOrder,18075,1,17999,1687656439
newOrder,10526,0,35866,1687656439
newOrder,24957,1,35866,1687656439
cancel,10526,,,1687657016
cancel,17073,,,1687657016
cancel,18075,,,1687657016
cancel,24957,,,1687657016
newOrder,17073,0,18004,1687657038
newOrder,18075,1,18004,1687657038
newOrder,10244,0,67434,1687657038
newOrder,24999,1,67434,1687657038
cancel,10244,,,1687657615
cancel,17073,,,1687657615
cancel,18075,,,1687657615
cancel,24999,,,1687657615
newOrder,17074,0,18011,1687657638
newOrder,18075,1,18011,1687657638
newOrder,10244,0,81345,1687657638
newOrder,24999,1,81345,1687657638
cancel,10244,,,1687658217
cancel,17074,,,1687658217
cancel,18075,,,1687658217
cancel,24999,,,1687658217
newOrder,17074,0,18016,1687658238
newOrder,18075,1,18016,1687658238
newOrder,16975,0,13850,1687658238
cancel,16975,,,1687658816
cancel,17074,,,1687658816
cancel,18075,,,1687658816
newOrder,17074,0,18021,1687658840
newOrder,18075,1,18021,1687658840
newOrder,10244,0,89003,1687658840
newOrder,24999,1,89003,1687658840
cancel,10244,,,1687659416
cancel,17074,,,1687659416
cancel,18075,,,1687659416
cancel,24999,,,1687659416
newOrder,17074,0,18027,1687659437
newOrder,18075,1,18027,1687659437
newOrder,10244,0,96314,1687659437
newOrder,24999,1,96314,1687659437
cancel,10244,,,1687660015
cancel,17074,,,1687660015
cancel,18075,,,1687660015
cancel,24999,,,1687660015
newOrder,17074,0,18032,1687660039
newOrder,18075,1,18032,1687660039
newOrder,12204,0,18961,1687660039
newOrder,24957,1,18961,1687660039
cancel,12204,,,1687660617
cancel,17074,,,1687660617
cancel,18075,,,1687660617
cancel,24957,,,1687660617
newOrder,17074,0,18037,1687660639
newOrder,18075,1,18037,1687660639
newOrder,10244,0,64253,1687660639
newOrder,24999,1,64253,1687660639
cancel,10244,,,1687661215
cancel,17074,,,1687661215
cancel,18075,,,1687661215
cancel,24999,,,1687661215
newOrder,17074,0,18042,1687661239
newOrder,18075,1,18042,1687661239
newOrder,10244,0,41171,1687661239
newOrder,24957,1,41171,1687661239
cancel,10244,,,1687661815
cancel,17074,,,1687661815
cancel,18075,,,1687661815
cancel,24957,,,1687661815
newOrder,17074,0,18047,1687661838
newOrder,18075,1,18047,1687661838
newOrder,10244,0,60680,1687661838
newOrder,24999,1,60680,1687661838
cancel,10244,,,1687662416
cancel,17074,,,1687662416
cancel,18075,,,1687662416
cancel,24999,,,1687662416
newOrder,17074,0,18052,1687662437
newOrder,18075,1,18052,1687662437
newOrder,10244,0,49113,1687662437
newOrder,24999,1,49113,1687662437
cancel,10244,,,1687663015
cancel,17074,,,1687663015
cancel,18075,,,1687663015
cancel,24999,,,1687663015
newOrder,17074,0,18057,1687663037
newOrder,18075,1,18057,1687663037
newOrder,10244,0,66575,1687663037
newOrder,24999,1,66575,1687663037
cancel,10244,,,1687663616
cancel,17074,,,1687663616
cancel,18075,,,1687663616
cancel,24999,,,1687663616
newOrder,17074,0,18062,1687663637
newOrder,18075,1,18062,1687663637
newOrder,10244,0,81058,1687663637
newOrder,24999,1,81058,1687663637
cancel,10244,,,1687664216
cancel,17074,,,1687664216
cancel,18075,,,1687664216
cancel,24999,,,1687664216
newOrder,17074,0,18067,1687664237
newOrder,18075,1,18067,1687664237
newOrder,12204,0,24668,1687664237
newOrder,24957,1,24668,1687664237
cancel,12204,,,1687664815
cancel,17074,,,1687664815
cancel,18075,,,1687664815
cancel,24957,,,1687664815
newOrder,17074,0,18073,1687664837
newOrder,18075,1,18073,1687664837
newOrder,10526,0,31076,1687664837
newOrder,24957,1,31076,1687664837
cancel,10526,,,1687665415
cancel,17074,,,1687665415
cancel,18075,,,1687665415
cancel,24957,,,1687665415
newOrder,17074,0,18078,1687665437
newOrder,18075,1,18078,1687665437
newOrder,10244,0,94311,1687665437
newOrder,24999,1,94311,1687665437
cancel,10244,,,1687666016
cancel,17074,,,1687666016
cancel,18075,,,1687666016
cancel,24999,,,1687666016
newOrder,17074,0,18083,1687666038
newOrder,18075,1,18083,1687666038
newOrder,10526,0,35467,1687666038
newOrder,24957,1,35467,1687666038
cancel,10526,,,1687666616
cancel,17074,,,1687666616
cancel,18075,,,1687666616
cancel,24957,,,1687666616
newOrder,17055,0,18048,1687666638
newOrder,18075,1,18048,1687666638
newOrder,16975,0,11255,1687666638
cancel,16975,,,1687667215
cancel,17055,,,1687667215
cancel,18075,,,1687667215
newOrder,17055,0,18053,1687667237
newOrder,18075,1,18053,1687667237
newOrder,12013,0,29848,1687667237
newOrder,24957,1,29848,1687667237
cancel,12013,,,1687667816
cancel,17055,,,1687667816
cancel,18075,,,1687667816
cancel,24957,,,1687667816
newOrder,17055,0,18058,1687667841
newOrder,18075,1,18058,1687667841
newOrder,10233,0,88140,1687667841
newOrder,24999,1,88140,1687667841
cancel,10233,,,1687668415
cancel,17055,,,1687668415
cancel,18075,,,1687668415
cancel,24999,,,1687668415
newOrder,17055,0,18063,1687668444
newOrder,18075,1,18063,1687668444
newOrder,12204,0,19848,1687668444
newOrder,24957,1,19848,1687668444
cancel,12204,,,1687669015
cancel,17055,,,1687669015
cancel,18075,,,1687669015
cancel,24957,,,1687669015
newOrder,17055,0,18068,1687669037
newOrder,18075,1,18068,1687669037
newOrder,10233,0,74720,1687669037
newOrder,24999,1,74720,1687669037
cancel,10233,,,1687669616
cancel,17055,,,1687669616
cancel,18075,,,1687669616
cancel,24999,,,1687669616
newOrder,17055,0,18073,1687669637
newOrder,18075,1,18073,1687669637
newOrder,10233,0,89899,1687669637
newOrder,24999,1,89899,1687669637
cancel,10233,,,1687670217
cancel,17055,,,1687670217
cancel,18075,,,1687670217
cancel,24999,,,1687670217
newOrder,17055,0,18078,1687670239
newOrder,18075,1,18078,1687670239
newOrder,12162,0,28785,1687670239
newOrder,24957,1,28785,1687670239
cancel,12162,,,1687670816
cancel,17055,,,1687670816
cancel,18075,,,1687670816
cancel,24957,,,1687670816
newOrder,17055,0,18083,1687670837
newOrder,18075,1,18083,1687670837
newOrder,10526,0,37960,1687670837
newOrder,24957,1,37960,1687670837
cancel,10526,,,1687671416
cancel,17055,,,1687671416
cancel,18075,,,1687671416
cancel,24957,,,1687671416
newOrder,17055,0,18088,1687671438
newOrder,18075,1,18088,1687671438
newOrder,12013,0,29285,1687671438
newOrder,24957,1,29285,1687671438
cancel,12013,,,1687672016
cancel,17055,,,1687672016
cancel,18075,,,1687672016
cancel,24957,,,1687672016
newOrder,17055,0,18094,1687672039
newOrder,18075,1,18094,1687672039
newOrder,12162,0,27724,1687672039
newOrder,24957,1,27724,1687672039
cancel,12162,,,1687672616
cancel,17055,,,1687672616
cancel,18075,,,1687672616
cancel,24957,,,1687672616
newOrder,17055,0,18099,1687672639
newOrder,18075,1,18099,1687672639
newOrder,12162,0,26837,1687672639
newOrder,24957,1,26837,1687672639
cancel,12162,,,1687673216
cancel,17055,,,1687673216
cancel,18075,,,1687673216
cancel,24957,,,1687673216
newOrder,17055,0,18104,1687673238
newOrder,18075,1,18104,1687673238
newOrder,16975,0,16077,1687673238
cancel,16975,,,1687673815
cancel,17055,,,1687673815
cancel,18075,,,1687673815
newOrder,17055,0,18109,1687673836
newOrder,18075,1,18109,1687673836
newOrder,16975,0,12857,1687673836
cancel,16975,,,1687674415
cancel,17055,,,1687674415
cancel,18075,,,1687674415
newOrder,17055,0,18114,1687674438
newOrder,18075,1,18114,1687674438
newOrder,10233,0,68175,1687674438
newOrder,24999,1,68175,1687674438
cancel,10233,,,1687675015
cancel,17055,,,1687675015
cancel,18075,,,1687675015
cancel,24999,,,1687675015
newOrder,17055,0,18119,1687675037
newOrder,18075,1,18119,1687675037
newOrder,10233,0,81960,1687675037
newOrder,24999,1,81960,1687675037
cancel,10233,,,1687675616
cancel,17055,,,1687675616
cancel,18075,,,1687675616
cancel,24999,,,1687675616
newOrder,17055,0,18124,1687675638
newOrder,18075,1,18124,1687675638
newOrder,10233,0,65140,1687675638
newOrder,24999,1,65140,1687675638
cancel,10233,,,1687676215
cancel,17055,,,1687676215
cancel,18075,,,1687676215
cancel,24999,,,1687676215
newOrder,17055,0,18129,1687676237
newOrder,18075,1,18129,1687676237
newOrder,10233,0,50402,1687676237
newOrder,24999,1,50402,1687676237
cancel,10233,,,1687676816
cancel,17055,,,1687676816
cancel,18075,,,1687676816
cancel,24999,,,1687676816
newOrder,17055,0,18135,1687676839
newOrder,18075,1,18135,1687676839
newOrder,10233,0,50930,1687676839
newOrder,24999,1,50930,1687676839
cancel,10233,,,1687677416
cancel,17055,,,1687677416
cancel,18075,,,1687677416
cancel,24999,,,1687677416
newOrder,17055,0,18140,1687677437
newOrder,18075,1,18140,1687677437
newOrder,10233,0,64360,1687677437
newOrder,24999,1,64360,1687677437
cancel,10233,,,1687678016
cancel,17055,,,1687678016
cancel,18075,,,1687678016
cancel,24999,,,1687678016
newOrder,17055,0,18145,1687678036
newOrder,18075,1,18145,1687678036
newOrder,16975,0,12479,1687678036
cancel,16975,,,1687678615
cancel,17055,,,1687678615
cancel,18075,,,1687678615
newOrder,17055,0,18150,1687678637
newOrder,18075,1,18150,1687678637
newOrder,12204,0,21580,1687678637
newOrder,24957,1,21580,1687678637
cancel,12204,,,1687679215
cancel,17055,,,1687679215
cancel,18075,,,1687679215
cancel,24957,,,1687679215
newOrder,17055,0,18155,1687679236
newOrder,18075,1,18155,1687679236
newOrder,10233,0,52342,1687679236
newOrder,24999,1,52342,1687679236
cancel,10233,,,1687679815
cancel,17055,,,1687679815
cancel,18075,,,1687679815
cancel,24999,,,1687679815
newOrder,17055,0,18161,1687679837
newOrder,18075,1,18161,1687679837
newOrder,12204,0,23609,1687679837
newOrder,24957,1,23609,1687679837
cancel,12204,,,1687680415
cancel,17055,,,1687680415
cancel,18075,,,1687680415
cancel,24957,,,1687680415
newOrder,17055,0,18166,1687680438
newOrder,18075,1,18166,1687680438
newOrder,10233,0,70697,1687680438
newOrder,24999,1,70697,1687680438
cancel,10233,,,1687681016
cancel,17055,,,1687681016
cancel,18075,,,1687681016
cancel,24999,,,1687681016
newOrder,17055,0,18171,1687681038
newOrder,18075,1,18171,1687681038
newOrder,10233,0,62973,1687681038
newOrder,24999,1,62973,1687681038
cancel,10233,,,1687681616
cancel,17055,,,1687681616
cancel,18075,,,1687681616
cancel,24999,,,1687681616
newOrder,17055,0,18176,1687681639
newOrder,18075,1,18176,1687681639
newOrder,10233,0,83927,1687681639
newOrder,24999,1,83927,1687681639
cancel,10233,,,1687682215
cancel,17055,,,1687682215
cancel,18075,,,1687682215
cancel,24999,,,1687682215
newOrder,17055,0,18181,1687682238
newOrder,18075,1,18181,1687682238
newOrder,10233,0,68672,1687682238
newOrder,24999,1,68672,1687682238
cancel,10233,,,1687682815
cancel,17055,,,1687682815
cancel,18075,,,1687682815
cancel,24999,,,1687682815
newOrder,17055,0,18187,1687682838
newOrder,18075,1,18187,1687682838
newOrder,10233,0,45099,1687682838
newOrder,24999,1,45099,1687682838
cancel,10233,,,1687683415
cancel,17055,,,1687683415
cancel,18075,,,1687683415
cancel,24999,,,1687683415
newOrder,17055,0,18192,1687683437
newOrder,18075,1,18192,1687683437
newOrder,12204,0,22851,1687683437
newOrder,24957,1,22851,1687683437
cancel,12204,,,1687684016
cancel,17055,,,1687684016
cancel,18075,,,1687684016
cancel,24957,,,1687684016
newOrder,17055,0,18197,1687684037
newOrder,18075,1,18197,1687684037
newOrder,10233,0,51871,1687684037
newOrder,24999,1,51871,1687684037
cancel,10233,,,1687684617
cancel,17055,,,1687684617
cancel,18075,,,1687684617
cancel,24999,,,1687684617
newOrder,17055,0,18202,1687684639
newOrder,18075,1,18202,1687684639
newOrder,10233,0,44174,1687684639
newOrder,24999,1,44174,1687684639
cancel,10233,,,1687685215
cancel,17055,,,1687685215
cancel,18075,,,1687685215
cancel,24999,,,1687685215
newOrder,17055,0,18208,1687685238
newOrder,18075,1,18208,1687685238
newOrder,12204,0,22523,1687685238
newOrder,24957,1,22523,1687685238
cancel,12204,,,1687685816
cancel,17055,,,1687685816
cancel,18075,,,1687685816
cancel,24957,,,1687685816
newOrder,17055,0,18213,1687685838
newOrder,18075,1,18213,1687685838
newOrder,10233,0,58705,1687685838
newOrder,24999,1,58705,1687685838
cancel,10233,,,1687686416
cancel,17055,,,1687686416
cancel,18075,,,1687686416
cancel,24999,,,1687686416
newOrder,17055,0,18218,1687686438
newOrder,18075,1,18218,1687686438
newOrder,10233,0,57435,1687686438
newOrder,24999,1,57435,1687686438
cancel,10233,,,1687687015
cancel,17055,,,1687687015
cancel,18075,,,1687687015
cancel,24999,,,1687687015
newOrder,17055,0,18223,1687687037
newOrder,18075,1,18223,1687687037
newOrder,10233,0,86028,1687687037
newOrder,24999,1,86028,1687687037
cancel,10233,,,1687687615
cancel,17055,,,1687687615
cancel,18075,,,1687687615
cancel,24999,,,1687687615
newOrder,17055,0,18229,1687687638
newOrder,18075,1,18229,1687687638
newOrder,10526,0,38110,1687687638
newOrder,24957,1,38110,1687687638
cancel,10526,,,1687688217
cancel,17055,,,1687688217
cancel,18075,,,1687688217
cancel,24957,,,1687688217
newOrder,17055,0,18234,1687688237
newOrder,18075,1,18234,1687688237
newOrder,16975,0,16409,1687688237
cancel,16975,,,1687688815
cancel,17055,,,1687688815
cancel,18075,,,1687688815
newOrder,17055,0,18239,1687688838
newOrder,18075,1,18239,1687688838
newOrder,10233,0,96580,1687688838
newOrder,24999,1,96580,1687688838
cancel,10233,,,1687689415
cancel,17055,,,1687689415
cancel,18075,,,1687689415
cancel,24999,,,1687689415
newOrder,17055,0,18245,1687689438
newOrder,18075,1,18245,1687689438
newOrder,10233,0,65841,1687689438
newOrder,24999,1,65841,1687689438
cancel,10233,,,1687690015
cancel,17055,,,1687690015
cancel,18075,,,1687690015
cancel,24999,,,1687690015
newOrder,16939,0,17955,1687690038
newOrder,18075,1,17955,1687690038
newOrder,10163,0,88128,1687690038
newOrder,24999,1,88128,1687690038
cancel,10163,,,1687690616
cancel,16939,,,1687690616
cancel,18075,,,1687690616
cancel,24999,,,1687690616
newOrder,16939,0,17960,1687690637
newOrder,18075,1,17960,1687690637
newOrder,10163,0,77246,1687690637
newOrder,24999,1,77246,1687690637
cancel,10163,,,1687691216
cancel,16939,,,1687691216
cancel,18075,,,1687691216
cancel,24999,,,1687691216
newOrder,16939,0,17964,1687691239
newOrder,18075,1,17964,1687691239
newOrder,10163,0,86572,1687691239
newOrder,24999,1,86572,1687691239
cancel,10163,,,1687691815
cancel,16939,,,1687691815
cancel,18075,,,1687691815
cancel,24999,,,1687691815
newOrder,16939,0,17969,1687691837
newOrder,18075,1,17969,1687691837
newOrder,10163,0,82124,1687691837
newOrder,24999,1,82124,1687691837
cancel,10163,,,1687692416
cancel,16939,,,1687692416
cancel,18075,,,1687692416
cancel,24999,,,1687692416
newOrder,16940,0,17975,1687692440
newOrder,18075,1,17975,1687692440
newOrder,10164,0,45332,1687692440
newOrder,24999,1,45332,1687692440
cancel,10164,,,1687693016
cancel,16940,,,1687693016
cancel,18075,,,1687693016
cancel,24999,,,1687693016
newOrder,17241,0,18658,1687693038
newOrder,18075,1,18658,1687693038
newOrder,12204,0,24389,1687693038
newOrder,24957,1,24389,1687693038
cancel,12204,,,1687693616
cancel,17241,,,1687693616
cancel,18075,,,1687693616
cancel,24957,,,1687693616
newOrder,17239,0,18661,1687693637
newOrder,18075,1,18661,1687693637
newOrder,10344,0,67213,1687693637
newOrder,24999,1,67213,1687693637
cancel,10344,,,1687694215
cancel,17239,,,1687694215
cancel,18075,,,1687694215
cancel,24999,,,1687694215
newOrder,17239,0,18665,1687694239
newOrder,18075,1,18665,1687694239
newOrder,10343,0,66036,1687694239
newOrder,24999,1,66036,1687694239
cancel,10343,,,1687694816
cancel,17239,,,1687694816
cancel,18075,,,1687694816
cancel,24999,,,1687694816
newOrder,17239,0,18671,1687694838
newOrder,18075,1,18671,1687694838
newOrder,10343,0,44421,1687694838
newOrder,24999,1,44421,1687694838