instruction,price,side,qty,time
cancel,10721,,,1687522615
cancel,17869,,,1687522615
cancel,18075,,,1687522615
cancel,24999,,,1687522615
newOrder,17869,0,17324,1687522641
newOrder,18075,1,17324,1687522641
newOrder,15217,0,12546,1687522641
newOrder,19999,1,12546,1687522641
cancel,15217,,,1687523215
cancel,17869,,,1687523215
cancel,18075,,,1687523215
cancel,19999,,,1687523215
newOrder,17870,0,17329,1687523239
newOrder,18075,1,17329,1687523239
newOrder,12204,0,21117,1687523239
newOrder,24957,1,21117,1687523239
cancel,12204,,,1687523816
cancel,17870,,,1687523816
cancel,18075,,,1687523816
cancel,24957,,,1687523816
newOrder,17867,0,17335,1687523841
newOrder,18075,1,17335,1687523841
newOrder,10720,0,35315,1687523841
newOrder,24957,1,35315,1687523841
cancel,10720,,,1687524415
cancel,17867,,,1687524415
cancel,18075,,,1687524415
cancel,24957,,,1687524415
newOrder,17867,0,17340,1687524439
newOrder,18075,1,17340,1687524439
newOrder,10720,0,82917,1687524439
newOrder,24999,1,82917,1687524439
cancel,10720,,,1687525015
cancel,17867,,,1687525015
cancel,18075,,,1687525015
cancel,24999,,,1687525015
newOrder,17867,0,17345,1687525041
newOrder,18075,1,17345,1687525041
newOrder,10720,0,79147,1687525041
newOrder,24999,1,79147,1687525041
cancel,10720,,,1687525616
cancel,17867,,,1687525616
cancel,18075,,,1687525616
cancel,24999,,,1687525616
newOrder,17905,0,17326,1687525640
newOrder,18075,1,17326,1687525640
newOrder,10743,0,49067,1687525640
newOrder,24999,1,49067,1687525640
cancel,10743,,,1687526216
cancel,17905,,,1687526216
cancel,18075,,,1687526216
cancel,24999,,,1687526216
newOrder,17906,0,17330,1687526241
newOrder,18075,1,17330,1687526241
newOrder,10743,0,34696,1687526241
newOrder,24957,1,34696,1687526241
cancel,10743,,,1687526817
cancel,17906,,,1687526817
cancel,18075,,,1687526817
cancel,24957,,,1687526817
newOrder,17907,0,17335,1687526840
newOrder,18075,1,17335,1687526840
newOrder,15217,0,13784,1687526840
newOrder,19999,1,13784,1687526840
cancel,15217,,,1687527416
cancel,17907,,,1687527416
cancel,18075,,,1687527416
cancel,19999,,,1687527416
newOrder,17907,0,17340,1687527441
newOrder,18075,1,17340,1687527441
newOrder,10744,0,69288,1687527441
newOrder,24999,1,69288,1687527441
cancel,10744,,,1687528015
cancel,17907,,,1687528015
cancel,18075,,,1687528015
cancel,24999,,,1687528015
newOrder,17906,0,17345,1687528039
newOrder,18075,1,17345,1687528039
newOrder,15217,0,11853,1687528039
newOrder,19999,1,11853,1687528039
cancel,15217,,,1687528616
cancel,17906,,,1687528616
cancel,18075,,,1687528616
cancel,19999,,,1687528616
newOrder,17925,0,17316,1687528642
newOrder,18103,1,17316,1687528642
newOrder,10755,0,51719,1687528642
newOrder,24999,1,51719,1687528642
cancel,10755,,,1687529215
cancel,17925,,,1687529215
cancel,18103,,,1687529215
cancel,24999,,,1687529215
newOrder,17925,0,17321,1687529243
newOrder,18103,1,17321,1687529243
newOrder,10755,0,83945,1687529243
newOrder,24999,1,83945,1687529243
cancel,10755,,,1687529816
cancel,17925,,,1687529816
cancel,18103,,,1687529816
cancel,24999,,,1687529816
newOrder,17925,0,17327,1687529839
newOrder,18103,1,17327,1687529839
newOrder,10755,0,74446,1687529839
newOrder,24999,1,74446,1687529839
cancel,10755,,,1687530416
cancel,17925,,,1687530416
cancel,18103,,,1687530416
cancel,24999,,,1687530416
newOrder,17925,0,17332,1687530442
newOrder,18103,1,17332,1687530442
newOrder,15217,0,12194,1687530442
newOrder,19999,1,12194,1687530442
cancel,15217,,,1687531015
cancel,17925,,,1687531015
cancel,18103,,,1687531015
cancel,19999,,,1687531015
newOrder,17925,0,17337,1687531040
newOrder,18103,1,17337,1687531040
newOrder,10755,0,46360,1687531040
newOrder,24999,1,46360,1687531040
cancel,10755,,,1687531616
cancel,17925,,,1687531616
cancel,18103,,,1687531616
cancel,24999,,,1687531616
newOrder,17925,0,17342,1687531641
newOrder,18103,1,17342,1687531641
newOrder,10755,0,65905,1687531641
newOrder,24999,1,65905,1687531641
cancel,10755,,,1687532216
cancel,17925,,,1687532216
cancel,18103,,,1687532216
cancel,24999,,,1687532216
newOrder,17925,0,17347,1687532239
newOrder,18103,1,17347,1687532239
newOrder,10755,0,35777,1687532239
newOrder,24957,1,35777,1687532239
cancel,10755,,,1687532816
cancel,17925,,,1687532816
cancel,18103,,,1687532816
cancel,24957,,,1687532816
newOrder,17925,0,17352,1687532841
newOrder,18103,1,17352,1687532841
newOrder,10755,0,51654,1687532841
newOrder,24999,1,51654,1687532841
cancel,10755,,,1687533416
cancel,17925,,,1687533416
cancel,18103,,,1687533416
cancel,24999,,,1687533416
newOrder,17925,0,17357,1687533442
newOrder,18103,1,17357,1687533442
newOrder,10755,0,68153,1687533442
newOrder,24999,1,68153,1687533442
cancel,10755,,,1687534017
cancel,17925,,,1687534017
cancel,18103,,,1687534017
cancel,24999,,,1687534017
newOrder,17925,0,17362,1687534040
newOrder,18103,1,17362,1687534040
newOrder,12204,0,23303,1687534040
newOrder,24957,1,23303,1687534040
cancel,12204,,,1687534616
cancel,17925,,,1687534616
cancel,18103,,,1687534616
cancel,24957,,,1687534616
newOrder,17925,0,17367,1687534643
newOrder,18103,1,17367,1687534643
newOrder,10755,0,55190,1687534643
newOrder,24999,1,55190,1687534643
cancel,10755,,,1687535216
cancel,17925,,,1687535216
cancel,18103,,,1687535216
cancel,24999,,,1687535216
newOrder,17925,0,17342,1687535240
newOrder,18139,1,17342,1687535240
newOrder,10755,0,47287,1687535240
newOrder,24999,1,47287,1687535240
cancel,10755,,,1687535814
cancel,17925,,,1687535814
cancel,18139,,,1687535814
cancel,24999,,,1687535814
newOrder,17925,0,17347,1687535842
newOrder,18139,1,17347,1687535842
newOrder,15217,0,11682,1687535842
newOrder,19999,1,11682,1687535842
cancel,15217,,,1687536415
cancel,17925,,,1687536415
cancel,18139,,,1687536415
cancel,19999,,,1687536415
newOrder,17925,0,17389,1687536441
newOrder,18094,1,17389,1687536441
newOrder,15217,0,14411,1687536441
newOrder,19999,1,14411,1687536441
cancel,15217,,,1687537016
cancel,17925,,,1687537016
cancel,18094,,,1687537016
cancel,19999,,,1687537016
newOrder,17925,0,17394,1687537041
newOrder,18094,1,17394,1687537041
newOrder,10755,0,38877,1687537041
newOrder,24957,1,38877,1687537041
cancel,10755,,,1687537616
cancel,17925,,,1687537616
cancel,18094,,,1687537616
cancel,24957,,,1687537616
newOrder,17925,0,17399,1687537641
newOrder,18094,1,17399,1687537641
newOrder,12204,0,18646,1687537641
newOrder,24957,1,18646,1687537641
cancel,12204,,,1687538216
cancel,17925,,,1687538216
cancel,18094,,,1687538216
cancel,24957,,,1687538216
newOrder,17864,0,17457,1687538241
newOrder,18075,1,17457,1687538241
newOrder,12013,0,28561,1687538241
newOrder,24957,1,28561,1687538241
cancel,12013,,,1687538817
cancel,17864,,,1687538817
cancel,18075,,,1687538817
cancel,24957,,,1687538817
newOrder,17867,0,17461,1687538841
newOrder,18075,1,17461,1687538841
newOrder,15217,0,14546,1687538841
newOrder,19999,1,14546,1687538841
cancel,15217,,,1687539416
cancel,17867,,,1687539416
cancel,18075,,,1687539416
cancel,19999,,,1687539416
newOrder,17868,0,17465,1687539440
newOrder,18075,1,17465,1687539440
newOrder,10721,0,31504,1687539440
newOrder,24957,1,31504,1687539440
cancel,10721,,,1687540015
cancel,17868,,,1687540015
cancel,18075,,,1687540015
cancel,24957,,,1687540015
newOrder,17868,0,17470,1687540039
newOrder,18075,1,17470,1687540039
newOrder,10721,0,47029,1687540039
newOrder,24999,1,47029,1687540039
cancel,10721,,,1687540616
cancel,17868,,,1687540616
cancel,18075,,,1687540616
cancel,24999,,,1687540616
newOrder,17867,0,17476,1687540639
newOrder,18075,1,17476,1687540639
newOrder,10720,0,48390,1687540639
newOrder,24999,1,48390,1687540639
cancel,10720,,,1687541215
cancel,17867,,,1687541215
cancel,18075,,,1687541215
cancel,24999,,,1687541215
newOrder,17868,0,17481,1687541241
newOrder,18075,1,17481,1687541241
newOrder,10721,0,41334,1687541241
newOrder,24957,1,41334,1687541241
cancel,10721,,,1687541813
cancel,17868,,,1687541813
cancel,18075,,,1687541813
cancel,24957,,,1687541813
newOrder,17867,0,17486,1687541841
newOrder,18075,1,17486,1687541841
newOrder,10720,0,52593,1687541841
newOrder,24999,1,52593,1687541841
cancel,10720,,,1687542416
cancel,17867,,,1687542416
cancel,18075,,,1687542416
cancel,24999,,,1687542416
newOrder,17868,0,17491,1687542440
newOrder,18075,1,17491,1687542440
newOrder,10721,0,55140,1687542440
newOrder,24999,1,55140,1687542440
cancel,10721,,,1687543016
cancel,17868,,,1687543016
cancel,18075,,,1687543016
cancel,24999,,,1687543016
newOrder,17866,0,17497,1687543040
newOrder,18075,1,17497,1687543040
newOrder,10720,0,55512,1687543040
newOrder,24999,1,55512,1687543040
cancel,10720,,,1687543618
cancel,17866,,,1687543618
cancel,18075,,,1687543618
cancel,24999,,,1687543618
newOrder,17782,0,17542,1687543646
newOrder,18075,1,17542,1687543646
newOrder,10669,0,54926,1687543646
newOrder,24999,1,54926,1687543646
cancel,10669,,,1687544215
cancel,17782,,,1687544215
cancel,18075,,,1687544215
cancel,24999,,,1687544215
newOrder,17728,0,17563,1687544242
newOrder,18075,1,17563,1687544242
newOrder,10637,0,48654,1687544242
newOrder,24999,1,48654,1687544242
cancel,10637,,,1687544817
cancel,17728,,,1687544817
cancel,18075,,,1687544817
cancel,24999,,,1687544817
newOrder,17728,0,17568,1687544843
newOrder,18075,1,17568,1687544843
newOrder,15217,0,11786,1687544843
newOrder,19999,1,11786,1687544843
cancel,15217,,,1687545416
cancel,17728,,,1687545416
cancel,18075,,,1687545416
cancel,19999,,,1687545416
newOrder,17687,0,17581,1687545441
newOrder,18075,1,17581,1687545441
newOrder,10612,0,42264,1687545441
newOrder,24957,1,42264,1687545441
cancel,10612,,,1687546016
cancel,17687,,,1687546016
cancel,18075,,,1687546016
cancel,24957,,,1687546016
newOrder,17647,0,17588,1687546041
newOrder,18075,1,17588,1687546041
newOrder,12204,0,24867,1687546041
newOrder,24957,1,24867,1687546041
cancel,12204,,,1687546616
cancel,17647,,,1687546616
cancel,18075,,,1687546616
cancel,24957,,,1687546616
newOrder,17647,0,17593,1687546641
newOrder,18075,1,17593,1687546641
newOrder,10588,0,88962,1687546641
newOrder,24999,1,88962,1687546641
cancel,10588,,,1687547177
cancel,17647,,,1687547177
cancel,18075,,,1687547177
cancel,24999,,,1687547177
newOrder,17917,0,17432,1687547185
newOrder,18158,1,17432,1687547185
newOrder,10750,0,40145,1687547185
newOrder,24957,1,40145,1687547185
cancel,10750,,,1687547217
cancel,17917,,,1687547217
cancel,18158,,,1687547217
cancel,24957,,,1687547217
newOrder,17925,0,16764,1687547240
newOrder,18615,1,16764,1687547240
newOrder,10755,0,48852,1687547240
newOrder,24999,1,48852,1687547240
cancel,10755,,,1687547288
cancel,17925,,,1687547288
cancel,24999,,,1687547288
newOrder,17917,0,16609,1687547296
newOrder,18701,1,16609,1687547296
newOrder,12204,0,24768,1687547296
newOrder,24957,1,24768,1687547296
cancel,12204,,,1687547649
cancel,17917,,,1687547649
cancel,18701,,,1687547649
cancel,24957,,,1687547649
newOrder,17827,0,17550,1687547659
newOrder,18090,1,17550,1687547659
newOrder,10696,0,39315,1687547659
newOrder,24957,1,39315,1687547659
cancel,10696,,,1687547779
cancel,18090,,,1687547779
cancel,24957,,,1687547779
newOrder,17730,0,17588,1687547787
newOrder,18098,1,17588,1687547787
newOrder,10638,0,78970,1687547787
newOrder,24999,1,78970,1687547787
cancel,10638,,,1687547815
cancel,17730,,,1687547815
cancel,18098,,,1687547815
cancel,24999,,,1687547815
newOrder,17692,0,17600,1687547840
newOrder,18075,1,17600,1687547840
newOrder,10615,0,37433,1687547840
newOrder,24957,1,37433,1687547840
cancel,10615,,,1687548211
cancel,18075,,,1687548211
cancel,24957,,,1687548211
newOrder,17611,0,17606,1687548220
newOrder,18083,1,17606,1687548220
newOrder,10566,0,69356,1687548220
newOrder,24999,1,69356,1687548220
cancel,10566,,,1687548415
cancel,17611,,,1687548415
cancel,18083,,,1687548415
cancel,24999,,,1687548415
newOrder,17462,0,17564,1687548440
newOrder,18075,1,17564,1687548440
newOrder,10477,0,47075,1687548440
newOrder,24999,1,47075,1687548440
cancel,10477,,,1687549017
cancel,17462,,,1687549017
cancel,18075,,,1687549017
cancel,24999,,,1687549017
newOrder,17348,0,17495,1687549044
newOrder,18075,1,17495,1687549044
newOrder,12204,0,24662,1687549044
newOrder,24957,1,24662,1687549044
cancel,12204,,,1687549616
cancel,17348,,,1687549616
cancel,18075,,,1687549616
cancel,24957,,,1687549616
newOrder,17341,0,17494,1687549640
newOrder,18075,1,17494,1687549640
newOrder,15217,0,10697,1687549640
newOrder,19999,1,10697,1687549640
cancel,15217,,,1687550215
cancel,17341,,,1687550215
cancel,18075,,,1687550215
cancel,19999,,,1687550215
newOrder,17289,0,17451,1687550240
newOrder,18075,1,17451,1687550240
newOrder,10373,0,87026,1687550240
newOrder,24999,1,87026,1687550240
cancel,10373,,,1687550815
cancel,17289,,,1687550815
cancel,18075,,,1687550815
cancel,24999,,,1687550815
newOrder,17167,0,17318,1687550839
newOrder,18075,1,17318,1687550839
newOrder,12204,0,18708,1687550839
newOrder,24957,1,18708,1687550839
cancel,12204,,,1687551416
cancel,17167,,,1687551416
cancel,18075,,,1687551416
cancel,24957,,,1687551416
newOrder,17167,0,17322,1687551441
newOrder,18075,1,17322,1687551441
newOrder,10300,0,86146,1687551441
newOrder,24999,1,86146,1687551441
cancel,10300,,,1687552015
cancel,17167,,,1687552015
cancel,18075,,,1687552015
cancel,24999,,,1687552015
newOrder,17167,0,17327,1687552041
newOrder,18075,1,17327,1687552041
newOrder,12204,0,17893,1687552041
newOrder,24957,1,17893,1687552041
cancel,12204,,,1687552615
cancel,17167,,,1687552615
cancel,18075,,,1687552615
cancel,24957,,,1687552615
newOrder,17107,0,17249,1687552642
newOrder,18075,1,17249,1687552642
newOrder,10264,0,83384,1687552642
newOrder,24999,1,83384,1687552642
cancel,10264,,,1687553216
cancel,17107,,,1687553216
cancel,18075,,,1687553216
cancel,24999,,,1687553216
newOrder,17108,0,17255,1687553241
newOrder,18075,1,17255,1687553241
newOrder,10265,0,84170,1687553241
newOrder,24999,1,84170,1687553241
cancel,10265,,,1687553815
cancel,17108,,,1687553815
cancel,18075,,,1687553815
cancel,24999,,,1687553815
newOrder,17034,0,17144,1687553838
newOrder,18075,1,17144,1687553838
newOrder,12162,0,27864,1687553838
newOrder,24957,1,27864,1687553838
cancel,12162,,,1687554417
cancel,17034,,,1687554417
cancel,18075,,,1687554417
cancel,24957,,,1687554417
newOrder,17034,0,17148,1687554440
newOrder,18075,1,17148,1687554440
newOrder,10221,0,39910,1687554440
newOrder,24957,1,39910,1687554440
cancel,10221,,,1687555016
cancel,17034,,,1687555016
cancel,18075,,,1687555016
cancel,24957,,,1687555016
newOrder,17009,0,17109,1687555041
newOrder,18075,1,17109,1687555041
newOrder,10205,0,82220,1687555041
newOrder,24999,1,82220,1687555041
cancel,10205,,,1687555617
cancel,17009,,,1687555617
cancel,18075,,,1687555617
cancel,24999,,,1687555617
newOrder,16994,0,17088,1687555644
newOrder,18075,1,17088,1687555644
newOrder,15217,0,12740,1687555644
newOrder,19999,1,12740,1687555644
cancel,15217,,,1687556216
cancel,16994,,,1687556216
cancel,18075,,,1687556216
cancel,19999,,,1687556216
newOrder,16993,0,17090,1687556240
newOrder,18075,1,17090,1687556240
newOrder,10196,0,70143,1687556240
newOrder,24999,1,70143,1687556240
cancel,10196,,,1687556816
cancel,16993,,,1687556816
cancel,18075,,,1687556816
cancel,24999,,,1687556816
newOrder,16994,0,17095,1687556840
newOrder,18075,1,17095,1687556840
newOrder,10196,0,82729,1687556840
newOrder,24999,1,82729,1687556840
cancel,10196,,,1687557417
cancel,16994,,,1687557417
cancel,18075,,,1687557417
cancel,24999,,,1687557417
newOrder,16992,0,17096,1687557441
newOrder,18075,1,17096,1687557441
newOrder,10195,0,71262,1687557441
newOrder,24999,1,71262,1687557441
cancel,10195,,,1687558015
cancel,16992,,,1687558015
cancel,18075,,,1687558015
cancel,24999,,,1687558015
newOrder,16993,0,17102,1687558039
newOrder,18075,1,17102,1687558039
newOrder,10196,0,90837,1687558039
newOrder,24999,1,90837,1687558039
cancel,10196,,,1687558616
cancel,16993,,,1687558616
cancel,18075,,,1687558616
cancel,24999,,,1687558616
newOrder,16993,0,17105,1687558640
newOrder,18075,1,17105,1687558640
newOrder,10196,0,75512,1687558640
newOrder,24999,1,75512,1687558640
cancel,10196,,,1687559216
cancel,16993,,,1687559216
cancel,18075,,,1687559216
cancel,24999,,,1687559216
newOrder,16976,0,17080,1687559241
newOrder,18075,1,17080,1687559241
newOrder,12162,0,27762,1687559241
newOrder,24957,1,27762,1687559241
cancel,12162,,,1687559816
cancel,16976,,,1687559816
cancel,18075,,,1687559816
cancel,24957,,,1687559816
newOrder,16977,0,17085,1687559840
newOrder,18075,1,17085,1687559840
newOrder,10186,0,70174,1687559840
newOrder,24999,1,70174,1687559840
cancel,10186,,,1687560415
cancel,16977,,,1687560415
cancel,18075,,,1687560415
cancel,24999,,,1687560415
newOrder,16976,0,17088,1687560439
newOrder,18075,1,17088,1687560439
newOrder,10186,0,53527,1687560439
newOrder,24999,1,53527,1687560439
cancel,10186,,,1687561015
cancel,16976,,,1687561015
cancel,18075,,,1687561015
cancel,24999,,,1687561015
newOrder,16977,0,17094,1687561040
newOrder,18075,1,17094,1687561040
newOrder,10186,0,90546,1687561040
newOrder,24999,1,90546,1687561040
cancel,10186,,,1687561616
cancel,16977,,,1687561616
cancel,18075,,,1687561616
cancel,24999,,,1687561616
newOrder,16976,0,17096,1687561639
newOrder,18075,1,17096,1687561639
newOrder,10186,0,44983,1687561639
newOrder,24999,1,44983,1687561639
cancel,10186,,,1687562215
cancel,16976,,,1687562215
cancel,18075,,,1687562215
cancel,24999,,,1687562215
newOrder,16976,0,17099,1687562239
newOrder,18075,1,17099,1687562239
newOrder,10185,0,55667,1687562239
newOrder,24999,1,55667,1687562239
cancel,10185,,,1687562816
cancel,16976,,,1687562816
cancel,18075,,,1687562816
cancel,24999,,,1687562816
newOrder,16976,0,17103,1687562840
newOrder,18075,1,17103,1687562840
newOrder,10185,0,84698,1687562840
newOrder,24999,1,84698,1687562840
cancel,10185,,,1687563415
cancel,16976,,,1687563415
cancel,18075,,,1687563415
cancel,24999,,,1687563415
newOrder,16977,0,17110,1687563442
newOrder,18075,1,17110,1687563442
newOrder,10186,0,69419,1687563442
newOrder,24999,1,69419,1687563442
cancel,10186,,,1687564017
cancel,16977,,,1687564017
cancel,18075,,,1687564017
cancel,24999,,,1687564017
newOrder,16975,0,17110,1687564041
newOrder,18075,1,17110,1687564041
newOrder,10185,0,75653,1687564041
newOrder,24999,1,75653,1687564041
cancel,10185,,,1687564616
cancel,16975,,,1687564616
cancel,18075,,,1687564616
cancel,24999,,,1687564616
newOrder,16976,0,17115,1687564639
newOrder,18075,1,17115,1687564639
newOrder,12204,0,24838,1687564639
newOrder,24957,1,24838,1687564639
cancel,12204,,,1687565217
cancel,16976,,,1687565217
cancel,18075,,,1687565217
cancel,24957,,,1687565217
newOrder,16977,0,17123,1687565243
newOrder,18075,1,17123,1687565243
newOrder,10526,0,38914,1687565243
newOrder,24957,1,38914,1687565243
cancel,10526,,,1687565816
cancel,16977,,,1687565816
cancel,18075,,,1687565816
cancel,24957,,,1687565816
newOrder,16978,0,17128,1687565840
newOrder,18075,1,17128,1687565840
newOrder,10187,0,42720,1687565840
newOrder,24999,1,42720,1687565840
cancel,10187,,,1687566415
cancel,16978,,,1687566415
cancel,18075,,,1687566415
cancel,24999,,,1687566415
newOrder,16993,0,17160,1687566440
newOrder,18075,1,17160,1687566440
newOrder,12162,0,27231,1687566440
newOrder,24957,1,27231,1687566440
cancel,12162,,,1687567015
cancel,16993,,,1687567015
cancel,18075,,,1687567015
cancel,24957,,,1687567015
newOrder,16994,0,17166,1687567040
newOrder,18075,1,17166,1687567040
newOrder,10197,0,62061,1687567040
newOrder,24999,1,62061,1687567040
cancel,10197,,,1687567618
cancel,16994,,,1687567618
cancel,18075,,,1687567618
cancel,24999,,,1687567618
newOrder,16994,0,17169,1687567642
newOrder,18075,1,17169,1687567642
newOrder,10196,0,62371,1687567642
newOrder,24999,1,62371,1687567642
cancel,10196,,,1687568216
cancel,16994,,,1687568216
cancel,18075,,,1687568216
cancel,24999,,,1687568216
newOrder,16994,0,17173,1687568241
newOrder,18075,1,17173,1687568241
newOrder,10196,0,66549,1687568241
newOrder,24999,1,66549,1687568241
cancel,10196,,,1687568815
cancel,16994,,,1687568815
cancel,18075,,,1687568815
cancel,24999,,,1687568815
newOrder,16994,0,17179,1687568838
newOrder,18075,1,17179,1687568838
newOrder,16975,0,4920,1687568838
cancel,16975,,,1687569414
cancel,16994,,,1687569414
cancel,18075,,,1687569414
newOrder,16994,0,17182,1687569442
newOrder,18075,1,17182,1687569442
newOrder,10526,0,35747,1687569442
newOrder,24957,1,35747,1687569442
cancel,10526,,,1687570017
cancel,16994,,,1687570017
cancel,18075,,,1687570017
cancel,24957,,,1687570017
newOrder,16994,0,17186,1687570043
newOrder,18075,1,17186,1687570043
newOrder,12204,0,24133,1687570043
newOrder,24957,1,24133,1687570043
cancel,12204,,,1687570617
cancel,16994,,,1687570617
cancel,18075,,,1687570617
cancel,24957,,,1687570617
newOrder,16962,0,17130,1687570641
newOrder,18075,1,17130,1687570641
newOrder,10177,0,72858,1687570641
newOrder,24999,1,72858,1687570641
cancel,10177,,,1687571216
cancel,16962,,,1687571216
cancel,18075,,,1687571216
cancel,24999,,,1687571216
newOrder,16953,0,17120,1687571837
newOrder,18075,1,17120,1687571837
newOrder,10526,0,31985,1687571837
newOrder,24957,1,31985,1687571837
cancel,10526,,,1687572416
cancel,16953,,,1687572416
cancel,18075,,,1687572416
cancel,24957,,,1687572416
newOrder,16952,0,17122,1687572437
newOrder,18075,1,17122,1687572437
cancel,16952,,,1687573015
cancel,18075,,,1687573015
newOrder,16952,0,17128,1687573039
newOrder,18075,1,17128,1687573039
newOrder,12204,0,20547,1687573039
newOrder,24957,1,20547,1687573039
cancel,12204,,,1687573615
cancel,16952,,,1687573615
cancel,18075,,,1687573615
cancel,24957,,,1687573615
newOrder,16952,0,17131,1687573640
newOrder,18075,1,17131,1687573640
newOrder,10171,0,84346,1687573640
newOrder,24999,1,84346,1687573640
cancel,10171,,,1687574216
cancel,16952,,,1687574216
cancel,18075,,,1687574216
cancel,24999,,,1687574216
newOrder,16953,0,17137,1687574237
newOrder,18075,1,17137,1687574237
cancel,16953,,,1687574816
cancel,18075,,,1687574816
newOrder,16950,0,17135,1687574840
newOrder,18075,1,17135,1687574840
newOrder,10170,0,54198,1687574840
newOrder,24999,1,54198,1687574840
cancel,10170,,,1687575415
cancel,16950,,,1687575415
cancel,18075,,,1687575415
cancel,24999,,,1687575415
newOrder,16950,0,17139,1687575439
newOrder,18075,1,17139,1687575439
newOrder,10170,0,55216,1687575439
newOrder,24999,1,55216,1687575439
cancel,10170,,,1687576016
cancel,16950,,,1687576016
cancel,18075,,,1687576016
cancel,24999,,,1687576016
newOrder,16952,0,17148,1687576040
newOrder,18075,1,17148,1687576040
newOrder,12204,0,23061,1687576040
newOrder,24957,1,23061,1687576040
cancel,12204,,,1687576615
cancel,16952,,,1687576615
cancel,18075,,,1687576615
cancel,24957,,,1687576615
newOrder,16951,0,17149,1687576639
newOrder,18075,1,17149,1687576639
newOrder,12002,0,29261,1687576639
newOrder,24957,1,29261,1687576639
cancel,12002,,,1687577216
cancel,16951,,,1687577216
cancel,18075,,,1687577216
cancel,24957,,,1687577216
newOrder,16952,0,17155,1687577241
newOrder,18075,1,17155,1687577241
newOrder,10526,0,38515,1687577241
newOrder,24957,1,38515,1687577241
cancel,10526,,,1687577815
cancel,16952,,,1687577815
cancel,18075,,,1687577815
cancel,24957,,,1687577815
newOrder,16950,0,17156,1687577839
newOrder,18075,1,17156,1687577839
newOrder,10170,0,88586,1687577839
newOrder,24999,1,88586,1687577839
cancel,10170,,,1687578416
cancel,16950,,,1687578416
cancel,18075,,,1687578416
cancel,24999,,,1687578416
newOrder,16952,0,17164,1687578440
newOrder,18075,1,17164,1687578440
newOrder,10171,0,59278,1687578440
newOrder,24999,1,59278,1687578440
cancel,10171,,,1687579016
cancel,16952,,,1687579016
cancel,18075,,,1687579016
cancel,24999,,,1687579016
newOrder,16951,0,17166,1687579040
newOrder,18075,1,17166,1687579040
newOrder,10171,0,68295,1687579040
newOrder,24999,1,68295,1687579040
cancel,10171,,,1687579616
cancel,16951,,,1687579616
cancel,18075,,,1687579616
cancel,24999,,,1687579616
newOrder,16951,0,17170,1687579639
newOrder,18075,1,17170,1687579639
newOrder,12204,0,21370,1687579639
newOrder,24957,1,21370,1687579639
cancel,12204,,,1687580216
cancel,16951,,,1687580216
cancel,18075,,,1687580216
cancel,24957,,,1687580216
newOrder,16951,0,17173,1687580239
newOrder,18075,1,17173,1687580239
newOrder,10170,0,57687,1687580239
newOrder,24999,1,57687,1687580239
cancel,10170,,,1687580816
cancel,16951,,,1687580816
cancel,18075,,,1687580816
cancel,24999,,,1687580816
newOrder,16950,0,17175,1687580838
newOrder,18075,1,17175,1687580838
newOrder,12013,0,28847,1687580838
newOrder,24957,1,28847,1687580838
cancel,12013,,,1687581415
cancel,16950,,,1687581415
cancel,18075,,,1687581415
cancel,24957,,,1687581415
newOrder,17010,0,17296,1687581437
newOrder,18075,1,17296,1687581437
newOrder,10526,0,39418,1687581437
newOrder,24957,1,39418,1687581437
cancel,10526,,,1687582016
cancel,17010,,,1687582016
cancel,18075,,,1687582016
cancel,24957,,,1687582016
newOrder,17010,0,17300,1687582038
newOrder,18075,1,17300,1687582038
newOrder,10206,0,76614,1687582038
newOrder,24999,1,76614,1687582038
cancel,10206,,,1687582615
cancel,17010,,,1687582615
cancel,18075,,,1687582615
cancel,24999,,,1687582615
newOrder,17010,0,17305,1687582639
newOrder,18075,1,17305,1687582639
newOrder,10206,0,79438,1687582639
newOrder,24999,1,79438,1687582639
cancel,10206,,,1687583215
cancel,17010,,,1687583215
cancel,18075,,,1687583215
cancel,24999,,,1687583215
newOrder,17010,0,17309,1687583238
newOrder,18075,1,17309,1687583238
newOrder,10526,0,35327,1687583238
newOrder,24957,1,35327,1687583238
cancel,10526,,,1687583815
cancel,17010,,,1687583815
cancel,18075,,,1687583815
cancel,24957,,,1687583815
newOrder,17010,0,17313,1687583839
newOrder,18075,1,17313,1687583839
newOrder,10206,0,56562,1687583839
newOrder,24999,1,56562,1687583839
cancel,10206,,,1687584415
cancel,17010,,,1687584415
cancel,18075,,,1687584415
cancel,24999,,,1687584415
newOrder,17010,0,17318,1687584439
newOrder,18075,1,17318,1687584439
newOrder,10206,0,53245,1687584439
newOrder,24999,1,53245,1687584439
cancel,10206,,,1687585014
cancel,17010,,,1687585014
cancel,18075,,,1687585014
cancel,24999,,,1687585014
newOrder,17010,0,17322,1687585039
newOrder,18075,1,17322,1687585039
newOrder,10206,0,88812,1687585039
newOrder,24999,1,88812,1687585039
cancel,10206,,,1687585615
cancel,17010,,,1687585615
cancel,18075,,,1687585615
cancel,24999,,,1687585615
newOrder,17010,0,17326,1687585636
newOrder,18075,1,17326,1687585636
newOrder,16975,0,8821,1687585636
cancel,16975,,,1687586216
cancel,17010,,,1687586216
cancel,18075,,,1687586216
newOrder,17010,0,17331,1687586236
newOrder,18075,1,17331,1687586236
newOrder,16975,0,8823,1687586236
cancel,16975,,,1687586816
cancel,17010,,,1687586816
cancel,18075,,,1687586816
newOrder,17010,0,17335,1687586839
newOrder,18075,1,17335,1687586839
newOrder,10206,0,40406,1687586839
newOrder,24957,1,40406,1687586839
cancel,10206,,,1687587417
cancel,17010,,,1687587417
cancel,18075,,,1687587417
cancel,24957,,,1687587417
newOrder,17010,0,17339,1687587439
newOrder,18075,1,17339,1687587439
newOrder,10206,0,81111,1687587439
newOrder,24999,1,81111,1687587439
cancel,10206,,,1687588015
cancel,17010,,,1687588015
cancel,18075,,,1687588015
cancel,24999,,,1687588015
newOrder,17010,0,17343,1687588037
newOrder,18075,1,17343,1687588037
newOrder,10206,0,54243,1687588037
newOrder,24999,1,54243,1687588037
cancel,10206,,,1687588615
cancel,17010,,,1687588615
cancel,18075,,,1687588615
cancel,24999,,,1687588615
newOrder,17010,0,17348,1687588638
newOrder,18075,1,17348,1687588638
newOrder,10526,0,35650,1687588638
newOrder,24957,1,35650,1687588638
cancel,10526,,,1687589215
cancel,17010,,,1687589215
cancel,18075,,,1687589215
cancel,24957,,,1687589215
newOrder,17010,0,17352,1687589239
newOrder,18075,1,17352,1687589239
newOrder,10206,0,88457,1687589239
newOrder,24999,1,88457,1687589239
cancel,10206,,,1687589815
cancel,17010,,,1687589815
cancel,18075,,,1687589815
cancel,24999,,,1687589815
newOrder,17010,0,17356,1687589838
newOrder,18075,1,17356,1687589838
newOrder,10526,0,32260,1687589838
newOrder,24957,1,32260,1687589838
cancel,10526,,,1687590415
cancel,17010,,,1687590415
cancel,18075,,,1687590415
cancel,24957,,,1687590415
newOrder,17010,0,17361,1687590438
newOrder,18075,1,17361,1687590438
newOrder,10526,0,33767,1687590438
newOrder,24957,1,33767,1687590438
cancel,10526,,,1687591017
cancel,17010,,,1687591017
cancel,18075,,,1687591017
cancel,24957,,,1687591017
newOrder,17010,0,17365,1687591040
newOrder,18075,1,17365,1687591040
newOrder,12204,0,20085,1687591040
newOrder,24957,1,20085,1687591040
cancel,12204,,,1687591615
cancel,17010,,,1687591615
cancel,18075,,,1687591615
cancel,24957,,,1687591615
newOrder,17010,0,17369,1687591638
newOrder,18075,1,17369,1687591638
newOrder,10206,0,74866,1687591638
newOrder,24999,1,74866,1687591638
cancel,10206,,,1687592215
cancel,17010,,,1687592215
cancel,18075,,,1687592215
cancel,24999,,,1687592215
newOrder,17010,0,17374,1687592237
newOrder,18075,1,17374,1687592237
newOrder,10206,0,52585,1687592237
newOrder,24999,1,52585,1687592237
cancel,10206,,,1687592816
cancel,17010,,,1687592816
cancel,18075,,,1687592816
cancel,24999,,,1687592816
newOrder,17010,0,17378,1687592839
newOrder,18075,1,17378,1687592839
newOrder,12002,0,29671,1687592839
newOrder,24957,1,29671,1687592839
cancel,12002,,,1687593416
cancel,17010,,,1687593416
cancel,18075,,,1687593416
cancel,24957,,,1687593416
newOrder,17010,0,17382,1687593438
newOrder,18075,1,17382,1687593438
newOrder,10206,0,40838,1687593438
newOrder,24957,1,40838,1687593438
cancel,10206,,,1687594017
cancel,17010,,,1687594017
cancel,18075,,,1687594017
cancel,24957,,,1687594017
newOrder,17010,0,17387,1687594038
newOrder,18075,1,17387,1687594038
newOrder,16975,0,8852,1687594038
cancel,16975,,,1687594615
cancel,17010,,,1687594615
cancel,18075,,,1687594615
newOrder,17010,0,17391,1687594638
newOrder,18075,1,17391,1687594638
newOrder,10206,0,68015,1687594638
newOrder,24999,1,68015,1687594638
cancel,10206,,,1687595215
cancel,17010,,,1687595215
cancel,18075,,,1687595215
cancel,24999,,,1687595215
newOrder,17010,0,17396,1687595237
newOrder,18075,1,17396,1687595237
newOrder,10206,0,54818,1687595237
newOrder,24999,1,54818,1687595237
cancel,10206,,,1687595815
cancel,17010,,,1687595815
cancel,18075,,,1687595815
cancel,24999,,,1687595815
newOrder,17010,0,17400,1687595839
newOrder,18075,1,17400,1687595839
newOrder,10206,0,85005,1687595839
newOrder,24999,1,85005,1687595839
cancel,10206,,,1687596415
cancel,17010,,,1687596415
cancel,18075,,,1687596415
cancel,24999,,,1687596415
newOrder,17010,0,17404,1687596437
newOrder,18075,1,17404,1687596437
newOrder,10206,0,68495,1687596437
newOrder,24999,1,68495,1687596437
cancel,10206,,,1687597016
cancel,17010,,,1687597016
cancel,18075,,,1687597016
cancel,24999,,,1687597016
newOrder,17030,0,17447,1687597038
newOrder,18075,1,17447,1687597038
newOrder,10526,0,39279,1687597038
newOrder,24957,1,39279,1687597038
cancel,10526,,,1687597616
cancel,17030,,,1687597616
cancel,18075,,,1687597616
cancel,24957,,,1687597616
newOrder,17030,0,17451,1687597639
newOrder,18075,1,17451,1687597639
newOrder,10526,0,31115,1687597639
newOrder,24957,1,31115,1687597639
cancel,10526,,,1687598216
cancel,17030,,,1687598216
cancel,18075,,,1687598216
cancel,24957,,,1687598216
newOrder,17030,0,17455,1687598237
newOrder,18075,1,17455,1687598237
newOrder,10218,0,75164,1687598237
newOrder,24999,1,75164,1687598237
cancel,10218,,,1687598814
cancel,17030,,,1687598814
cancel,18075,,,1687598814
cancel,24999,,,1687598814
newOrder,17030,0,17460,1687598838
newOrder,18075,1,17460,1687598838
newOrder,10218,0,62636,1687598838
newOrder,24999,1,62636,1687598838
cancel,10218,,,1687599415
cancel,17030,,,1687599415
cancel,18075,,,1687599415
cancel,24999,,,1687599415
newOrder,17030,0,17464,1687599437
newOrder,18075,1,17464,1687599437
newOrder,16975,0,13761,1687599437
cancel,16975,,,1687600016
cancel,17030,,,1687600016
cancel,18075,,,1687600016
newOrder,17030,0,17469,1687600040
newOrder,18075,1,17469,1687600040
newOrder,10218,0,45883,1687600040
newOrder,24999,1,45883,1687600040
cancel,10218,,,1687600615
cancel,17030,,,1687600615
cancel,18075,,,1687600615
cancel,24999,,,1687600615
newOrder,17030,0,17473,1687600638
newOrder,18075,1,17473,1687600638
newOrder,10218,0,47883,1687600638
newOrder,24999,1,47883,1687600638
cancel,10218,,,1687601216
cancel,17030,,,1687601216
cancel,18075,,,1687601216
cancel,24999,,,1687601216
newOrder,17030,0,17478,1687601237
newOrder,18075,1,17478,1687601237
newOrder,10526,0,35666,1687601237
newOrder,24957,1,35666,1687601237
cancel,10526,,,1687601816
cancel,17030,,,1687601816
cancel,18075,,,1687601816
cancel,24957,,,1687601816
newOrder,17030,0,17482,1687601838
newOrder,18075,1,17482,1687601838
newOrder,10218,0,82572,1687601838
newOrder,24999,1,82572,1687601838
cancel,10218,,,1687602416
cancel,17030,,,1687602416
cancel,18075,,,1687602416
cancel,24999,,,1687602416
newOrder,17030,0,17487,1687602438
newOrder,18075,1,17487,1687602438
newOrder,10218,0,55663,1687602438
newOrder,24999,1,55663,1687602438
cancel,10218,,,1687603016
cancel,17030,,,1687603016
cancel,18075,,,1687603016
cancel,24999,,,1687603016
newOrder,17030,0,17491,1687603040
newOrder,18075,1,17491,1687603040
newOrder,16975,0,12912,1687603040
cancel,16975,,,1687603615
cancel,17030,,,1687603615
cancel,18075,,,1687603615
newOrder,17030,0,17496,1687603639
newOrder,18075,1,17496,1687603639
newOrder,10218,0,53165,1687603639
newOrder,24999,1,53165,1687603639
cancel,10218,,,1687604216
cancel,17030,,,1687604216
cancel,18075,,,1687604216
cancel,24999,,,1687604216
newOrder,17030,0,17500,1687604241
newOrder,18075,1,17500,1687604241
newOrder,10526,0,30430,1687604241
newOrder,24957,1,30430,1687604241
cancel,10526,,,1687604815
cancel,17030,,,1687604815
cancel,18075,,,1687604815
cancel,24957,,,1687604815
newOrder,17030,0,17505,1687604838
newOrder,18075,1,17505,1687604838
newOrder,10526,0,38690,1687604838
newOrder,24957,1,38690,1687604838
cancel,10526,,,1687605416
cancel,17030,,,1687605416
cancel,18075,,,1687605416
cancel,24957,,,1687605416
newOrder,17030,0,17509,1687605439
newOrder,18075,1,17509,1687605439
newOrder,10218,0,83204,1687605439
newOrder,24999,1,83204,1687605439
cancel,10218,,,1687606015
cancel,17030,,,1687606015
cancel,18075,,,1687606015
cancel,24999,,,1687606015
newOrder,17030,0,17514,1687606039
newOrder,18075,1,17514,1687606039
newOrder,10218,0,56032,1687606039
newOrder,24999,1,56032,1687606039
cancel,10218,,,1687606615
cancel,17030,,,1687606615
cancel,18075,,,1687606615
cancel,24999,,,1687606615
newOrder,17030,0,17518,1687606638
newOrder,18075,1,17518,1687606638
newOrder,10218,0,54567,1687606638
newOrder,24999,1,54567,1687606638
cancel,10218,,,1687607216
cancel,17030,,,1687607216
cancel,18075,,,1687607216
cancel,24999,,,1687607216
newOrder,17030,0,17523,1687607238
newOrder,18075,1,17523,1687607238
newOrder,10218,0,88095,1687607238
newOrder,24999,1,88095,1687607238
cancel,10218,,,1687607815
cancel,17030,,,1687607815
cancel,18075,,,1687607815
cancel,24999,,,1687607815
newOrder,17030,0,17527,1687607839
newOrder,18075,1,17527,1687607839
newOrder,10218,0,68136,1687607839
newOrder,24999,1,68136,1687607839
cancel,10218,,,1687608415
cancel,17030,,,1687608415
cancel,18075,,,1687608415
cancel,24999,,,1687608415
newOrder,17030,0,17532,1687608439
newOrder,18075,1,17532,1687608439
newOrder,10218,0,93010,1687608439
newOrder,24999,1,93010,1687608439