instruction,price,side,qty,time
cancel,12160,,,1684066554
cancel,17790,,,1684066554
cancel,19066,,,1684066554
cancel,24957,,,1684066554
newOrder,17791,0,9309,1684066583
newOrder,19066,1,9309,1684066583
newOrder,12153,0,27544,1684066583
newOrder,24957,1,27544,1684066583
cancel,12153,,,1684067153
cancel,17791,,,1684067153
cancel,19066,,,1684067153
cancel,24957,,,1684067153
newOrder,17792,0,9311,1684067182
newOrder,19066,1,9311,1684067182
newOrder,12151,0,39312,1684067182
newOrder,24999,1,39312,1684067182
cancel,12151,,,1684067753
cancel,17792,,,1684067753
cancel,19066,,,1684067753
cancel,24999,,,1684067753
newOrder,17791,0,9312,1684067782
newOrder,19066,1,9312,1684067782
newOrder,12151,0,34137,1684067782
newOrder,24957,1,34137,1684067782
cancel,12151,,,1684068355
cancel,17791,,,1684068355
cancel,19066,,,1684068355
cancel,24957,,,1684068355
newOrder,17791,0,9314,1684068386
newOrder,19066,1,9314,1684068386
newOrder,12159,0,18660,1684068386
newOrder,24957,1,18660,1684068386
cancel,12159,,,1684068954
cancel,17791,,,1684068954
cancel,19066,,,1684068954
cancel,24957,,,1684068954
newOrder,17791,0,9315,1684068983
newOrder,19066,1,9315,1684068983
newOrder,12153,0,28197,1684068983
newOrder,24957,1,28197,1684068983
cancel,12153,,,1684069554
cancel,17791,,,1684069554
cancel,19066,,,1684069554
cancel,24957,,,1684069554
newOrder,17791,0,9316,1684069582
newOrder,19066,1,9316,1684069582
newOrder,12160,0,10656,1684069582
newOrder,24957,1,10656,1684069582
cancel,12160,,,1684070154
cancel,17791,,,1684070154
cancel,19066,,,1684070154
cancel,24957,,,1684070154
newOrder,17955,0,9400,1684070184
newOrder,19066,1,9400,1684070184
newOrder,12159,0,13937,1684070184
newOrder,24957,1,13937,1684070184
cancel,12159,,,1684070756
cancel,17955,,,1684070756
cancel,19066,,,1684070756
cancel,24957,,,1684070756
newOrder,17955,0,9401,1684070786
newOrder,19066,1,9401,1684070786
newOrder,12153,0,28692,1684070786
newOrder,24957,1,28692,1684070786
cancel,12153,,,1684071354
cancel,17955,,,1684071354
cancel,19066,,,1684071354
cancel,24957,,,1684071354
newOrder,17955,0,9403,1684071380
newOrder,19066,1,9403,1684071380
newOrder,12002,0,45161,1684071380
newOrder,24999,1,45161,1684071380
cancel,12002,,,1684071954
cancel,17955,,,1684071954
cancel,19066,,,1684071954
cancel,24999,,,1684071954
newOrder,17942,0,9399,1684071983
newOrder,19066,1,9399,1684071983
newOrder,12153,0,29241,1684071983
newOrder,24957,1,29241,1684071983
cancel,12153,,,1684072553
cancel,17942,,,1684072553
cancel,19066,,,1684072553
cancel,24957,,,1684072553
newOrder,17941,0,9400,1684072583
newOrder,19066,1,9400,1684072583
newOrder,12129,0,43064,1684072583
newOrder,24999,1,43064,1684072583
cancel,12129,,,1684073154
cancel,17941,,,1684073154
cancel,19066,,,1684073154
cancel,24999,,,1684073154
newOrder,17941,0,9401,1684073182
newOrder,19066,1,9401,1684073182
newOrder,12159,0,12715,1684073182
newOrder,24957,1,12715,1684073182
cancel,12159,,,1684073754
cancel,17941,,,1684073754
cancel,19066,,,1684073754
cancel,24957,,,1684073754
newOrder,17940,0,9402,1684073783
newOrder,19066,1,9402,1684073783
newOrder,10764,0,50280,1684073783
newOrder,24999,1,50280,1684073783
cancel,10764,,,1684074354
cancel,17940,,,1684074354
cancel,19066,,,1684074354
cancel,24999,,,1684074354
newOrder,17941,0,9404,1684074382
newOrder,19066,1,9404,1684074382
newOrder,12001,0,47594,1684074382
newOrder,24999,1,47594,1684074382
cancel,12001,,,1684074953
cancel,17941,,,1684074953
cancel,19066,,,1684074953
cancel,24999,,,1684074953
newOrder,17941,0,9405,1684074982
newOrder,19066,1,9405,1684074982
newOrder,10764,0,48013,1684074982
newOrder,24999,1,48013,1684074982
cancel,10764,,,1684075554
cancel,17941,,,1684075554
cancel,19066,,,1684075554
cancel,24999,,,1684075554
newOrder,17942,0,9407,1684075583
newOrder,19066,1,9407,1684075583
newOrder,12001,0,47470,1684075583
newOrder,24999,1,47470,1684075583
cancel,12001,,,1684076155
cancel,17942,,,1684076155
cancel,19066,,,1684076155
cancel,24999,,,1684076155
newOrder,17942,0,9409,1684076184
newOrder,19066,1,9409,1684076184
newOrder,12153,0,27606,1684076184
newOrder,24957,1,27606,1684076184
cancel,12153,,,1684076754
cancel,17942,,,1684076754
cancel,19066,,,1684076754
cancel,24957,,,1684076754
newOrder,17941,0,9410,1684076784
newOrder,19066,1,9410,1684076784
newOrder,12153,0,26289,1684076784
newOrder,24957,1,26289,1684076784
cancel,12153,,,1684077354
cancel,17941,,,1684077354
cancel,19066,,,1684077354
cancel,24957,,,1684077354
newOrder,17941,0,9412,1684077383
newOrder,19066,1,9412,1684077383
newOrder,12160,0,9262,1684077383
cancel,12160,,,1684077954
cancel,17941,,,1684077954
cancel,19066,,,1684077954
newOrder,17941,0,9413,1684077982
newOrder,19066,1,9413,1684077982
newOrder,12129,0,41702,1684077982
newOrder,24999,1,41702,1684077982
cancel,12129,,,1684078554
cancel,17941,,,1684078554
cancel,19066,,,1684078554
cancel,24999,,,1684078554
newOrder,17941,0,9415,1684078589
newOrder,19066,1,9415,1684078589
newOrder,12160,0,5708,1684078589
cancel,12160,,,1684079153
cancel,17941,,,1684079153
cancel,19066,,,1684079153
newOrder,17851,0,9372,1684079182
newOrder,19066,1,9372,1684079182
newOrder,12159,0,12862,1684079182
newOrder,24957,1,12862,1684079182
cancel,12159,,,1684079754
cancel,17851,,,1684079754
cancel,19066,,,1684079754
cancel,24957,,,1684079754
newOrder,17851,0,9374,1684079783
newOrder,19066,1,9374,1684079783
newOrder,12159,0,20669,1684079783
newOrder,24957,1,20669,1684079783
cancel,12159,,,1684080353
cancel,17851,,,1684080353
cancel,19066,,,1684080353
cancel,24957,,,1684080353
newOrder,17851,0,9375,1684080383
newOrder,19066,1,9375,1684080383
newOrder,12129,0,42897,1684080383
newOrder,24999,1,42897,1684080383
cancel,12129,,,1684080954
cancel,17851,,,1684080954
cancel,19066,,,1684080954
cancel,24999,,,1684080954
newOrder,17823,0,9361,1684080982
newOrder,19066,1,9361,1684080982
newOrder,12160,0,7997,1684080982
cancel,12160,,,1684081553
cancel,17823,,,1684081553
cancel,19066,,,1684081553
newOrder,17882,0,9394,1684081583
newOrder,19066,1,9394,1684081583
newOrder,12001,0,46776,1684081583
newOrder,24999,1,46776,1684081583
cancel,12001,,,1684082154
cancel,17882,,,1684082154
cancel,19066,,,1684082154
cancel,24999,,,1684082154
newOrder,17882,0,9395,1684082182
newOrder,19066,1,9395,1684082182
newOrder,12161,0,9036,1684082182
cancel,12161,,,1684082754
cancel,17882,,,1684082754
cancel,19066,,,1684082754
newOrder,17882,0,9397,1684082783
newOrder,19066,1,9397,1684082783
newOrder,12153,0,29058,1684082783
newOrder,24957,1,29058,1684082783
cancel,12153,,,1684083354
cancel,17882,,,1684083354
cancel,19066,,,1684083354
cancel,24957,,,1684083354
newOrder,17903,0,9409,1684083383
newOrder,19066,1,9409,1684083383
newOrder,12159,0,16787,1684083383
newOrder,24957,1,16787,1684083383
cancel,12159,,,1684083953
cancel,17903,,,1684083953
cancel,19066,,,1684083953
cancel,24957,,,1684083953
newOrder,17922,0,9420,1684083983
newOrder,19066,1,9420,1684083983
newOrder,12001,0,46592,1684083983
newOrder,24999,1,46592,1684083983
cancel,12001,,,1684084554
cancel,17922,,,1684084554
cancel,19066,,,1684084554
cancel,24999,,,1684084554
newOrder,17930,0,9425,1684084583
newOrder,19066,1,9425,1684084583
newOrder,12159,0,26655,1684084583
newOrder,24957,1,26655,1684084583
cancel,12159,,,1684085154
cancel,17930,,,1684085154
cancel,19066,,,1684085154
cancel,24957,,,1684085154
newOrder,17913,0,9418,1684085183
newOrder,19066,1,9418,1684085183
newOrder,12151,0,38760,1684085183
newOrder,24999,1,38760,1684085183
cancel,12151,,,1684085754
cancel,17913,,,1684085754
cancel,19066,,,1684085754
cancel,24999,,,1684085754
newOrder,17913,0,9420,1684085784
newOrder,19066,1,9420,1684085784
newOrder,12001,0,47309,1684085784
newOrder,24999,1,47309,1684085784
cancel,12001,,,1684086353
cancel,17913,,,1684086353
cancel,19066,,,1684086353
cancel,24999,,,1684086353
newOrder,17913,0,9421,1684086382
newOrder,19066,1,9421,1684086382
newOrder,12001,0,48085,1684086382
newOrder,24999,1,48085,1684086382
cancel,12001,,,1684086953
cancel,17913,,,1684086953
cancel,19066,,,1684086953
cancel,24999,,,1684086953
newOrder,17931,0,9431,1684086981
newOrder,19066,1,9431,1684086981
newOrder,12162,0,9510,1684086981
cancel,12162,,,1684087553
cancel,17931,,,1684087553
cancel,19066,,,1684087553
newOrder,17931,0,9433,1684087581
newOrder,19066,1,9433,1684087581
newOrder,12153,0,34085,1684087581
newOrder,24957,1,34085,1684087581
cancel,12153,,,1684088154
cancel,17931,,,1684088154
cancel,19066,,,1684088154
cancel,24957,,,1684088154
newOrder,17931,0,9434,1684088182
newOrder,19066,1,9434,1684088182
newOrder,12159,0,25307,1684088182
newOrder,24957,1,25307,1684088182
cancel,12159,,,1684088753
cancel,17931,,,1684088753
cancel,19066,,,1684088753
cancel,24957,,,1684088753
newOrder,17931,0,9436,1684088782
newOrder,19066,1,9436,1684088782
newOrder,12159,0,15463,1684088782
newOrder,24957,1,15463,1684088782
cancel,12159,,,1684089354
cancel,17931,,,1684089354
cancel,19066,,,1684089354
cancel,24957,,,1684089354
newOrder,17931,0,9437,1684089383
newOrder,19066,1,9437,1684089383
newOrder,10759,0,50525,1684089383
newOrder,24999,1,50525,1684089383
cancel,10759,,,1684089954
cancel,17931,,,1684089954
cancel,19066,,,1684089954
cancel,24999,,,1684089954
newOrder,17931,0,9439,1684089981
newOrder,19066,1,9439,1684089981
newOrder,12159,0,23144,1684089981
newOrder,24957,1,23144,1684089981
cancel,12159,,,1684090553
cancel,17931,,,1684090553
cancel,19066,,,1684090553
cancel,24957,,,1684090553
newOrder,17931,0,9440,1684090582
newOrder,19066,1,9440,1684090582
newOrder,12163,0,9569,1684090582
newOrder,21899,1,9569,1684090582
cancel,12163,,,1684091154
cancel,17931,,,1684091154
cancel,19066,,,1684091154
cancel,21899,,,1684091154
newOrder,17931,0,9442,1684091182
newOrder,19066,1,9442,1684091182
newOrder,12163,0,9379,1684091182
cancel,12163,,,1684091754
cancel,17931,,,1684091754
cancel,19066,,,1684091754
newOrder,17967,0,9459,1684091783
newOrder,19066,1,9459,1684091783
newOrder,12153,0,31012,1684091783
newOrder,24957,1,31012,1684091783
cancel,12153,,,1684092353
cancel,17967,,,1684092353
cancel,19066,,,1684092353
cancel,24957,,,1684092353
newOrder,17967,0,9461,1684092385
newOrder,19066,1,9461,1684092385
newOrder,12159,0,20593,1684092385
newOrder,24957,1,20593,1684092385
cancel,12159,,,1684092954
cancel,17967,,,1684092954
cancel,19066,,,1684092954
cancel,24957,,,1684092954
newOrder,17967,0,9462,1684092981
newOrder,19066,1,9462,1684092981
newOrder,12162,0,12995,1684092981
newOrder,24957,1,12995,1684092981
cancel,12162,,,1684093553
cancel,17967,,,1684093553
cancel,19066,,,1684093553
cancel,24957,,,1684093553
newOrder,17967,0,9464,1684093587
newOrder,19066,1,9464,1684093587
newOrder,12151,0,36399,1684093587
newOrder,24999,1,36399,1684093587
cancel,12151,,,1684094154
cancel,17967,,,1684094154
cancel,19066,,,1684094154
cancel,24999,,,1684094154
newOrder,17967,0,9465,1684094183
newOrder,19066,1,9465,1684094183
newOrder,12151,0,35800,1684094183
newOrder,24999,1,35800,1684094183
cancel,12151,,,1684094754
cancel,17967,,,1684094754
cancel,19066,,,1684094754
cancel,24999,,,1684094754
newOrder,17967,0,9467,1684094782
newOrder,19066,1,9467,1684094782
newOrder,12153,0,35216,1684094782
newOrder,24999,1,35216,1684094782
cancel,12153,,,1684095353
cancel,17967,,,1684095353
cancel,19066,,,1684095353
cancel,24999,,,1684095353
newOrder,17967,0,9469,1684095384
newOrder,19066,1,9469,1684095384
newOrder,12002,0,46114,1684095384
newOrder,24999,1,46114,1684095384
cancel,12002,,,1684095953
cancel,17967,,,1684095953
cancel,19066,,,1684095953
cancel,24999,,,1684095953
newOrder,17967,0,9470,1684095985
newOrder,19066,1,9470,1684095985
newOrder,12163,0,9114,1684095985
cancel,12163,,,1684096554
cancel,17967,,,1684096554
cancel,19066,,,1684096554
newOrder,17967,0,9472,1684096585
newOrder,19066,1,9472,1684096585
newOrder,12159,0,27860,1684096585
newOrder,24957,1,27860,1684096585
cancel,12159,,,1684097152
cancel,17967,,,1684097152
cancel,19066,,,1684097152
cancel,24957,,,1684097152
newOrder,17967,0,9473,1684097182
newOrder,19066,1,9473,1684097182
newOrder,12151,0,40541,1684097182
newOrder,24999,1,40541,1684097182
cancel,12151,,,1684097753
cancel,17967,,,1684097753
cancel,19066,,,1684097753
cancel,24999,,,1684097753
newOrder,17967,0,9475,1684097782
newOrder,19066,1,9475,1684097782
newOrder,12151,0,37811,1684097782
newOrder,24999,1,37811,1684097782
cancel,12151,,,1684098353
cancel,17967,,,1684098353
cancel,19066,,,1684098353
cancel,24999,,,1684098353
newOrder,18004,0,9492,1684098383
newOrder,19066,1,9492,1684098383
newOrder,12159,0,19638,1684098383
newOrder,24957,1,19638,1684098383
cancel,12159,,,1684098954
cancel,18004,,,1684098954
cancel,19066,,,1684098954
cancel,24957,,,1684098954
newOrder,18004,0,9494,1684098982
newOrder,19066,1,9494,1684098982
newOrder,10802,0,49837,1684098982
newOrder,24999,1,49837,1684098982
cancel,10802,,,1684099556
cancel,18004,,,1684099556
cancel,19066,,,1684099556
cancel,24999,,,1684099556
newOrder,18004,0,9495,1684099584
newOrder,19066,1,9495,1684099584
newOrder,12159,0,28013,1684099584
newOrder,24957,1,28013,1684099584
cancel,12159,,,1684100153
cancel,18004,,,1684100153
cancel,19066,,,1684100153
cancel,24957,,,1684100153
newOrder,18004,0,9497,1684100181
newOrder,19066,1,9497,1684100181
newOrder,12153,0,34669,1684100181
newOrder,24957,1,34669,1684100181
cancel,12153,,,1684100753
cancel,18004,,,1684100753
cancel,19066,,,1684100753
cancel,24957,,,1684100753
newOrder,18004,0,9498,1684100787
newOrder,19066,1,9498,1684100787
newOrder,12159,0,25987,1684100787
newOrder,24957,1,25987,1684100787
cancel,12159,,,1684101355
cancel,18004,,,1684101355
cancel,19066,,,1684101355
cancel,24957,,,1684101355
newOrder,18004,0,9500,1684101384
newOrder,19066,1,9500,1684101384
newOrder,12159,0,26111,1684101384
newOrder,24957,1,26111,1684101384
cancel,12159,,,1684101954
cancel,18004,,,1684101954
cancel,19066,,,1684101954
cancel,24957,,,1684101954
newOrder,18004,0,9501,1684101984
newOrder,19066,1,9501,1684101984
newOrder,12159,0,23857,1684101984
newOrder,24957,1,23857,1684101984
cancel,12159,,,1684102555
cancel,18004,,,1684102555
cancel,19066,,,1684102555
cancel,24957,,,1684102555
newOrder,18004,0,9503,1684102588
newOrder,19066,1,9503,1684102588
newOrder,10802,0,50723,1684102588
newOrder,24999,1,50723,1684102588
cancel,10802,,,1684103153
cancel,18004,,,1684103153
cancel,19066,,,1684103153
cancel,24999,,,1684103153
newOrder,18004,0,9505,1684103180
newOrder,19066,1,9505,1684103180
newOrder,12163,0,8238,1684103180
cancel,12163,,,1684103754
cancel,18004,,,1684103754
cancel,19066,,,1684103754
newOrder,18004,0,9506,1684103781
newOrder,19066,1,9506,1684103781
newOrder,12001,0,47321,1684103781
newOrder,24999,1,47321,1684103781
cancel,12001,,,1684104354
cancel,18004,,,1684104354
cancel,19066,,,1684104354
cancel,24999,,,1684104354
newOrder,18004,0,9508,1684104382
newOrder,19066,1,9508,1684104382
newOrder,12159,0,18421,1684104382
newOrder,24957,1,18421,1684104382
cancel,12159,,,1684104955
cancel,18004,,,1684104955
cancel,19066,,,1684104955
cancel,24957,,,1684104955
newOrder,18004,0,9509,1684104985
newOrder,19066,1,9509,1684104985
newOrder,12162,0,12736,1684104985
newOrder,24957,1,12736,1684104985
cancel,12162,,,1684105554
cancel,18004,,,1684105554
cancel,19066,,,1684105554
cancel,24957,,,1684105554
newOrder,18004,0,9511,1684105583
newOrder,19066,1,9511,1684105583
newOrder,12001,0,48318,1684105583
newOrder,24999,1,48318,1684105583
cancel,12001,,,1684106154
cancel,18004,,,1684106154
cancel,19066,,,1684106154
cancel,24999,,,1684106154
newOrder,18004,0,9512,1684106182
newOrder,19066,1,9512,1684106182
newOrder,12153,0,34888,1684106182
newOrder,24999,1,34888,1684106182
cancel,12153,,,1684106754
cancel,18004,,,1684106754
cancel,19066,,,1684106754
cancel,24999,,,1684106754
newOrder,18004,0,9514,1684106782
newOrder,19066,1,9514,1684106782
newOrder,12151,0,36287,1684106782
newOrder,24999,1,36287,1684106782
cancel,12151,,,1684107353
cancel,18004,,,1684107353
cancel,19066,,,1684107353
cancel,24999,,,1684107353
newOrder,18004,0,9515,1684107384
newOrder,19066,1,9515,1684107384
newOrder,12159,0,18572,1684107384
newOrder,24957,1,18572,1684107384
cancel,12159,,,1684107953
cancel,18004,,,1684107953
cancel,19066,,,1684107953
cancel,24957,,,1684107953
newOrder,18004,0,9517,1684107986
newOrder,19066,1,9517,1684107986
newOrder,12151,0,43504,1684107986
newOrder,24999,1,43504,1684107986
cancel,12151,,,1684108554
cancel,18004,,,1684108554
cancel,19066,,,1684108554
cancel,24999,,,1684108554
newOrder,18004,0,9519,1684108583
newOrder,19066,1,9519,1684108583
newOrder,12153,0,29692,1684108583
newOrder,24957,1,29692,1684108583
cancel,12153,,,1684109153
cancel,18004,,,1684109153
cancel,19066,,,1684109153
cancel,24957,,,1684109153
newOrder,18004,0,9520,1684109182
newOrder,19066,1,9520,1684109182
newOrder,12151,0,42641,1684109182
newOrder,24999,1,42641,1684109182
cancel,12151,,,1684109754
cancel,18004,,,1684109754
cancel,19066,,,1684109754
cancel,24999,,,1684109754
newOrder,18004,0,9522,1684109786
newOrder,19066,1,9522,1684109786
newOrder,12151,0,41161,1684109786
newOrder,24999,1,41161,1684109786
cancel,12151,,,1684110354
cancel,18004,,,1684110354
cancel,19066,,,1684110354
cancel,24999,,,1684110354
newOrder,18006,0,9524,1684110383
newOrder,19066,1,9524,1684110383
newOrder,12151,0,42038,1684110383
newOrder,24999,1,42038,1684110383
cancel,12151,,,1684110954
cancel,18006,,,1684110954
cancel,19066,,,1684110954
cancel,24999,,,1684110954
newOrder,18006,0,9526,1684110983
newOrder,19066,1,9526,1684110983
newOrder,12163,0,7305,1684110983
cancel,12163,,,1684111554
cancel,18006,,,1684111554
cancel,19066,,,1684111554
newOrder,18006,0,9527,1684111583
newOrder,19066,1,9527,1684111583
newOrder,12159,0,26630,1684111583
newOrder,24957,1,26630,1684111583
cancel,12159,,,1684112154
cancel,18006,,,1684112154
cancel,19066,,,1684112154
cancel,24957,,,1684112154
newOrder,18005,0,9528,1684112182
newOrder,19066,1,9528,1684112182
newOrder,12153,0,31391,1684112182
newOrder,24957,1,31391,1684112182
cancel,12153,,,1684112754
cancel,18005,,,1684112754
cancel,19066,,,1684112754
cancel,24957,,,1684112754
newOrder,18005,0,9530,1684112782
newOrder,19066,1,9530,1684112782
newOrder,12153,0,32258,1684112782
newOrder,24957,1,32258,1684112782
cancel,12153,,,1684113353
cancel,18005,,,1684113353
cancel,19066,,,1684113353
cancel,24957,,,1684113353
newOrder,18005,0,9532,1684113382
newOrder,19066,1,9532,1684113382
newOrder,12151,0,40937,1684113382
newOrder,24999,1,40937,1684113382
cancel,12151,,,1684113954
cancel,18005,,,1684113954
cancel,19066,,,1684113954
cancel,24999,,,1684113954
newOrder,17969,0,9517,1684113984
newOrder,19066,1,9517,1684113984
newOrder,12159,0,22748,1684113984
newOrder,24957,1,22748,1684113984
cancel,12159,,,1684114517
cancel,17969,,,1684114517
cancel,19066,,,1684114517
cancel,24957,,,1684114517
newOrder,17969,0,9519,1684114595
newOrder,19066,1,9519,1684114595
newOrder,12159,0,26457,1684114595
newOrder,24957,1,26457,1684114595
cancel,12159,,,1684115154
cancel,17969,,,1684115154
cancel,19066,,,1684115154
cancel,24957,,,1684115154
newOrder,17969,0,9521,1684115182
newOrder,19066,1,9521,1684115182
newOrder,12163,0,6880,1684115182
cancel,12163,,,1684115754
cancel,17969,,,1684115754
cancel,19066,,,1684115754
newOrder,17969,0,9522,1684115783
newOrder,19066,1,9522,1684115783
newOrder,12001,0,47550,1684115783
newOrder,24999,1,47550,1684115783
cancel,12001,,,1684116354
cancel,17969,,,1684116354
cancel,19066,,,1684116354
cancel,24999,,,1684116354
newOrder,17969,0,9524,1684116383
newOrder,19066,1,9524,1684116383
newOrder,12151,0,39895,1684116383
newOrder,24999,1,39895,1684116383
cancel,12151,,,1684116954
cancel,17969,,,1684116954
cancel,19066,,,1684116954
cancel,24999,,,1684116954
newOrder,17969,0,9525,1684116982
newOrder,19066,1,9525,1684116982
newOrder,12163,0,9395,1684116982
cancel,12163,,,1684117554
cancel,17969,,,1684117554
cancel,19066,,,1684117554
newOrder,17969,0,9527,1684117582
newOrder,19066,1,9527,1684117582
newOrder,12162,0,13052,1684117582
newOrder,24957,1,13052,1684117582
cancel,12162,,,1684118156
cancel,17969,,,1684118156
cancel,19066,,,1684118156
cancel,24957,,,1684118156
newOrder,17969,0,9528,1684118187
newOrder,19066,1,9528,1684118187
newOrder,12153,0,35109,1684118187
newOrder,24999,1,35109,1684118187
cancel,12153,,,1684118755
cancel,17969,,,1684118755
cancel,19066,,,1684118755
cancel,24999,,,1684118755
newOrder,17969,0,9530,1684118786
newOrder,19066,1,9530,1684118786
newOrder,12151,0,35328,1684118786
newOrder,24999,1,35328,1684118786
cancel,12151,,,1684119354
cancel,17969,,,1684119354
cancel,19066,,,1684119354
cancel,24999,,,1684119354
newOrder,17969,0,9531,1684119383
newOrder,19066,1,9531,1684119383
newOrder,12163,0,6807,1684119383
cancel,12163,,,1684119954
cancel,17969,,,1684119954
cancel,19066,,,1684119954
newOrder,17969,0,9533,1684119984
newOrder,19066,1,9533,1684119984
newOrder,12151,0,39409,1684119984
newOrder,24999,1,39409,1684119984
cancel,12151,,,1684120554
cancel,17969,,,1684120554
cancel,19066,,,1684120554
cancel,24999,,,1684120554
newOrder,17969,0,9536,1684121180
newOrder,19066,1,9536,1684121180
newOrder,12151,0,35616,1684121180
newOrder,24999,1,35616,1684121180
cancel,12151,,,1684121753
cancel,17969,,,1684121753
cancel,19066,,,1684121753
cancel,24999,,,1684121753
newOrder,17969,0,9538,1684121785
newOrder,19066,1,9538,1684121785
newOrder,12159,0,25974,1684121785
newOrder,24957,1,25974,1684121785
cancel,12159,,,1684122354
cancel,17969,,,1684122354
cancel,19066,,,1684122354
cancel,24957,,,1684122354
newOrder,17969,0,9539,1684122383
newOrder,19066,1,9539,1684122383
newOrder,12151,0,38952,1684122383
newOrder,24999,1,38952,1684122383
cancel,12151,,,1684122954
cancel,17969,,,1684122954
cancel,19066,,,1684122954
cancel,24999,,,1684122954
newOrder,17969,0,9541,1684122982
newOrder,19066,1,9541,1684122982
newOrder,12153,0,34823,1684122982
newOrder,24999,1,34823,1684122982
cancel,12153,,,1684123553
cancel,17969,,,1684123553
cancel,19066,,,1684123553
cancel,24999,,,1684123553
newOrder,17969,0,9542,1684123583
newOrder,19066,1,9542,1684123583
newOrder,12153,0,30997,1684123583
newOrder,24957,1,30997,1684123583
cancel,12153,,,1684124154
cancel,17969,,,1684124154
cancel,19066,,,1684124154
cancel,24957,,,1684124154
newOrder,17969,0,9544,1684124183
newOrder,19066,1,9544,1684124183
newOrder,12001,0,48508,1684124183
newOrder,24999,1,48508,1684124183
cancel,12001,,,1684124754
cancel,17969,,,1684124754
cancel,19066,,,1684124754
cancel,24999,,,1684124754
newOrder,17969,0,9546,1684124782
newOrder,19066,1,9546,1684124782
newOrder,12153,0,30748,1684124782
newOrder,24957,1,30748,1684124782
cancel,12153,,,1684125353
cancel,17969,,,1684125353
cancel,19066,,,1684125353
cancel,24957,,,1684125353
newOrder,17969,0,9547,1684125385
newOrder,19066,1,9547,1684125385
newOrder,12153,0,30794,1684125385
newOrder,24957,1,30794,1684125385
cancel,12153,,,1684125953
cancel,17969,,,1684125953
cancel,19066,,,1684125953
cancel,24957,,,1684125953
newOrder,17921,0,9526,1684125982
newOrder,19066,1,9526,1684125982
newOrder,12153,0,31718,1684125982
newOrder,24957,1,31718,1684125982
cancel,12153,,,1684126553
cancel,17921,,,1684126553
cancel,19066,,,1684126553
cancel,24957,,,1684126553
newOrder,17938,0,9536,1684126583
newOrder,19066,1,9536,1684126583
newOrder,12001,0,47664,1684126583
newOrder,24999,1,47664,1684126583
cancel,12001,,,1684127154
cancel,17938,,,1684127154
cancel,19066,,,1684127154
cancel,24999,,,1684127154
newOrder,17938,0,9537,1684127182
newOrder,19066,1,9537,1684127182
newOrder,12001,0,47032,1684127182
newOrder,24999,1,47032,1684127182
cancel,12001,,,1684127755
cancel,17938,,,1684127755
cancel,19066,,,1684127755
cancel,24999,,,1684127755
newOrder,17938,0,9539,1684127782
newOrder,19066,1,9539,1684127782
newOrder,12163,0,9573,1684127782
cancel,12163,,,1684128356
cancel,17938,,,1684128356
cancel,19066,,,1684128356
newOrder,17938,0,9541,1684128386
newOrder,19066,1,9541,1684128386
newOrder,12153,0,35165,1684128386
newOrder,24999,1,35165,1684128386
cancel,12153,,,1684128954
cancel,17938,,,1684128954
cancel,19066,,,1684128954
cancel,24999,,,1684128954
newOrder,17938,0,9542,1684128982
newOrder,19066,1,9542,1684128982
newOrder,12164,0,7100,1684128982
cancel,12164,,,1684129554
cancel,17938,,,1684129554
cancel,19066,,,1684129554
newOrder,17938,0,9544,1684129583
newOrder,19066,1,9544,1684129583
newOrder,12166,0,11255,1684129583
newOrder,24957,1,11255,1684129583
cancel,12166,,,1684130154
cancel,17938,,,1684130154
cancel,19066,,,1684130154
cancel,24957,,,1684130154
newOrder,17938,0,9545,1684130183
newOrder,19066,1,9545,1684130183
newOrder,12164,0,23267,1684130183
newOrder,24957,1,23267,1684130183
cancel,12164,,,1684130754
cancel,17938,,,1684130754
cancel,19066,,,1684130754
cancel,24957,,,1684130754
newOrder,17883,0,9519,1684130783
newOrder,19066,1,9519,1684130783
newOrder,12159,0,39309,1684130783
newOrder,24999,1,39309,1684130783
cancel,12159,,,1684131354
cancel,17883,,,1684131354
cancel,19066,,,1684131354
cancel,24999,,,1684131354
newOrder,17883,0,9520,1684131383
newOrder,19066,1,9520,1684131383
newOrder,12001,0,48959,1684131383
newOrder,24999,1,48959,1684131383
cancel,12001,,,1684131954
cancel,17883,,,1684131954
cancel,19066,,,1684131954
cancel,24999,,,1684131954
newOrder,17882,0,9521,1684131984
newOrder,19066,1,9521,1684131984
newOrder,12169,0,10324,1684131984
newOrder,24957,1,10324,1684131984
cancel,12169,,,1684132554
cancel,17882,,,1684132554
cancel,19066,,,1684132554
cancel,24957,,,1684132554
newOrder,17883,0,9523,1684132583
newOrder,19066,1,9523,1684132583
newOrder,12164,0,25408,1684132583
newOrder,24957,1,25408,1684132583
cancel,12164,,,1684133154
cancel,17883,,,1684133154
cancel,19066,,,1684133154
cancel,24957,,,1684133154
newOrder,17883,0,9525,1684133183
newOrder,19066,1,9525,1684133183
newOrder,12164,0,15597,1684133183
newOrder,24957,1,15597,1684133183
cancel,12164,,,1684133754
cancel,17883,,,1684133754
cancel,19066,,,1684133754
cancel,24957,,,1684133754
newOrder,17883,0,9526,1684133782
newOrder,19066,1,9526,1684133782
newOrder,12159,0,42490,1684133782
newOrder,24999,1,42490,1684133782
cancel,12159,,,1684134352
cancel,17883,,,1684134352
cancel,19066,,,1684134352
cancel,24999,,,1684134352
newOrder,17883,0,9528,1684134381
newOrder,19066,1,9528,1684134381
newOrder,12001,0,47209,1684134381
newOrder,24999,1,47209,1684134381
cancel,12001,,,1684134954
cancel,17883,,,1684134954
cancel,19066,,,1684134954
cancel,24999,,,1684134954
newOrder,17882,0,9529,1684134982
newOrder,19066,1,9529,1684134982
newOrder,12164,0,23511,1684134982
newOrder,24957,1,23511,1684134982
cancel,12164,,,1684135554
cancel,17882,,,1684135554
cancel,19066,,,1684135554
cancel,24957,,,1684135554
newOrder,17884,0,9531,1684135580
newOrder,19066,1,9531,1684135580
newOrder,12164,0,13326,1684135580
newOrder,24957,1,13326,1684135580
cancel,12164,,,1684136153
cancel,17884,,,1684136153
cancel,19066,,,1684136153
cancel,24957,,,1684136153
newOrder,17885,0,9534,1684136182
newOrder,19066,1,9534,1684136182
newOrder,12164,0,13786,1684136182
newOrder,24957,1,13786,1684136182
cancel,12164,,,1684136753
cancel,17885,,,1684136753
cancel,19066,,,1684136753
cancel,24957,,,1684136753
newOrder,17893,0,9539,1684136782
newOrder,19066,1,9539,1684136782
newOrder,12159,0,32153,1684136782
newOrder,24957,1,32153,1684136782
cancel,12159,,,1684137354
cancel,17893,,,1684137354
cancel,19066,,,1684137354
cancel,24957,,,1684137354
newOrder,17892,0,9541,1684137382
newOrder,19066,1,9541,1684137382
newOrder,12159,0,37176,1684137382
newOrder,24999,1,37176,1684137382
cancel,12159,,,1684137954
cancel,17892,,,1684137954
cancel,19066,,,1684137954
cancel,24999,,,1684137954
newOrder,17891,0,9542,1684137984
newOrder,19066,1,9542,1684137984
newOrder,12159,0,33235,1684137984
newOrder,24957,1,33235,1684137984
cancel,12159,,,1684138553
cancel,17891,,,1684138553
cancel,19066,,,1684138553
cancel,24957,,,1684138553
newOrder,17891,0,9543,1684138581
newOrder,19066,1,9543,1684138581
newOrder,12159,0,30066,1684138581
newOrder,24957,1,30066,1684138581
cancel,12159,,,1684139153
cancel,17891,,,1684139153
cancel,19066,,,1684139153
cancel,24957,,,1684139153
newOrder,17946,0,9573,1684139183
newOrder,19066,1,9573,1684139183
newOrder,12159,0,44646,1684139183
newOrder,24999,1,44646,1684139183
cancel,12159,,,1684139754
cancel,17946,,,1684139754
cancel,19066,,,1684139754
cancel,24999,,,1684139754
newOrder,17946,0,9574,1684139781
newOrder,19066,1,9574,1684139781
newOrder,10768,0,51009,1684139781
newOrder,24999,1,51009,1684139781
cancel,10768,,,1684140353
cancel,17946,,,1684140353
cancel,19066,,,1684140353
cancel,24999,,,1684140353
newOrder,17962,0,9584,1684140382
newOrder,19066,1,9584,1684140382
newOrder,12162,0,28331,1684140382
newOrder,24957,1,28331,1684140382
cancel,12162,,,1684140954
cancel,17962,,,1684140954
cancel,19066,,,1684140954
cancel,24957,,,1684140954
newOrder,17947,0,9578,1684140984
newOrder,19066,1,9578,1684140984
newOrder,12164,0,18837,1684140984
newOrder,24957,1,18837,1684140984
cancel,12164,,,1684141554
cancel,17947,,,1684141554
cancel,19066,,,1684141554
cancel,24957,,,1684141554
newOrder,17947,0,9579,1684141583
newOrder,19066,1,9579,1684141583
newOrder,12159,0,42919,1684141583
newOrder,24999,1,42919,1684141583
cancel,12159,,,1684142154
cancel,17947,,,1684142154
cancel,19066,,,1684142154
cancel,24999,,,1684142154
newOrder,17875,0,9544,1684142183
newOrder,19066,1,9544,1684142183
newOrder,12164,0,15422,1684142183
newOrder,24957,1,15422,1684142183
cancel,12164,,,1684142755
cancel,17875,,,1684142755
cancel,19066,,,1684142755
cancel,24957,,,1684142755
newOrder,17876,0,9546,1684142799
newOrder,19066,1,9546,1684142799
newOrder,10725,0,44900,1684142799
newOrder,24999,1,44900,1684142799
cancel,10725,,,1684143353
cancel,17876,,,1684143353
cancel,19066,,,1684143353
cancel,24999,,,1684143353
newOrder,17876,0,9547,1684143383
newOrder,19066,1,9547,1684143383
newOrder,10726,0,37127,1684143383
newOrder,24999,1,37127,1684143383
cancel,10726,,,1684143953
cancel,17876,,,1684143953
cancel,19066,,,1684143953
cancel,24999,,,1684143953
newOrder,17875,0,9550,1684144579
newOrder,19066,1,9550,1684144579
newOrder,10725,0,36565,1684144579
newOrder,24999,1,36565,1684144579
cancel,10725,,,1684145154
cancel,17875,,,1684145154
cancel,19066,,,1684145154
cancel,24999,,,1684145154
newOrder,17876,0,9552,1684145183
newOrder,19066,1,9552,1684145183
newOrder,10725,0,35919,1684145183
newOrder,24999,1,35919,1684145183
cancel,10725,,,1684145758
cancel,17876,,,1684145758
cancel,19066,,,1684145758
cancel,24999,,,1684145758
newOrder,17876,0,9554,1684145787
newOrder,19066,1,9554,1684145787
newOrder,12169,0,7644,1684145787
cancel,12169,,,1684146354
cancel,17876,,,1684146354
cancel,19066,,,1684146354
newOrder,17875,0,9555,1684146381
newOrder,19066,1,9555,1684146381
newOrder,10725,0,40941,1684146381
newOrder,24999,1,40941,1684146381
cancel,10725,,,1684146954
cancel,17875,,,1684146954
cancel,19066,,,1684146954
cancel,24999,,,1684146954
newOrder,17876,0,9557,1684146985
newOrder,19066,1,9557,1684146985
newOrder,10725,0,46939,1684146985
newOrder,24999,1,46939,1684146985
cancel,10725,,,1684147554
cancel,17876,,,1684147554
cancel,19066,,,1684147554
cancel,24999,,,1684147554
newOrder,17875,0,9558,1684147582
newOrder,19066,1,9558,1684147582
newOrder,12159,0,27468,1684147582
newOrder,24957,1,27468,1684147582
cancel,12159,,,1684148154
cancel,17875,,,1684148154
cancel,19066,,,1684148154
cancel,24957,,,1684148154
newOrder,17875,0,9559,1684148182
newOrder,19066,1,9559,1684148182
newOrder,12159,0,20731,1684148182
newOrder,24957,1,20731,1684148182
cancel,12159,,,1684148754
cancel,17875,,,1684148754
cancel,19066,,,1684148754
cancel,24957,,,1684148754
newOrder,17883,0,9565,1684148781
newOrder,19066,1,9565,1684148781
newOrder,12001,0,32761,1684148781
newOrder,24957,1,32761,1684148781
cancel,12001,,,1684149354
cancel,17883,,,1684149354
cancel,19066,,,1684149354
cancel,24957,,,1684149354
newOrder,17884,0,9567,1684149382
newOrder,19066,1,9567,1684149382
newOrder,10730,0,41474,1684149382
newOrder,24999,1,41474,1684149382
cancel,10730,,,1684149954
cancel,17884,,,1684149954
cancel,19066,,,1684149954
cancel,24999,,,1684149954
newOrder,17884,0,9569,1684149982
newOrder,19066,1,9569,1684149982
newOrder,10731,0,43643,1684149982
newOrder,24999,1,43643,1684149982
cancel,10731,,,1684150554
cancel,17884,,,1684150554
cancel,19066,,,1684150554
cancel,24999,,,1684150554
newOrder,17884,0,9571,1684150582
newOrder,19066,1,9571,1684150582
newOrder,12162,0,14928,1684150582
newOrder,24957,1,14928,1684150582
cancel,12162,,,1684151154
cancel,17884,,,1684151154
cancel,19066,,,1684151154
cancel,24957,,,1684151154
newOrder,17884,0,9572,1684151185
newOrder,19066,1,9572,1684151185
newOrder,10731,0,47186,1684151185
newOrder,24999,1,47186,1684151185
cancel,10731,,,1684151753
cancel,17884,,,1684151753
cancel,19066,,,1684151753
cancel,24999,,,1684151753
newOrder,17884,0,9574,1684151781
newOrder,19066,1,9574,1684151781
newOrder,12168,0,12130,1684151781
newOrder,24957,1,12130,1684151781
cancel,12168,,,1684152354
cancel,17884,,,1684152354
cancel,19066,,,1684152354
cancel,24957,,,1684152354
newOrder,17884,0,9575,1684152385
newOrder,19066,1,9575,1684152385
newOrder,10731,0,42236,1684152385
newOrder,24999,1,42236,1684152385