instruction,price,side,qty,time
cancel,12302,,,1690114245
cancel,17689,,,1690114245
cancel,18075,,,1690114245
cancel,24999,,,1690114245
newOrder,17689,0,16583,1690114269
newOrder,18075,1,16583,1690114269
newOrder,12304,0,55006,1690114269
newOrder,24999,1,55006,1690114269
cancel,12304,,,1690114845
cancel,17689,,,1690114845
cancel,18075,,,1690114845
cancel,24999,,,1690114845
newOrder,17689,0,16590,1690114870
newOrder,18075,1,16590,1690114870
newOrder,12304,0,61724,1690114870
newOrder,24999,1,61724,1690114870
cancel,12304,,,1690115445
cancel,17689,,,1690115445
cancel,18075,,,1690115445
cancel,24999,,,1690115445
newOrder,17689,0,16596,1690115470
newOrder,18075,1,16596,1690115470
newOrder,12302,0,83609,1690115470
newOrder,24999,1,83609,1690115470
cancel,12302,,,1690116045
cancel,17689,,,1690116045
cancel,18075,,,1690116045
cancel,24999,,,1690116045
newOrder,17689,0,16603,1690116071
newOrder,18075,1,16603,1690116071
newOrder,15742,0,19855,1690116071
newOrder,24999,1,19855,1690116071
cancel,15742,,,1690116645
cancel,17689,,,1690116645
cancel,18075,,,1690116645
cancel,24999,,,1690116645
newOrder,17688,0,16609,1690116670
newOrder,18075,1,16609,1690116670
newOrder,15742,0,12605,1690116670
newOrder,19999,1,12605,1690116670
cancel,15742,,,1690117245
cancel,17688,,,1690117245
cancel,18075,,,1690117245
cancel,19999,,,1690117245
newOrder,17688,0,16616,1690117269
newOrder,18075,1,16616,1690117269
newOrder,15742,0,17907,1690117269
newOrder,21899,1,17907,1690117269
cancel,15742,,,1690117845
cancel,17688,,,1690117845
cancel,18075,,,1690117845
cancel,21899,,,1690117845
newOrder,17688,0,16622,1690117869
newOrder,18075,1,16622,1690117869
newOrder,12304,0,34849,1690117869
newOrder,24999,1,34849,1690117869
cancel,12304,,,1690118445
cancel,17688,,,1690118445
cancel,18075,,,1690118445
cancel,24999,,,1690118445
newOrder,17688,0,16629,1690118470
newOrder,18075,1,16629,1690118470
newOrder,12304,0,39707,1690118470
newOrder,24999,1,39707,1690118470
cancel,12304,,,1690119045
cancel,17688,,,1690119045
cancel,18075,,,1690119045
cancel,24999,,,1690119045
newOrder,17688,0,16635,1690119070
newOrder,18075,1,16635,1690119070
newOrder,12304,0,41200,1690119070
newOrder,24999,1,41200,1690119070
cancel,12304,,,1690119645
cancel,17688,,,1690119645
cancel,18075,,,1690119645
cancel,24999,,,1690119645
newOrder,17747,0,16641,1690119669
newOrder,18075,1,16641,1690119669
newOrder,12302,0,76635,1690119669
newOrder,24999,1,76635,1690119669
cancel,12302,,,1690120245
cancel,17747,,,1690120245
cancel,18075,,,1690120245
cancel,24999,,,1690120245
newOrder,17747,0,16648,1690120270
newOrder,18075,1,16648,1690120270
newOrder,12304,0,59831,1690120270
newOrder,24999,1,59831,1690120270
cancel,12304,,,1690120845
cancel,17747,,,1690120845
cancel,18075,,,1690120845
cancel,24999,,,1690120845
newOrder,17747,0,16654,1690120870
newOrder,18075,1,16654,1690120870
newOrder,12304,0,45006,1690120870
newOrder,24999,1,45006,1690120870
cancel,12304,,,1690121445
cancel,17747,,,1690121445
cancel,18075,,,1690121445
cancel,24999,,,1690121445
newOrder,17747,0,16661,1690121470
newOrder,18075,1,16661,1690121470
newOrder,12304,0,68159,1690121470
newOrder,24999,1,68159,1690121470
cancel,12304,,,1690122045
cancel,17747,,,1690122045
cancel,18075,,,1690122045
cancel,24999,,,1690122045
newOrder,17747,0,16667,1690122069
newOrder,18075,1,16667,1690122069
newOrder,12304,0,51631,1690122069
newOrder,24999,1,51631,1690122069
cancel,12304,,,1690122646
cancel,17747,,,1690122646
cancel,18075,,,1690122646
cancel,24999,,,1690122646
newOrder,17747,0,16674,1690122670
newOrder,18075,1,16674,1690122670
newOrder,12304,0,32149,1690122670
newOrder,24999,1,32149,1690122670
cancel,12304,,,1690123245
cancel,17747,,,1690123245
cancel,18075,,,1690123245
cancel,24999,,,1690123245
newOrder,17747,0,16680,1690123269
newOrder,18075,1,16680,1690123269
newOrder,12304,0,56015,1690123269
newOrder,24999,1,56015,1690123269
cancel,12304,,,1690123845
cancel,17747,,,1690123845
cancel,18075,,,1690123845
cancel,24999,,,1690123845
newOrder,17724,0,16688,1690123870
newOrder,18075,1,16688,1690123870
newOrder,12304,0,48504,1690123870
newOrder,24999,1,48504,1690123870
cancel,12304,,,1690124447
cancel,17724,,,1690124447
cancel,18075,,,1690124447
cancel,24999,,,1690124447
newOrder,17724,0,16695,1690124474
newOrder,18075,1,16695,1690124474
newOrder,15743,0,10900,1690124474
newOrder,19999,1,10900,1690124474
cancel,15743,,,1690125045
cancel,17724,,,1690125045
cancel,18075,,,1690125045
cancel,19999,,,1690125045
newOrder,17724,0,16702,1690125071
newOrder,18075,1,16702,1690125071
newOrder,12302,0,76201,1690125071
newOrder,24999,1,76201,1690125071
cancel,12302,,,1690125645
cancel,17724,,,1690125645
cancel,18075,,,1690125645
cancel,24999,,,1690125645
newOrder,17724,0,16708,1690125670
newOrder,18075,1,16708,1690125670
newOrder,15742,0,24523,1690125670
newOrder,24999,1,24523,1690125670
cancel,15742,,,1690126245
cancel,17724,,,1690126245
cancel,18075,,,1690126245
cancel,24999,,,1690126245
newOrder,17724,0,16715,1690126269
newOrder,18075,1,16715,1690126269
newOrder,12304,0,33801,1690126269
newOrder,24999,1,33801,1690126269
cancel,12304,,,1690126845
cancel,17724,,,1690126845
cancel,18075,,,1690126845
cancel,24999,,,1690126845
newOrder,17724,0,16721,1690126870
newOrder,18075,1,16721,1690126870
newOrder,12304,0,66405,1690126870
newOrder,24999,1,66405,1690126870
cancel,12304,,,1690127445
cancel,17724,,,1690127445
cancel,18075,,,1690127445
cancel,24999,,,1690127445
newOrder,17724,0,16728,1690127469
newOrder,18075,1,16728,1690127469
newOrder,12304,0,44148,1690127469
newOrder,24999,1,44148,1690127469
cancel,12304,,,1690128046
cancel,17724,,,1690128046
cancel,18075,,,1690128046
cancel,24999,,,1690128046
newOrder,17724,0,16735,1690128071
newOrder,18075,1,16735,1690128071
newOrder,12304,0,58004,1690128071
newOrder,24999,1,58004,1690128071
cancel,12304,,,1690128645
cancel,17724,,,1690128645
cancel,18075,,,1690128645
cancel,24999,,,1690128645
newOrder,17724,0,16741,1690128670
newOrder,18075,1,16741,1690128670
newOrder,15742,0,25815,1690128670
newOrder,24999,1,25815,1690128670
cancel,15742,,,1690129245
cancel,17724,,,1690129245
cancel,18075,,,1690129245
cancel,24999,,,1690129245
newOrder,17724,0,16748,1690129269
newOrder,18075,1,16748,1690129269
newOrder,15742,0,23158,1690129269
newOrder,24999,1,23158,1690129269
cancel,15742,,,1690129847
cancel,17724,,,1690129847
cancel,18075,,,1690129847
cancel,24999,,,1690129847
newOrder,17724,0,16754,1690129873
newOrder,18075,1,16754,1690129873
newOrder,15742,0,24420,1690129873
newOrder,24999,1,24420,1690129873
cancel,15742,,,1690130445
cancel,17724,,,1690130445
cancel,18075,,,1690130445
cancel,24999,,,1690130445
newOrder,17724,0,16761,1690130471
newOrder,18075,1,16761,1690130471
newOrder,12304,0,69919,1690130471
newOrder,24999,1,69919,1690130471
cancel,12304,,,1690131046
cancel,17724,,,1690131046
cancel,18075,,,1690131046
cancel,24999,,,1690131046
newOrder,17724,0,16768,1690131075
newOrder,18075,1,16768,1690131075
newOrder,15742,0,18028,1690131075
newOrder,21899,1,18028,1690131075
cancel,15742,,,1690131645
cancel,17724,,,1690131645
cancel,18075,,,1690131645
cancel,21899,,,1690131645
newOrder,17724,0,16774,1690131672
newOrder,18075,1,16774,1690131672
newOrder,12304,0,53622,1690131672
newOrder,24999,1,53622,1690131672
cancel,12304,,,1690132246
cancel,17724,,,1690132246
cancel,18075,,,1690132246
cancel,24999,,,1690132246
newOrder,17724,0,16781,1690132270
newOrder,18075,1,16781,1690132270
newOrder,12302,0,81451,1690132270
newOrder,24999,1,81451,1690132270
cancel,12302,,,1690132845
cancel,17724,,,1690132845
cancel,18075,,,1690132845
cancel,24999,,,1690132845
newOrder,17724,0,16788,1690132871
newOrder,18075,1,16788,1690132871
newOrder,12302,0,80966,1690132871
newOrder,24999,1,80966,1690132871
cancel,12302,,,1690133445
cancel,17724,,,1690133445
cancel,18075,,,1690133445
cancel,24999,,,1690133445
newOrder,17724,0,16794,1690133469
newOrder,18075,1,16794,1690133469
newOrder,12304,0,37993,1690133469
newOrder,24999,1,37993,1690133469
cancel,12304,,,1690134045
cancel,17724,,,1690134045
cancel,18075,,,1690134045
cancel,24999,,,1690134045
newOrder,17724,0,16801,1690134070
newOrder,18075,1,16801,1690134070
newOrder,12304,0,62669,1690134070
newOrder,24999,1,62669,1690134070
cancel,12304,,,1690134645
cancel,17724,,,1690134645
cancel,18075,,,1690134645
cancel,24999,,,1690134645
newOrder,17724,0,16808,1690134670
newOrder,18075,1,16808,1690134670
newOrder,15743,0,12772,1690134670
newOrder,19999,1,12772,1690134670
cancel,15743,,,1690135246
cancel,17724,,,1690135246
cancel,18075,,,1690135246
cancel,19999,,,1690135246
newOrder,17724,0,16814,1690135271
newOrder,18075,1,16814,1690135271
newOrder,15743,0,14914,1690135271
newOrder,19999,1,14914,1690135271
cancel,15743,,,1690135846
cancel,17724,,,1690135846
cancel,18075,,,1690135846
cancel,19999,,,1690135846
newOrder,17724,0,16821,1690135870
newOrder,18075,1,16821,1690135870
newOrder,12304,0,59019,1690135870
newOrder,24999,1,59019,1690135870
cancel,12304,,,1690136447
cancel,17724,,,1690136447
cancel,18075,,,1690136447
cancel,24999,,,1690136447
newOrder,17724,0,16828,1690136471
newOrder,18075,1,16828,1690136471
newOrder,15742,0,25377,1690136471
newOrder,24999,1,25377,1690136471
cancel,15742,,,1690137046
cancel,17724,,,1690137046
cancel,18075,,,1690137046
cancel,24999,,,1690137046
newOrder,17724,0,16835,1690137071
newOrder,18075,1,16835,1690137071
newOrder,12304,0,40303,1690137071
newOrder,24999,1,40303,1690137071
cancel,12304,,,1690137646
cancel,17724,,,1690137646
cancel,18075,,,1690137646
cancel,24999,,,1690137646
newOrder,17740,0,16841,1690137671
newOrder,18075,1,16841,1690137671
newOrder,10644,0,89803,1690137671
newOrder,24999,1,89803,1690137671
cancel,10644,,,1690138246
cancel,17740,,,1690138246
cancel,18075,,,1690138246
cancel,24999,,,1690138246
newOrder,17740,0,16847,1690138271
newOrder,18075,1,16847,1690138271
newOrder,12303,0,38644,1690138271
newOrder,24999,1,38644,1690138271
cancel,12303,,,1690138845
cancel,17740,,,1690138845
cancel,18075,,,1690138845
cancel,24999,,,1690138845
newOrder,17740,0,16854,1690138870
newOrder,18075,1,16854,1690138870
newOrder,12303,0,66745,1690138870
newOrder,24999,1,66745,1690138870
cancel,12303,,,1690139445
cancel,17740,,,1690139445
cancel,18075,,,1690139445
cancel,24999,,,1690139445
newOrder,17740,0,16861,1690139471
newOrder,18075,1,16861,1690139471
newOrder,15743,0,11481,1690139471
newOrder,19999,1,11481,1690139471
cancel,15743,,,1690140045
cancel,17740,,,1690140045
cancel,18075,,,1690140045
cancel,19999,,,1690140045
newOrder,17740,0,16868,1690140070
newOrder,18075,1,16868,1690140070
newOrder,15743,0,16072,1690140070
newOrder,19999,1,16072,1690140070
cancel,15743,,,1690140646
cancel,17740,,,1690140646
cancel,18075,,,1690140646
cancel,19999,,,1690140646
newOrder,17740,0,16875,1690140672
newOrder,18075,1,16875,1690140672
newOrder,12302,0,83916,1690140672
newOrder,24999,1,83916,1690140672
cancel,12302,,,1690141246
cancel,17740,,,1690141246
cancel,18075,,,1690141246
cancel,24999,,,1690141246
newOrder,17740,0,16881,1690141271
newOrder,18075,1,16881,1690141271
newOrder,12303,0,51980,1690141271
newOrder,24999,1,51980,1690141271
cancel,12303,,,1690141846
cancel,17740,,,1690141846
cancel,18075,,,1690141846
cancel,24999,,,1690141846
newOrder,17695,0,16888,1690141873
newOrder,18075,1,16888,1690141873
newOrder,12303,0,71160,1690141873
newOrder,24999,1,71160,1690141873
cancel,12303,,,1690142447
cancel,17695,,,1690142447
cancel,18075,,,1690142447
cancel,24999,,,1690142447
newOrder,17695,0,16894,1690142472
newOrder,18075,1,16894,1690142472
newOrder,12303,0,43812,1690142472
newOrder,24999,1,43812,1690142472
cancel,12303,,,1690143045
cancel,17695,,,1690143045
cancel,18075,,,1690143045
cancel,24999,,,1690143045
newOrder,17727,0,16902,1690143069
newOrder,18075,1,16902,1690143069
newOrder,12303,0,70457,1690143069
newOrder,24999,1,70457,1690143069
cancel,12303,,,1690143645
cancel,17727,,,1690143645
cancel,18075,,,1690143645
cancel,24999,,,1690143645
newOrder,17742,0,16908,1690143669
newOrder,18075,1,16908,1690143669
newOrder,12303,0,51182,1690143669
newOrder,24999,1,51182,1690143669
cancel,12303,,,1690144245
cancel,17742,,,1690144245
cancel,18075,,,1690144245
cancel,24999,,,1690144245
newOrder,17742,0,16915,1690144270
newOrder,18075,1,16915,1690144270
newOrder,12303,0,59406,1690144270
newOrder,24999,1,59406,1690144270
cancel,12303,,,1690144845
cancel,17742,,,1690144845
cancel,18075,,,1690144845
cancel,24999,,,1690144845
newOrder,17653,0,16914,1690144871
newOrder,18075,1,16914,1690144871
newOrder,12303,0,75040,1690144871
newOrder,24999,1,75040,1690144871
cancel,12303,,,1690145445
cancel,17653,,,1690145445
cancel,18075,,,1690145445
cancel,24999,,,1690145445
newOrder,17653,0,16921,1690145469
newOrder,18075,1,16921,1690145469
newOrder,12303,0,47915,1690145469
newOrder,24999,1,47915,1690145469
cancel,12303,,,1690146045
cancel,17653,,,1690146045
cancel,18075,,,1690146045
cancel,24999,,,1690146045
newOrder,17653,0,16928,1690146070
newOrder,18075,1,16928,1690146070
newOrder,12303,0,44140,1690146070
newOrder,24999,1,44140,1690146070
cancel,12303,,,1690146646
cancel,17653,,,1690146646
cancel,18075,,,1690146646
cancel,24999,,,1690146646
newOrder,17653,0,16935,1690146670
newOrder,18075,1,16935,1690146670
newOrder,12303,0,41160,1690146670
newOrder,24999,1,41160,1690146670
cancel,12303,,,1690147128
cancel,17653,,,1690147128
cancel,18075,,,1690147128
cancel,24999,,,1690147128