instruction,price,side,qty,time
cancel,12089,,,1680955890
cancel,18934,,,1680955890
cancel,19098,,,1680955890
cancel,24999,,,1680955890
newOrder,18934,0,6695,1680955919
newOrder,19098,1,6695,1680955919
newOrder,15001,0,7116,1680955919
newOrder,24499,1,7116,1680955919
cancel,15001,,,1680956489
cancel,18934,,,1680956489
cancel,19098,,,1680956489
cancel,24499,,,1680956489
newOrder,18934,0,6696,1680956519
newOrder,19098,1,6696,1680956519
newOrder,18855,0,6071,1680956519
newOrder,21999,1,6071,1680956519
cancel,18855,,,1680957089
cancel,18934,,,1680957089
cancel,19098,,,1680957089
cancel,21999,,,1680957089
newOrder,18934,0,6697,1680957118
newOrder,19098,1,6697,1680957118
newOrder,14003,0,15645,1680957118
newOrder,24999,1,15645,1680957118
cancel,14003,,,1680957689
cancel,18934,,,1680957689
cancel,19098,,,1680957689
cancel,24999,,,1680957689
newOrder,18934,0,6697,1680957717
newOrder,19098,1,6697,1680957717
newOrder,12089,0,25189,1680957717
newOrder,24999,1,25189,1680957717
cancel,12089,,,1680958289
cancel,18934,,,1680958289
cancel,19098,,,1680958289
cancel,24999,,,1680958289
newOrder,18934,0,6698,1680958317
newOrder,19098,1,6698,1680958317
newOrder,14003,0,19550,1680958317
newOrder,24999,1,19550,1680958317
cancel,14003,,,1680958889
cancel,18934,,,1680958889
cancel,19098,,,1680958889
cancel,24999,,,1680958889
newOrder,18934,0,6699,1680958918
newOrder,19098,1,6699,1680958918
newOrder,21999,1,5696,1680958918
cancel,18934,,,1680959490
cancel,19098,,,1680959490
cancel,21999,,,1680959490
newOrder,18934,0,6700,1680959519
newOrder,19098,1,6700,1680959519
newOrder,14003,0,13249,1680959519
newOrder,24999,1,13249,1680959519
cancel,14003,,,1680960089
cancel,18934,,,1680960089
cancel,19098,,,1680960089
cancel,24999,,,1680960089
newOrder,18934,0,6701,1680960117
newOrder,19098,1,6701,1680960117
newOrder,14003,0,21330,1680960117
newOrder,24999,1,21330,1680960117
cancel,14003,,,1680960691
cancel,18934,,,1680960691
cancel,19098,,,1680960691
cancel,24999,,,1680960691
newOrder,18934,0,6701,1680960721
newOrder,19098,1,6701,1680960721
newOrder,14003,0,19304,1680960721
newOrder,24999,1,19304,1680960721
cancel,14003,,,1680961291
cancel,18934,,,1680961291
cancel,19098,,,1680961291
cancel,24999,,,1680961291
newOrder,18934,0,6702,1680961320
newOrder,19098,1,6702,1680961320
newOrder,12089,0,35877,1680961320
newOrder,24999,1,35877,1680961320
cancel,12089,,,1680961889
cancel,18934,,,1680961889
cancel,19098,,,1680961889
cancel,24999,,,1680961889
newOrder,18934,0,6703,1680961917
newOrder,19098,1,6703,1680961917
newOrder,14003,0,12877,1680961917
newOrder,24999,1,12877,1680961917
cancel,14003,,,1680962490
cancel,18934,,,1680962490
cancel,19098,,,1680962490
cancel,24999,,,1680962490
newOrder,18934,0,6704,1680962518
newOrder,19098,1,6704,1680962518
newOrder,15001,0,7435,1680962518
newOrder,24499,1,7435,1680962518
cancel,15001,,,1680963089
cancel,18934,,,1680963089
cancel,19098,,,1680963089
cancel,24499,,,1680963089
newOrder,18934,0,6704,1680963117
newOrder,19098,1,6704,1680963117
newOrder,15001,0,6801,1680963117
newOrder,23793,1,6801,1680963117
cancel,15001,,,1680963689
cancel,18934,,,1680963689
cancel,19098,,,1680963689
cancel,23793,,,1680963689
newOrder,18934,0,6705,1680963718
newOrder,19098,1,6705,1680963718
newOrder,14003,0,11509,1680963718
newOrder,24999,1,11509,1680963718
cancel,14003,,,1680964289
cancel,18934,,,1680964289
cancel,19098,,,1680964289
cancel,24999,,,1680964289
newOrder,18882,0,6749,1680964318
newOrder,19066,1,6749,1680964318
newOrder,12089,0,29890,1680964318
newOrder,24999,1,29890,1680964318
cancel,12089,,,1680964889
cancel,18882,,,1680964889
cancel,19066,,,1680964889
cancel,24999,,,1680964889
newOrder,18882,0,6749,1680964918
newOrder,19066,1,6749,1680964918
newOrder,12089,0,31521,1680964918
newOrder,24999,1,31521,1680964918
cancel,12089,,,1680965489
cancel,18882,,,1680965489
cancel,19066,,,1680965489
cancel,24999,,,1680965489
newOrder,18859,0,6761,1680965517
newOrder,19066,1,6761,1680965517
newOrder,14003,0,8970,1680965517
newOrder,24999,1,8970,1680965517
cancel,14003,,,1680966088
cancel,18859,,,1680966088
cancel,19066,,,1680966088
cancel,24999,,,1680966088
newOrder,18859,0,6762,1680966117
newOrder,19066,1,6762,1680966117
newOrder,14003,0,19308,1680966117
newOrder,24999,1,19308,1680966117
cancel,14003,,,1680966689
cancel,18859,,,1680966689
cancel,19066,,,1680966689
cancel,24999,,,1680966689
newOrder,18857,0,6764,1680966717
newOrder,19066,1,6764,1680966717
newOrder,12089,0,32075,1680966717
newOrder,24999,1,32075,1680966717
cancel,12089,,,1680967290
cancel,18857,,,1680967290
cancel,19066,,,1680967290
cancel,24999,,,1680967290
newOrder,18858,0,6764,1680967316
newOrder,19066,1,6764,1680967316
newOrder,12089,0,32387,1680967316
newOrder,24999,1,32387,1680967316
cancel,12089,,,1680967889
cancel,18858,,,1680967889
cancel,19066,,,1680967889
cancel,24999,,,1680967889
newOrder,18859,0,6765,1680967919
newOrder,19066,1,6765,1680967919
newOrder,18855,0,543,1680967919
newOrder,21999,1,6553,1680967919
cancel,18855,,,1680968489
cancel,18859,,,1680968489
cancel,19066,,,1680968489
cancel,21999,,,1680968489
newOrder,18859,0,6765,1680968518
newOrder,19066,1,6765,1680968518
newOrder,12089,0,29984,1680968518
newOrder,24999,1,29984,1680968518
cancel,12089,,,1680969089
cancel,18859,,,1680969089
cancel,19066,,,1680969089
cancel,24999,,,1680969089
newOrder,18860,0,6766,1680969117
newOrder,19066,1,6766,1680969117
newOrder,14003,0,14829,1680969117
newOrder,24999,1,14829,1680969117
cancel,14003,,,1680969689
cancel,18860,,,1680969689
cancel,19066,,,1680969689
cancel,24999,,,1680969689
newOrder,18860,0,6767,1680969718
newOrder,19066,1,6767,1680969718
newOrder,13003,0,23125,1680969718
newOrder,24999,1,23125,1680969718
cancel,13003,,,1680970289
cancel,18860,,,1680970289
cancel,19066,,,1680970289
cancel,24999,,,1680970289
newOrder,18860,0,6768,1680970317
newOrder,19066,1,6768,1680970317
newOrder,14003,0,11074,1680970317
newOrder,24999,1,11074,1680970317
cancel,14003,,,1680970889
cancel,18860,,,1680970889
cancel,19066,,,1680970889
cancel,24999,,,1680970889
newOrder,18861,0,6768,1680970920
newOrder,19066,1,6768,1680970920
newOrder,12089,0,31786,1680970920
newOrder,24999,1,31786,1680970920
cancel,12089,,,1680971489
cancel,18861,,,1680971489
cancel,19066,,,1680971489
cancel,24999,,,1680971489
newOrder,18861,0,6769,1680971518
newOrder,19066,1,6769,1680971518
newOrder,14003,0,18590,1680971518
newOrder,24999,1,18590,1680971518
cancel,14003,,,1680972089
cancel,18861,,,1680972089
cancel,19066,,,1680972089
cancel,24999,,,1680972089
newOrder,18862,0,6769,1680972117
newOrder,19066,1,6769,1680972117
newOrder,12089,0,32680,1680972117
newOrder,24999,1,32680,1680972117
cancel,12089,,,1680972689
cancel,18862,,,1680972689
cancel,19066,,,1680972689
cancel,24999,,,1680972689
newOrder,18862,0,6770,1680972718
newOrder,19066,1,6770,1680972718
newOrder,14003,0,8963,1680972718
newOrder,24999,1,8963,1680972718
cancel,14003,,,1680973289
cancel,18862,,,1680973289
cancel,19066,,,1680973289
cancel,24999,,,1680973289
newOrder,18861,0,6771,1680973317
newOrder,19066,1,6771,1680973317
newOrder,13003,0,23850,1680973317
newOrder,24999,1,23850,1680973317
cancel,13003,,,1680973889
cancel,18861,,,1680973889
cancel,19066,,,1680973889
cancel,24999,,,1680973889
newOrder,18861,0,6772,1680973917
newOrder,19066,1,6772,1680973917
newOrder,12089,0,34975,1680973917
newOrder,24999,1,34975,1680973917
cancel,12089,,,1680974489
cancel,18861,,,1680974489
cancel,19066,,,1680974489
cancel,24999,,,1680974489
newOrder,18861,0,6773,1680974519
newOrder,19066,1,6773,1680974519
newOrder,14003,0,9365,1680974519
newOrder,24999,1,9365,1680974519
cancel,14003,,,1680975089
cancel,18861,,,1680975089
cancel,19066,,,1680975089
cancel,24999,,,1680975089
newOrder,18860,0,6774,1680975118
newOrder,19066,1,6774,1680975118
newOrder,15001,0,7094,1680975118
newOrder,24499,1,7094,1680975118
cancel,15001,,,1680975689
cancel,18860,,,1680975689
cancel,19066,,,1680975689
cancel,24499,,,1680975689
newOrder,18859,0,6775,1680975718
newOrder,19066,1,6775,1680975718
newOrder,12089,0,27405,1680975718
newOrder,24999,1,27405,1680975718
cancel,12089,,,1680976290
cancel,18859,,,1680976290
cancel,19066,,,1680976290
cancel,24999,,,1680976290
newOrder,18858,0,6776,1680976319
newOrder,19066,1,6776,1680976319
newOrder,13003,0,23624,1680976319
newOrder,24999,1,23624,1680976319
cancel,13003,,,1680976889
cancel,18858,,,1680976889
cancel,19066,,,1680976889
cancel,24999,,,1680976889
newOrder,18859,0,6777,1680976918
newOrder,19066,1,6777,1680976918
newOrder,12089,0,28866,1680976918
newOrder,24999,1,28866,1680976918
cancel,12089,,,1680977489
cancel,18859,,,1680977489
cancel,19066,,,1680977489
cancel,24999,,,1680977489
newOrder,18858,0,6778,1680977518
newOrder,19066,1,6778,1680977518
newOrder,13003,0,23773,1680977518
newOrder,24999,1,23773,1680977518
cancel,13003,,,1680978089
cancel,18858,,,1680978089
cancel,19066,,,1680978089
cancel,24999,,,1680978089
newOrder,18858,0,6779,1680978117
newOrder,19066,1,6779,1680978117
newOrder,14003,0,10536,1680978117
newOrder,24999,1,10536,1680978117
cancel,14003,,,1680978689
cancel,18858,,,1680978689
cancel,19066,,,1680978689
cancel,24999,,,1680978689
newOrder,18858,0,6780,1680978718
newOrder,19066,1,6780,1680978718
newOrder,14003,0,15811,1680978718
newOrder,24999,1,15811,1680978718
cancel,14003,,,1680979289
cancel,18858,,,1680979289
cancel,19066,,,1680979289
cancel,24999,,,1680979289
newOrder,18858,0,6781,1680979319
newOrder,19066,1,6781,1680979319
newOrder,12089,0,34446,1680979319
newOrder,24999,1,34446,1680979319
cancel,12089,,,1680979889
cancel,18858,,,1680979889
cancel,19066,,,1680979889
cancel,24999,,,1680979889
newOrder,18857,0,6782,1680979919
newOrder,19066,1,6782,1680979919
newOrder,14003,0,19835,1680979919
newOrder,24999,1,19835,1680979919
cancel,14003,,,1680980489
cancel,18857,,,1680980489
cancel,19066,,,1680980489
cancel,24999,,,1680980489
newOrder,18857,0,6783,1680980518
newOrder,19066,1,6783,1680980518
newOrder,14003,0,20711,1680980518
newOrder,24999,1,20711,1680980518
cancel,14003,,,1680981089
cancel,18857,,,1680981089
cancel,19066,,,1680981089
cancel,24999,,,1680981089
newOrder,18742,0,6838,1680981117
newOrder,19066,1,6838,1680981117
newOrder,14003,0,21428,1680981117
newOrder,24999,1,21428,1680981117
cancel,14003,,,1680981689
cancel,18742,,,1680981689
cancel,19066,,,1680981689
cancel,24999,,,1680981689
newOrder,18745,0,6837,1680981718
newOrder,19066,1,6837,1680981718
newOrder,14003,0,11808,1680981718
newOrder,24999,1,11808,1680981718
cancel,14003,,,1680982289
cancel,18745,,,1680982289
cancel,19066,,,1680982289
cancel,24999,,,1680982289
newOrder,18745,0,6838,1680982316
newOrder,19066,1,6838,1680982316
newOrder,12089,0,29075,1680982316
newOrder,24999,1,29075,1680982316
cancel,12089,,,1680982889
cancel,18745,,,1680982889
cancel,19066,,,1680982889
cancel,24999,,,1680982889
newOrder,18746,0,6839,1680982918
newOrder,19066,1,6839,1680982918
newOrder,14003,0,20523,1680982918
newOrder,24999,1,20523,1680982918
cancel,14003,,,1680983490
cancel,18746,,,1680983490
cancel,19066,,,1680983490
cancel,24999,,,1680983490
newOrder,18746,0,6839,1680983519
newOrder,19066,1,6839,1680983519
newOrder,15001,0,7713,1680983519
newOrder,24499,1,7713,1680983519
cancel,15001,,,1680984089
cancel,18746,,,1680984089
cancel,19066,,,1680984089
cancel,24499,,,1680984089
newOrder,18746,0,6840,1680984117
newOrder,19066,1,6840,1680984117
newOrder,21999,1,6561,1680984117
cancel,18746,,,1680984689
cancel,19066,,,1680984689
cancel,21999,,,1680984689
newOrder,18746,0,6841,1680984719
newOrder,19066,1,6841,1680984719
newOrder,13597,0,22066,1680984719
newOrder,24999,1,22066,1680984719
cancel,13597,,,1680985289
cancel,18746,,,1680985289
cancel,19066,,,1680985289
cancel,24999,,,1680985289
newOrder,18710,0,6858,1680985317
newOrder,19066,1,6858,1680985317
newOrder,14003,0,15073,1680985317
newOrder,24999,1,15073,1680985317
cancel,14003,,,1680985889
cancel,18710,,,1680985889
cancel,19066,,,1680985889
cancel,24999,,,1680985889
newOrder,18711,0,6859,1680985917
newOrder,19066,1,6859,1680985917
newOrder,14003,0,10108,1680985917
newOrder,24999,1,10108,1680985917
cancel,14003,,,1680986489
cancel,18711,,,1680986489
cancel,19066,,,1680986489
cancel,24999,,,1680986489
newOrder,18710,0,6860,1680986517
newOrder,19066,1,6860,1680986517
newOrder,13597,0,22617,1680986517
newOrder,24999,1,22617,1680986517
cancel,13597,,,1680987089
cancel,18710,,,1680987089
cancel,19066,,,1680987089
cancel,24999,,,1680987089
newOrder,18712,0,6860,1680987118
newOrder,19066,1,6860,1680987118
newOrder,12089,0,33465,1680987118
newOrder,24999,1,33465,1680987118
cancel,12089,,,1680987689
cancel,18712,,,1680987689
cancel,19066,,,1680987689
cancel,24999,,,1680987689
newOrder,18711,0,6861,1680987718
newOrder,19066,1,6861,1680987718
newOrder,14003,0,13211,1680987718
newOrder,24999,1,13211,1680987718
cancel,14003,,,1680988289
cancel,18711,,,1680988289
cancel,19066,,,1680988289
cancel,24999,,,1680988289
newOrder,18670,0,6880,1680988316
newOrder,19066,1,6880,1680988316
newOrder,21999,1,5511,1680988316
cancel,18670,,,1680988889
cancel,19066,,,1680988889
cancel,21999,,,1680988889
newOrder,18670,0,6881,1680988920
newOrder,19066,1,6881,1680988920
newOrder,12089,0,35562,1680988920
newOrder,24999,1,35562,1680988920
cancel,12089,,,1680989486
cancel,18670,,,1680989486
cancel,19066,,,1680989486
cancel,24999,,,1680989486
newOrder,18670,0,6882,1680989538
newOrder,19066,1,6882,1680989538
newOrder,14003,0,19064,1680989538
newOrder,24999,1,19064,1680989538
cancel,14003,,,1680990089
cancel,18670,,,1680990089
cancel,19066,,,1680990089
cancel,24999,,,1680990089
newOrder,18670,0,6883,1680990117
newOrder,19066,1,6883,1680990117
newOrder,14003,0,18360,1680990117
newOrder,24999,1,18360,1680990117
cancel,14003,,,1680990689
cancel,18670,,,1680990689
cancel,19066,,,1680990689
cancel,24999,,,1680990689
newOrder,18670,0,6884,1680990716
newOrder,19066,1,6884,1680990716
newOrder,14003,0,19122,1680990716
newOrder,24999,1,19122,1680990716
cancel,14003,,,1680991289
cancel,18670,,,1680991289
cancel,19066,,,1680991289
cancel,24999,,,1680991289
newOrder,18670,0,6884,1680991318
newOrder,19066,1,6884,1680991318
newOrder,12089,0,35493,1680991318
newOrder,24999,1,35493,1680991318
cancel,12089,,,1680991889
cancel,18670,,,1680991889
cancel,19066,,,1680991889
cancel,24999,,,1680991889
newOrder,18670,0,6885,1680991919
newOrder,19066,1,6885,1680991919
newOrder,14003,0,14801,1680991919
newOrder,24999,1,14801,1680991919
cancel,14003,,,1680992489
cancel,18670,,,1680992489
cancel,19066,,,1680992489
cancel,24999,,,1680992489
newOrder,18670,0,6886,1680992519
newOrder,19066,1,6886,1680992519
newOrder,14003,0,9568,1680992519
newOrder,24999,1,9568,1680992519
cancel,14003,,,1680993089
cancel,18670,,,1680993089
cancel,19066,,,1680993089
cancel,24999,,,1680993089
newOrder,18670,0,6887,1680993117
newOrder,19066,1,6887,1680993117
newOrder,14003,0,18741,1680993117
newOrder,24999,1,18741,1680993117
cancel,14003,,,1680993689
cancel,18670,,,1680993689
cancel,19066,,,1680993689
cancel,24999,,,1680993689
newOrder,18670,0,6888,1680993716
newOrder,19066,1,6888,1680993716
newOrder,14003,0,14374,1680993716
newOrder,24999,1,14374,1680993716
cancel,14003,,,1680994290
cancel,18670,,,1680994290
cancel,19066,,,1680994290
cancel,24999,,,1680994290
newOrder,18670,0,6889,1680994318
newOrder,19066,1,6889,1680994318
newOrder,14003,0,15933,1680994318
newOrder,24999,1,15933,1680994318
cancel,14003,,,1680994889
cancel,18670,,,1680994889
cancel,19066,,,1680994889
cancel,24999,,,1680994889
newOrder,18670,0,6890,1680994917
newOrder,19066,1,6890,1680994917
newOrder,21999,1,4581,1680994917
cancel,18670,,,1680995489
cancel,19066,,,1680995489
cancel,21999,,,1680995489
newOrder,18670,0,6890,1680995518
newOrder,19066,1,6890,1680995518
newOrder,15001,0,7114,1680995518
newOrder,23793,1,7114,1680995518
cancel,15001,,,1680996090
cancel,18670,,,1680996090
cancel,19066,,,1680996090
cancel,23793,,,1680996090
newOrder,18670,0,6891,1680996119
newOrder,19066,1,6891,1680996119
newOrder,12089,0,34447,1680996119
newOrder,24999,1,34447,1680996119
cancel,12089,,,1680996689
cancel,18670,,,1680996689
cancel,19066,,,1680996689
cancel,24999,,,1680996689
newOrder,18670,0,6892,1680996716
newOrder,19066,1,6892,1680996716
newOrder,12089,0,24946,1680996716
newOrder,24999,1,24946,1680996716
cancel,12089,,,1680997289
cancel,18670,,,1680997289
cancel,19066,,,1680997289
cancel,24999,,,1680997289
newOrder,18670,0,6893,1680997318
newOrder,19066,1,6893,1680997318
newOrder,14003,0,17786,1680997318
newOrder,24999,1,17786,1680997318
cancel,14003,,,1680997890
cancel,18670,,,1680997890
cancel,19066,,,1680997890
cancel,24999,,,1680997890
newOrder,18670,0,6894,1680997918
newOrder,19066,1,6894,1680997918
newOrder,14003,0,11207,1680997918
newOrder,24999,1,11207,1680997918
cancel,14003,,,1680998489
cancel,18670,,,1680998489
cancel,19066,,,1680998489
cancel,24999,,,1680998489
newOrder,18670,0,6895,1680998519
newOrder,19066,1,6895,1680998519
newOrder,12089,0,30256,1680998519
newOrder,24999,1,30256,1680998519
cancel,12089,,,1680999089
cancel,18670,,,1680999089
cancel,19066,,,1680999089
cancel,24999,,,1680999089
newOrder,18670,0,6895,1680999117
newOrder,19066,1,6895,1680999117
newOrder,12089,0,24821,1680999117
newOrder,24999,1,24821,1680999117
cancel,12089,,,1680999689
cancel,18670,,,1680999689
cancel,19066,,,1680999689
cancel,24999,,,1680999689
newOrder,18670,0,6896,1680999717
newOrder,19066,1,6896,1680999717
newOrder,14003,0,17288,1680999717
newOrder,24999,1,17288,1680999717
cancel,14003,,,1681000289
cancel,18670,,,1681000289
cancel,19066,,,1681000289
cancel,24999,,,1681000289
newOrder,18670,0,6897,1681000316
newOrder,19066,1,6897,1681000316
newOrder,21999,1,4364,1681000316
cancel,18670,,,1681000889
cancel,19066,,,1681000889
cancel,21999,,,1681000889
newOrder,18707,0,6882,1681000920
newOrder,19066,1,6882,1681000920
newOrder,14003,0,13055,1681000920
newOrder,24999,1,13055,1681000920
cancel,14003,,,1681001490
cancel,18707,,,1681001490
cancel,19066,,,1681001490
cancel,24999,,,1681001490
newOrder,18707,0,6883,1681001518
newOrder,19066,1,6883,1681001518
newOrder,12089,0,27924,1681001518
newOrder,24999,1,27924,1681001518
cancel,12089,,,1681002089
cancel,18707,,,1681002089
cancel,19066,,,1681002089
cancel,24999,,,1681002089
newOrder,18707,0,6883,1681002117
newOrder,19066,1,6883,1681002117
newOrder,12089,0,25402,1681002117
newOrder,24999,1,25402,1681002117
cancel,12089,,,1681002689
cancel,18707,,,1681002689
cancel,19066,,,1681002689
cancel,24999,,,1681002689
newOrder,18707,0,6884,1681002717
newOrder,19066,1,6884,1681002717
newOrder,14003,0,16103,1681002717
newOrder,24999,1,16103,1681002717
cancel,14003,,,1681003289
cancel,18707,,,1681003289
cancel,19066,,,1681003289
cancel,24999,,,1681003289
newOrder,18707,0,6885,1681003317
newOrder,19066,1,6885,1681003317
newOrder,14003,0,19651,1681003317
newOrder,24999,1,19651,1681003317
cancel,14003,,,1681003889
cancel,18707,,,1681003889
cancel,19066,,,1681003889
cancel,24999,,,1681003889
newOrder,18707,0,6886,1681003920
newOrder,19066,1,6886,1681003920
newOrder,14003,0,15497,1681003920
newOrder,24999,1,15497,1681003920
cancel,14003,,,1681004489
cancel,18707,,,1681004489
cancel,19066,,,1681004489
cancel,24999,,,1681004489
newOrder,18707,0,6887,1681004517
newOrder,19066,1,6887,1681004517
newOrder,21999,1,5746,1681004517
cancel,18707,,,1681005090
cancel,19066,,,1681005090
cancel,21999,,,1681005090
newOrder,18707,0,6888,1681005119
newOrder,19066,1,6888,1681005119
newOrder,12089,0,37071,1681005119
newOrder,24999,1,37071,1681005119
cancel,12089,,,1681005690
cancel,18707,,,1681005690
cancel,19066,,,1681005690
cancel,24999,,,1681005690
newOrder,18707,0,6888,1681005720
newOrder,19066,1,6888,1681005720
newOrder,12089,0,34492,1681005720
newOrder,24999,1,34492,1681005720
cancel,12089,,,1681006289
cancel,18707,,,1681006289
cancel,19066,,,1681006289
cancel,24999,,,1681006289
newOrder,18707,0,6890,1681006915
newOrder,19066,1,6890,1681006915
newOrder,14003,0,18473,1681006915
newOrder,24999,1,18473,1681006915
cancel,14003,,,1681007486
cancel,18707,,,1681007486
cancel,19066,,,1681007486
cancel,24999,,,1681007486
newOrder,18707,0,6891,1681007519
newOrder,19066,1,6891,1681007519
newOrder,14003,0,16036,1681007519
newOrder,24999,1,16036,1681007519
cancel,14003,,,1681008089
cancel,18707,,,1681008089
cancel,19066,,,1681008089
cancel,24999,,,1681008089
newOrder,18707,0,6892,1681008118
newOrder,19066,1,6892,1681008118
newOrder,14003,0,17927,1681008118
newOrder,24999,1,17927,1681008118
cancel,14003,,,1681008689
cancel,18707,,,1681008689
cancel,19066,,,1681008689
cancel,24999,,,1681008689
newOrder,18707,0,6893,1681008718
newOrder,19066,1,6893,1681008718
newOrder,12089,0,28536,1681008718
newOrder,24999,1,28536,1681008718
cancel,12089,,,1681009289
cancel,18707,,,1681009289
cancel,19066,,,1681009289
cancel,24999,,,1681009289
newOrder,18707,0,6893,1681009319
newOrder,19066,1,6893,1681009319
newOrder,12089,0,28576,1681009319
newOrder,24999,1,28576,1681009319
cancel,12089,,,1681009891
cancel,18707,,,1681009891
cancel,19066,,,1681009891
cancel,24999,,,1681009891
newOrder,18707,0,6894,1681009920
newOrder,19066,1,6894,1681009920
newOrder,12089,0,26939,1681009920
newOrder,24999,1,26939,1681009920
cancel,12089,,,1681010489
cancel,18707,,,1681010489
cancel,19066,,,1681010489
cancel,24999,,,1681010489
newOrder,18707,0,6895,1681010517
newOrder,19066,1,6895,1681010517
newOrder,13003,0,24191,1681010517
newOrder,24999,1,24191,1681010517
cancel,13003,,,1681011089
cancel,18707,,,1681011089
cancel,19066,,,1681011089
cancel,24999,,,1681011089
newOrder,18816,0,6844,1681011118
newOrder,19066,1,6844,1681011118
newOrder,14003,0,13741,1681011118
newOrder,24999,1,13741,1681011118
cancel,14003,,,1681011689
cancel,18816,,,1681011689
cancel,19066,,,1681011689
cancel,24999,,,1681011689
newOrder,18927,0,6789,1681011718
newOrder,19066,1,6789,1681011718
newOrder,18855,0,4278,1681011718
newOrder,21999,1,4278,1681011718
cancel,18855,,,1681012290
cancel,18927,,,1681012290
cancel,19066,,,1681012290
cancel,21999,,,1681012290
newOrder,18934,0,6751,1681012318
newOrder,19133,1,6751,1681012318
newOrder,13003,0,23898,1681012318
newOrder,24999,1,23898,1681012318
cancel,13003,,,1681012889
cancel,18934,,,1681012889
cancel,19133,,,1681012889
cancel,24999,,,1681012889
newOrder,18934,0,6752,1681012918
newOrder,19133,1,6752,1681012918
newOrder,14003,0,8713,1681012918
newOrder,24499,1,8713,1681012918
cancel,14003,,,1681013491
cancel,18934,,,1681013491
cancel,19133,,,1681013491
cancel,24499,,,1681013491
newOrder,18934,0,6752,1681013519
newOrder,19133,1,6752,1681013519
newOrder,15001,0,6941,1681013519
newOrder,23793,1,6941,1681013519
cancel,15001,,,1681014090
cancel,18934,,,1681014090
cancel,19133,,,1681014090
cancel,23793,,,1681014090
newOrder,18934,0,6753,1681014117
newOrder,19133,1,6753,1681014117
newOrder,18855,0,6356,1681014117
newOrder,21999,1,6356,1681014117
cancel,18855,,,1681014689
cancel,18934,,,1681014689
cancel,19133,,,1681014689
cancel,21999,,,1681014689
newOrder,18934,0,6754,1681014718
newOrder,19133,1,6754,1681014718
newOrder,14003,0,12733,1681014718
newOrder,24999,1,12733,1681014718
cancel,14003,,,1681015289
cancel,18934,,,1681015289
cancel,19133,,,1681015289
cancel,24999,,,1681015289
newOrder,18934,0,6755,1681015317
newOrder,19133,1,6755,1681015317
newOrder,14003,0,20643,1681015317
newOrder,24999,1,20643,1681015317
cancel,14003,,,1681015890
cancel,18934,,,1681015890
cancel,19133,,,1681015890
cancel,24999,,,1681015890
newOrder,18934,0,6756,1681015918
newOrder,19133,1,6756,1681015918
newOrder,12089,0,28674,1681015918
newOrder,24999,1,28674,1681015918
cancel,12089,,,1681016491
cancel,18934,,,1681016491
cancel,19133,,,1681016491
cancel,24999,,,1681016491
newOrder,18934,0,6756,1681016519
newOrder,19133,1,6756,1681016519
newOrder,12101,0,26837,1681016519
newOrder,24999,1,26837,1681016519
cancel,12101,,,1681017089
cancel,18934,,,1681017089
cancel,19133,,,1681017089
cancel,24999,,,1681017089
newOrder,18934,0,6757,1681017117
newOrder,19133,1,6757,1681017117
newOrder,14003,0,20524,1681017117
newOrder,24999,1,20524,1681017117
cancel,14003,,,1681017689
cancel,18934,,,1681017689
cancel,19133,,,1681017689
cancel,24999,,,1681017689
newOrder,18934,0,6758,1681017717
newOrder,19133,1,6758,1681017717
newOrder,12089,0,30572,1681017717
newOrder,24999,1,30572,1681017717
cancel,12089,,,1681018289
cancel,18934,,,1681018289
cancel,19133,,,1681018289
cancel,24999,,,1681018289
newOrder,18934,0,6759,1681018318
newOrder,19133,1,6759,1681018318
newOrder,14003,0,17235,1681018318
newOrder,24999,1,17235,1681018318
cancel,14003,,,1681018889
cancel,18934,,,1681018889
cancel,19133,,,1681018889
cancel,24999,,,1681018889
newOrder,18934,0,6760,1681018918
newOrder,19133,1,6760,1681018918
newOrder,14003,0,21470,1681018918
newOrder,24999,1,21470,1681018918
cancel,14003,,,1681019490
cancel,18934,,,1681019490
cancel,19133,,,1681019490
cancel,24999,,,1681019490
newOrder,18934,0,6760,1681019517
newOrder,19133,1,6760,1681019517
newOrder,12089,0,31865,1681019517
newOrder,24999,1,31865,1681019517
cancel,12089,,,1681019602
cancel,19133,,,1681019602
cancel,24999,,,1681019602
newOrder,18861,0,6830,1681019609
newOrder,19073,1,6830,1681019609
newOrder,14003,0,19005,1681019609
newOrder,24999,1,19005,1681019609
cancel,14003,,,1681019808
cancel,18861,,,1681019808
cancel,19073,,,1681019808
cancel,24999,,,1681019808
newOrder,18782,0,6867,1681019815
newOrder,19080,1,6867,1681019815
newOrder,12101,0,25039,1681019815
newOrder,24999,1,25039,1681019815
cancel,12101,,,1681019978
cancel,18782,,,1681019978
cancel,19080,,,1681019978
cancel,24999,,,1681019978
newOrder,18697,0,6904,1681019984
newOrder,19086,1,6904,1681019984
newOrder,14003,0,11890,1681019984
newOrder,24999,1,11890,1681019984
cancel,14003,,,1681020089
cancel,18697,,,1681020089
cancel,19086,,,1681020089
cancel,24999,,,1681020089
newOrder,18578,0,6964,1681020117
newOrder,19066,1,6964,1681020117
newOrder,14003,0,8974,1681020117
newOrder,24999,1,8974,1681020117
cancel,14003,,,1681020689
cancel,18578,,,1681020689
cancel,19066,,,1681020689
cancel,24999,,,1681020689
newOrder,18492,0,6999,1681020717
newOrder,19066,1,6999,1681020717
newOrder,12089,0,35129,1681020717
newOrder,24999,1,35129,1681020717
cancel,12089,,,1681021289
cancel,18492,,,1681021289
cancel,19066,,,1681021289
cancel,24999,,,1681021289
newOrder,18489,0,7001,1681021318
newOrder,19066,1,7001,1681021318
newOrder,13003,0,24038,1681021318
newOrder,24999,1,24038,1681021318
cancel,13003,,,1681021889
cancel,18489,,,1681021889
cancel,19066,,,1681021889
cancel,24999,,,1681021889
newOrder,18490,0,7001,1681021919
newOrder,19066,1,7001,1681021919
newOrder,13597,0,21885,1681021919
newOrder,24999,1,21885,1681021919
cancel,13597,,,1681022489
cancel,18490,,,1681022489
cancel,19066,,,1681022489
cancel,24999,,,1681022489
newOrder,18491,0,7002,1681022519
newOrder,19066,1,7002,1681022519
newOrder,13597,0,22056,1681022519
newOrder,24999,1,22056,1681022519
cancel,13597,,,1681023089
cancel,18491,,,1681023089
cancel,19066,,,1681023089
cancel,24999,,,1681023089
newOrder,18491,0,7003,1681023116
newOrder,19066,1,7003,1681023116
newOrder,12089,0,27866,1681023116
newOrder,24999,1,27866,1681023116
cancel,12089,,,1681023689
cancel,18491,,,1681023689
cancel,19066,,,1681023689
cancel,24999,,,1681023689
newOrder,18491,0,7003,1681023716
newOrder,19066,1,7003,1681023716
newOrder,12089,0,36928,1681023716
newOrder,24999,1,36928,1681023716
cancel,12089,,,1681024289
cancel,18491,,,1681024289
cancel,19066,,,1681024289
cancel,24999,,,1681024289
newOrder,18491,0,7005,1681024316
newOrder,19066,1,7005,1681024316
newOrder,12089,0,35089,1681024316
newOrder,24999,1,35089,1681024316
cancel,12089,,,1681024889
cancel,18491,,,1681024889
cancel,19066,,,1681024889
cancel,24999,,,1681024889
newOrder,18491,0,7006,1681024916
newOrder,19066,1,7006,1681024916
newOrder,13597,0,21926,1681024916
newOrder,24999,1,21926,1681024916
cancel,13597,,,1681025490
cancel,18491,,,1681025490
cancel,19066,,,1681025490
cancel,24999,,,1681025490
newOrder,18491,0,7006,1681025517
newOrder,19066,1,7006,1681025517
newOrder,14003,0,12967,1681025517
newOrder,24999,1,12967,1681025517
cancel,14003,,,1681026090
cancel,18491,,,1681026090
cancel,19066,,,1681026090
cancel,24999,,,1681026090
newOrder,18491,0,7007,1681026118
newOrder,19066,1,7007,1681026118
newOrder,14003,0,12975,1681026118
newOrder,24999,1,12975,1681026118
cancel,14003,,,1681026689
cancel,18491,,,1681026689
cancel,19066,,,1681026689
cancel,24999,,,1681026689
newOrder,18493,0,7007,1681026717
newOrder,19066,1,7007,1681026717
newOrder,13003,0,23545,1681026717
newOrder,24999,1,23545,1681026717
cancel,13003,,,1681027290
cancel,18493,,,1681027290
cancel,19066,,,1681027290
cancel,24999,,,1681027290
newOrder,18493,0,7008,1681027319
newOrder,19066,1,7008,1681027319
newOrder,18206,0,5226,1681027319
newOrder,21999,1,5226,1681027319
cancel,18206,,,1681027889
cancel,18493,,,1681027889
cancel,19066,,,1681027889
cancel,21999,,,1681027889
newOrder,18493,0,7009,1681027919
newOrder,19066,1,7009,1681027919
newOrder,13597,0,21927,1681027919
newOrder,24999,1,21927,1681027919
cancel,13597,,,1681028489
cancel,18493,,,1681028489
cancel,19066,,,1681028489
cancel,24999,,,1681028489
newOrder,18494,0,7010,1681028516
newOrder,19066,1,7010,1681028516
newOrder,12089,0,35620,1681028516
newOrder,24999,1,35620,1681028516
cancel,12089,,,1681029090
cancel,18494,,,1681029090
cancel,19066,,,1681029090
cancel,24999,,,1681029090
newOrder,18493,0,7011,1681029117
newOrder,19066,1,7011,1681029117
newOrder,12089,0,32814,1681029117
newOrder,24999,1,32814,1681029117
cancel,12089,,,1681029689
cancel,18493,,,1681029689
cancel,19066,,,1681029689
cancel,24999,,,1681029689
newOrder,18493,0,7012,1681029717
newOrder,19066,1,7012,1681029717
newOrder,12089,0,35796,1681029717
newOrder,24999,1,35796,1681029717
cancel,12089,,,1681030289
cancel,18493,,,1681030289
cancel,19066,,,1681030289
cancel,24999,,,1681030289
newOrder,18492,0,7013,1681030317
newOrder,19066,1,7013,1681030317
newOrder,12089,0,27200,1681030317
newOrder,24999,1,27200,1681030317
cancel,12089,,,1681030889
cancel,18492,,,1681030889
cancel,19066,,,1681030889
cancel,24999,,,1681030889
newOrder,18493,0,7013,1681030918
newOrder,19066,1,7013,1681030918
newOrder,12089,0,32067,1681030918
newOrder,24999,1,32067,1681030918
cancel,12089,,,1681031490
cancel,18493,,,1681031490
cancel,19066,,,1681031490
cancel,24999,,,1681031490
newOrder,18493,0,7014,1681031518
newOrder,19066,1,7014,1681031518
newOrder,12089,0,32592,1681031518
newOrder,24999,1,32592,1681031518
cancel,12089,,,1681032089
cancel,18493,,,1681032089
cancel,19066,,,1681032089
cancel,24999,,,1681032089
newOrder,18492,0,7016,1681032117
newOrder,19066,1,7016,1681032117
newOrder,15001,0,6373,1681032117
newOrder,21999,1,6373,1681032117
cancel,15001,,,1681032689
cancel,18492,,,1681032689
cancel,19066,,,1681032689
cancel,21999,,,1681032689
newOrder,18492,0,7017,1681032718
newOrder,19066,1,7017,1681032718
newOrder,14003,0,21487,1681032718
newOrder,24999,1,21487,1681032718
cancel,14003,,,1681033289
cancel,18492,,,1681033289
cancel,19066,,,1681033289
cancel,24999,,,1681033289
newOrder,18492,0,7017,1681033317
newOrder,19066,1,7017,1681033317
newOrder,14003,0,12488,1681033317
newOrder,24999,1,12488,1681033317
cancel,14003,,,1681033889
cancel,18492,,,1681033889
cancel,19066,,,1681033889
cancel,24999,,,1681033889
newOrder,18492,0,7018,1681033917
newOrder,19066,1,7018,1681033917
newOrder,12089,0,32878,1681033917
newOrder,24999,1,32878,1681033917
cancel,12089,,,1681034489
cancel,18492,,,1681034489
cancel,19066,,,1681034489
cancel,24999,,,1681034489
newOrder,18492,0,7019,1681034518
newOrder,19066,1,7019,1681034518
newOrder,12101,0,25030,1681034518
newOrder,24999,1,25030,1681034518
cancel,12101,,,1681035089
cancel,18492,,,1681035089
cancel,19066,,,1681035089
cancel,24999,,,1681035089
newOrder,18492,0,7020,1681035117
newOrder,19066,1,7020,1681035117
newOrder,14003,0,14816,1681035117
newOrder,24999,1,14816,1681035117
cancel,14003,,,1681035690
cancel,18492,,,1681035690
cancel,19066,,,1681035690
cancel,24999,,,1681035690
newOrder,18492,0,7021,1681035718
newOrder,19066,1,7021,1681035718
newOrder,14003,0,15651,1681035718
newOrder,24999,1,15651,1681035718
cancel,14003,,,1681036289
cancel,18492,,,1681036289
cancel,19066,,,1681036289
cancel,24999,,,1681036289
newOrder,18491,0,7022,1681036322
newOrder,19066,1,7022,1681036322
newOrder,14003,0,11802,1681036322
newOrder,24999,1,11802,1681036322
cancel,14003,,,1681036890
cancel,18491,,,1681036890
cancel,19066,,,1681036890
cancel,24999,,,1681036890
newOrder,18491,0,7023,1681036917
newOrder,19066,1,7023,1681036917
newOrder,14003,0,9105,1681036917
newOrder,24999,1,9105,1681036917
cancel,14003,,,1681037489
cancel,18491,,,1681037489
cancel,19066,,,1681037489
cancel,24999,,,1681037489
newOrder,18491,0,7024,1681037519
newOrder,19066,1,7024,1681037519
newOrder,12089,0,30060,1681037519
newOrder,24999,1,30060,1681037519
cancel,12089,,,1681038089
cancel,18491,,,1681038089
cancel,19066,,,1681038089
cancel,24999,,,1681038089
newOrder,18428,0,7048,1681038118
newOrder,19066,1,7048,1681038118
newOrder,14003,0,19378,1681038118
newOrder,24999,1,19378,1681038118
cancel,14003,,,1681038689
cancel,18428,,,1681038689
cancel,19066,,,1681038689
cancel,24999,,,1681038689
newOrder,18428,0,7049,1681038716
newOrder,19066,1,7049,1681038716
newOrder,12089,0,31763,1681038716
newOrder,24999,1,31763,1681038716
cancel,12089,,,1681039289
cancel,18428,,,1681039289
cancel,19066,,,1681039289
cancel,24999,,,1681039289
newOrder,18428,0,7050,1681039317
newOrder,19066,1,7050,1681039317
newOrder,12101,0,25248,1681039317
newOrder,24999,1,25248,1681039317
cancel,12101,,,1681039889
cancel,18428,,,1681039889
cancel,19066,,,1681039889
cancel,24999,,,1681039889
newOrder,18428,0,7051,1681039916
newOrder,19066,1,7051,1681039916
newOrder,13597,0,21628,1681039916
newOrder,24999,1,21628,1681039916
cancel,13597,,,1681040490
cancel,18428,,,1681040490
cancel,19066,,,1681040490
cancel,24999,,,1681040490
newOrder,18428,0,7052,1681040517
newOrder,19066,1,7052,1681040517
newOrder,14003,0,14303,1681040517
newOrder,24999,1,14303,1681040517
cancel,14003,,,1681041089
cancel,18428,,,1681041089
cancel,19066,,,1681041089
cancel,24999,,,1681041089
newOrder,18428,0,7053,1681041116
newOrder,19066,1,7053,1681041116
newOrder,14003,0,12256,1681041116
newOrder,24999,1,12256,1681041116
cancel,14003,,,1681041689
cancel,18428,,,1681041689
cancel,19066,,,1681041689
cancel,24999,,,1681041689
newOrder,18428,0,7053,1681041718
newOrder,19066,1,7053,1681041718
newOrder,13003,0,23675,1681041718
newOrder,24999,1,23675,1681041718