instruction,price,side,qty,time
cancel,13006,,,1679918928
cancel,19907,,,1679918928
cancel,20084,,,1679918928
cancel,22584,,,1679918928
newOrder,19907,0,26298,1679918955
newOrder,20084,1,26298,1679918955
newOrder,13006,0,16859,1679918955
newOrder,22584,1,16859,1679918955
cancel,13006,,,1679919527
cancel,19907,,,1679919527
cancel,20084,,,1679919527
cancel,22584,,,1679919527
newOrder,19907,0,26314,1679919554
newOrder,20084,1,26314,1679919554
newOrder,11944,0,113899,1679919554
newOrder,24999,1,113899,1679919554
cancel,11944,,,1679920128
cancel,19907,,,1679920128
cancel,20084,,,1679920128
cancel,24999,,,1679920128
newOrder,19907,0,26329,1679920154
newOrder,20084,1,26329,1679920154
newOrder,13006,0,26582,1679920154
newOrder,24999,1,26582,1679920154
cancel,13006,,,1679920727
cancel,19907,,,1679920727
cancel,20084,,,1679920727
cancel,24999,,,1679920727
newOrder,19907,0,26346,1679920754
newOrder,20084,1,26346,1679920754
newOrder,11944,0,132015,1679920754
newOrder,24999,1,132015,1679920754
cancel,11944,,,1679921329
cancel,19907,,,1679921329
cancel,20084,,,1679921329
cancel,24999,,,1679921329
newOrder,19907,0,26362,1679921358
newOrder,20084,1,26362,1679921358
newOrder,11944,0,101277,1679921358
newOrder,24999,1,101277,1679921358
cancel,11944,,,1679921928
cancel,19907,,,1679921928
cancel,20084,,,1679921928
cancel,24999,,,1679921928
newOrder,19909,0,26376,1679921955
newOrder,20084,1,26376,1679921955
newOrder,11946,0,76142,1679921955
newOrder,24999,1,76142,1679921955
cancel,11946,,,1679922527
cancel,19909,,,1679922527
cancel,20084,,,1679922527
cancel,24999,,,1679922527
newOrder,19910,0,26391,1679922553
newOrder,20084,1,26391,1679922553
newOrder,13006,0,29949,1679922553
newOrder,24999,1,29949,1679922553
cancel,13006,,,1679923127
cancel,19910,,,1679923127
cancel,20084,,,1679923127
cancel,24999,,,1679923127
newOrder,19909,0,26408,1679923154
newOrder,20084,1,26408,1679923154
newOrder,13006,0,26187,1679923154
newOrder,22584,1,26187,1679923154
cancel,13006,,,1679923727
cancel,19909,,,1679923727
cancel,20084,,,1679923727
cancel,22584,,,1679923727
newOrder,19910,0,26423,1679923754
newOrder,20084,1,26423,1679923754
newOrder,11946,0,55878,1679923754
newOrder,24999,1,55878,1679923754
cancel,11946,,,1679924328
cancel,19910,,,1679924328
cancel,20084,,,1679924328
cancel,24999,,,1679924328
newOrder,19908,0,26441,1679924354
newOrder,20084,1,26441,1679924354
newOrder,11945,0,135128,1679924354
newOrder,24999,1,135128,1679924354
cancel,11945,,,1679924928
cancel,19908,,,1679924928
cancel,20084,,,1679924928
cancel,24999,,,1679924928
newOrder,19916,0,26297,1679924955
newOrder,20191,1,26297,1679924955
newOrder,11950,0,132192,1679924955
newOrder,24999,1,132192,1679924955
cancel,11950,,,1679925527
cancel,19916,,,1679925527
cancel,20191,,,1679925527
cancel,24999,,,1679925527
newOrder,19916,0,26278,1679925554
newOrder,20211,1,26278,1679925554
newOrder,11950,0,62033,1679925554
newOrder,24999,1,62033,1679925554
cancel,11950,,,1679926127
cancel,19916,,,1679926127
cancel,20211,,,1679926127
cancel,24999,,,1679926127
newOrder,19916,0,26294,1679926152
newOrder,20211,1,26294,1679926152
newOrder,11950,0,83434,1679926152
newOrder,24999,1,83434,1679926152
cancel,11950,,,1679926729
cancel,19916,,,1679926729
cancel,20211,,,1679926729
cancel,24999,,,1679926729
newOrder,19916,0,26311,1679926757
newOrder,20211,1,26311,1679926757
newOrder,13006,0,18156,1679926757
newOrder,22584,1,18156,1679926757
cancel,13006,,,1679927328
cancel,19916,,,1679927328
cancel,20211,,,1679927328
cancel,22584,,,1679927328
newOrder,19916,0,26327,1679927355
newOrder,20211,1,26327,1679927355
newOrder,11950,0,126666,1679927355
newOrder,24999,1,126666,1679927355
cancel,11950,,,1679927926
cancel,19916,,,1679927926
cancel,20211,,,1679927926
cancel,24999,,,1679927926
newOrder,19916,0,26343,1679927956
newOrder,20211,1,26343,1679927956
newOrder,13006,0,33931,1679927956
newOrder,24999,1,33931,1679927956
cancel,13006,,,1679928527
cancel,19916,,,1679928527
cancel,20211,,,1679928527
cancel,24999,,,1679928527
newOrder,19916,0,26359,1679928555
newOrder,20211,1,26359,1679928555
newOrder,11950,0,90320,1679928555
newOrder,24999,1,90320,1679928555
cancel,11950,,,1679929128
cancel,19916,,,1679929128
cancel,20211,,,1679929128
cancel,24999,,,1679929128
newOrder,19916,0,26375,1679929155
newOrder,20211,1,26375,1679929155
newOrder,13006,0,19266,1679929155
newOrder,22584,1,19266,1679929155
cancel,13006,,,1679929727
cancel,19916,,,1679929727
cancel,20211,,,1679929727
cancel,22584,,,1679929727
newOrder,19916,0,26557,1679929756
newOrder,20104,1,26557,1679929756
newOrder,11950,0,140210,1679929756
newOrder,24999,1,140210,1679929756
cancel,11950,,,1679930328
cancel,19916,,,1679930328
cancel,20104,,,1679930328
cancel,24999,,,1679930328
newOrder,19916,0,26523,1679930356
newOrder,20142,1,26523,1679930356
newOrder,13006,0,41031,1679930356
newOrder,24999,1,41031,1679930356
cancel,13006,,,1679930927
cancel,19916,,,1679930927
cancel,20142,,,1679930927
cancel,24999,,,1679930927
newOrder,19916,0,26371,1679930955
newOrder,20237,1,26371,1679930955
newOrder,11950,0,45190,1679930955
newOrder,24999,1,45190,1679930955
cancel,11950,,,1679931527
cancel,19916,,,1679931527
cancel,20237,,,1679931527
cancel,24999,,,1679931527
newOrder,19916,0,26054,1679931554
newOrder,20371,1,26054,1679931554
newOrder,11950,0,44123,1679931554
newOrder,24999,1,44123,1679931554
cancel,11950,,,1679932127
cancel,19916,,,1679932127
cancel,20371,,,1679932127
cancel,24999,,,1679932127
newOrder,19916,0,26070,1679932156
newOrder,20371,1,26070,1679932156
newOrder,11950,0,77060,1679932156
newOrder,24999,1,77060,1679932156
cancel,11950,,,1679932728
cancel,19916,,,1679932728
cancel,20371,,,1679932728
cancel,24999,,,1679932728
newOrder,19916,0,26086,1679932754
newOrder,20371,1,26086,1679932754
newOrder,11950,0,56041,1679932754
newOrder,24999,1,56041,1679932754
cancel,11950,,,1679933328
cancel,19916,,,1679933328
cancel,20371,,,1679933328
cancel,24999,,,1679933328
newOrder,19916,0,25924,1679933353
newOrder,20429,1,25924,1679933353
newOrder,11950,0,88335,1679933353
newOrder,24999,1,88335,1679933353
cancel,11950,,,1679933928
cancel,19916,,,1679933928
cancel,20429,,,1679933928
cancel,24999,,,1679933928
newOrder,19916,0,25811,1679933955
newOrder,20468,1,25811,1679933955
newOrder,11950,0,45604,1679933955
newOrder,24999,1,45604,1679933955
cancel,11950,,,1679934528
cancel,19916,,,1679934528
cancel,20468,,,1679934528
cancel,24999,,,1679934528
newOrder,19916,0,25827,1679934556
newOrder,20468,1,25827,1679934556
newOrder,13006,0,32578,1679934556
newOrder,24999,1,32578,1679934556
cancel,13006,,,1679935127
cancel,19916,,,1679935127
cancel,20468,,,1679935127
cancel,24999,,,1679935127
newOrder,19916,0,25842,1679935153
newOrder,20468,1,25842,1679935153
newOrder,11950,0,43361,1679935153
newOrder,24999,1,43361,1679935153
cancel,11950,,,1679935728
cancel,19916,,,1679935728
cancel,20468,,,1679935728
cancel,24999,,,1679935728
newOrder,19916,0,25812,1679935753
newOrder,20480,1,25812,1679935753
newOrder,13006,0,39319,1679935753
newOrder,24999,1,39319,1679935753
cancel,13006,,,1679936328
cancel,19916,,,1679936328
cancel,20480,,,1679936328
cancel,24999,,,1679936328
newOrder,19916,0,25828,1679936355
newOrder,20480,1,25828,1679936355
newOrder,11950,0,71062,1679936355
newOrder,24999,1,71062,1679936355
cancel,11950,,,1679936927
cancel,19916,,,1679936927
cancel,20480,,,1679936927
cancel,24999,,,1679936927
newOrder,19916,0,25681,1679936954
newOrder,20524,1,25681,1679936954
newOrder,11950,0,55227,1679936954
newOrder,24999,1,55227,1679936954
cancel,11950,,,1679937528
cancel,19916,,,1679937528
cancel,20524,,,1679937528
cancel,24999,,,1679937528
newOrder,19916,0,25945,1679937553
newOrder,20456,1,25945,1679937553
newOrder,11950,0,78784,1679937553
newOrder,24999,1,78784,1679937553
cancel,11950,,,1679938128
cancel,19916,,,1679938128
cancel,20456,,,1679938128
cancel,24999,,,1679938128
newOrder,19916,0,25960,1679938154
newOrder,20456,1,25960,1679938154
newOrder,11950,0,51291,1679938154
newOrder,24999,1,51291,1679938154
cancel,11950,,,1679938728
cancel,19916,,,1679938728
cancel,20456,,,1679938728
cancel,24999,,,1679938728
newOrder,19916,0,26041,1679938755
newOrder,20437,1,26041,1679938755
newOrder,11950,0,108237,1679938755
newOrder,24999,1,108237,1679938755
cancel,11950,,,1679939328
cancel,19916,,,1679939328
cancel,20437,,,1679939328
cancel,24999,,,1679939328
newOrder,19916,0,26219,1679939354
newOrder,20386,1,26219,1679939354
newOrder,11950,0,87634,1679939354
newOrder,24999,1,87634,1679939354
cancel,11950,,,1679939927
cancel,19916,,,1679939927
cancel,20386,,,1679939927
cancel,24999,,,1679939927
newOrder,19916,0,26236,1679939954
newOrder,20386,1,26236,1679939954
newOrder,13006,0,40329,1679939954
newOrder,24999,1,40329,1679939954
cancel,13006,,,1679940528
cancel,19916,,,1679940528
cancel,20386,,,1679940528
cancel,24999,,,1679940528
newOrder,19916,0,26248,1679940554
newOrder,20387,1,26248,1679940554
newOrder,11950,0,127311,1679940554
newOrder,24999,1,127311,1679940554
cancel,11950,,,1679941128
cancel,19916,,,1679941128
cancel,20387,,,1679941128
cancel,24999,,,1679941128
newOrder,19916,0,26265,1679941155
newOrder,20387,1,26265,1679941155
newOrder,11950,0,85905,1679941155
newOrder,24999,1,85905,1679941155
cancel,11950,,,1679941728
cancel,19916,,,1679941728
cancel,20387,,,1679941728
cancel,24999,,,1679941728
newOrder,19916,0,26285,1679941754
newOrder,20386,1,26285,1679941754
newOrder,13006,0,20801,1679941754
newOrder,22584,1,20801,1679941754
cancel,13006,,,1679942327
cancel,19916,,,1679942327
cancel,20386,,,1679942327
cancel,22584,,,1679942327
newOrder,19916,0,26297,1679942354
newOrder,20387,1,26297,1679942354
newOrder,13006,0,29527,1679942354
newOrder,24999,1,29527,1679942354
cancel,13006,,,1679942928
cancel,19916,,,1679942928
cancel,20387,,,1679942928
cancel,24999,,,1679942928
newOrder,19916,0,26318,1679942954
newOrder,20386,1,26318,1679942954
newOrder,13006,0,17719,1679942954
newOrder,22584,1,17719,1679942954
cancel,13006,,,1679943528
cancel,19916,,,1679943528
cancel,20386,,,1679943528
cancel,22584,,,1679943528
newOrder,19916,0,26335,1679943555
newOrder,20386,1,26335,1679943555
newOrder,11950,0,51221,1679943555
newOrder,24999,1,51221,1679943555
cancel,11950,,,1679944128
cancel,19916,,,1679944128
cancel,20386,,,1679944128
cancel,24999,,,1679944128
newOrder,19916,0,26345,1679944155
newOrder,20388,1,26345,1679944155
newOrder,13006,0,27403,1679944155
newOrder,24999,1,27403,1679944155
cancel,13006,,,1679944727
cancel,19916,,,1679944727
cancel,20388,,,1679944727
cancel,24999,,,1679944727
newOrder,19916,0,26366,1679944754
newOrder,20386,1,26366,1679944754
newOrder,11950,0,68140,1679944754
newOrder,24999,1,68140,1679944754
cancel,11950,,,1679945327
cancel,19916,,,1679945327
cancel,20386,,,1679945327
cancel,24999,,,1679945327
newOrder,19916,0,26379,1679945355
newOrder,20387,1,26379,1679945355
newOrder,11950,0,139369,1679945355
newOrder,24999,1,139369,1679945355
cancel,11950,,,1679945928
cancel,19916,,,1679945928
cancel,20387,,,1679945928
cancel,24999,,,1679945928
newOrder,19916,0,26393,1679945954
newOrder,20388,1,26393,1679945954
newOrder,11950,0,68850,1679945954
newOrder,24999,1,68850,1679945954
cancel,11950,,,1679946528
cancel,19916,,,1679946528
cancel,20388,,,1679946528
cancel,24999,,,1679946528
newOrder,19916,0,26405,1679946561
newOrder,20390,1,26405,1679946561
newOrder,11950,0,43090,1679946561
newOrder,24999,1,43090,1679946561
cancel,11950,,,1679947127
cancel,19916,,,1679947127
cancel,20390,,,1679947127
cancel,24999,,,1679947127
newOrder,19916,0,26425,1679947154
newOrder,20389,1,26425,1679947154
newOrder,11950,0,66968,1679947154
newOrder,24999,1,66968,1679947154
cancel,11950,,,1679947728
cancel,19916,,,1679947728
cancel,20389,,,1679947728
cancel,24999,,,1679947728
newOrder,19916,0,26447,1679947754
newOrder,20387,1,26447,1679947754
newOrder,13003,0,41570,1679947754
newOrder,24999,1,41570,1679947754
cancel,13003,,,1679948327
cancel,19916,,,1679948327
cancel,20387,,,1679948327
cancel,24999,,,1679948327
newOrder,19916,0,26461,1679948354
newOrder,20388,1,26461,1679948354
newOrder,13006,0,21522,1679948354
newOrder,22584,1,21522,1679948354
cancel,13006,,,1679948927
cancel,19916,,,1679948927
cancel,20388,,,1679948927
cancel,22584,,,1679948927
newOrder,19916,0,26411,1679948953
newOrder,20409,1,26411,1679948953
newOrder,11950,0,45276,1679948953
newOrder,24999,1,45276,1679948953
cancel,11950,,,1679949527
cancel,19916,,,1679949527
cancel,20409,,,1679949527
cancel,24999,,,1679949527
newOrder,19916,0,26425,1679949555
newOrder,20410,1,26425,1679949555
newOrder,11950,0,135304,1679949555
newOrder,24999,1,135304,1679949555
cancel,11950,,,1679950128
cancel,19916,,,1679950128
cancel,20410,,,1679950128
cancel,24999,,,1679950128
newOrder,19916,0,26438,1679950155
newOrder,20411,1,26438,1679950155
newOrder,13006,0,21646,1679950155
newOrder,22584,1,21646,1679950155
cancel,13006,,,1679950728
cancel,19916,,,1679950728
cancel,20411,,,1679950728
cancel,22584,,,1679950728
newOrder,19916,0,26462,1679950755
newOrder,20409,1,26462,1679950755
newOrder,11950,0,69284,1679950755
newOrder,24999,1,69284,1679950755
cancel,11950,,,1679951328
cancel,19916,,,1679951328
cancel,20409,,,1679951328
cancel,24999,,,1679951328
newOrder,19916,0,26473,1679951355
newOrder,20410,1,26473,1679951355
newOrder,11950,0,79372,1679951355
newOrder,24999,1,79372,1679951355
cancel,11950,,,1679951927
cancel,19916,,,1679951927
cancel,20410,,,1679951927
cancel,24999,,,1679951927
newOrder,19916,0,26485,1679951953
newOrder,20412,1,26485,1679951953
newOrder,11950,0,127518,1679951953
newOrder,24999,1,127518,1679951953
cancel,11950,,,1679952528
cancel,19916,,,1679952528
cancel,20412,,,1679952528
cancel,24999,,,1679952528
newOrder,19916,0,26503,1679952555
newOrder,20411,1,26503,1679952555
newOrder,11950,0,127478,1679952555
newOrder,24999,1,127478,1679952555
cancel,11950,,,1679953127
cancel,19916,,,1679953127
cancel,20411,,,1679953127
cancel,24999,,,1679953127
newOrder,19916,0,26513,1679953153
newOrder,20413,1,26513,1679953153
newOrder,13006,0,16735,1679953153
newOrder,22584,1,16735,1679953153
cancel,13006,,,1679953727
cancel,19916,,,1679953727
cancel,20413,,,1679953727
cancel,22584,,,1679953727
newOrder,19916,0,26531,1679953754
newOrder,20413,1,26531,1679953754
newOrder,11950,0,113970,1679953754
newOrder,24999,1,113970,1679953754
cancel,11950,,,1679954328
cancel,19916,,,1679954328
cancel,20413,,,1679954328
cancel,24999,,,1679954328
newOrder,19916,0,26541,1679954353
newOrder,20415,1,26541,1679954353
newOrder,11950,0,105472,1679954353
newOrder,24999,1,105472,1679954353
cancel,11950,,,1679954928
cancel,19916,,,1679954928
cancel,20415,,,1679954928
cancel,24999,,,1679954928
newOrder,19916,0,26560,1679954955
newOrder,20415,1,26560,1679954955
newOrder,11950,0,112650,1679954955
newOrder,24999,1,112650,1679954955
cancel,11950,,,1679955528
cancel,19916,,,1679955528
cancel,20415,,,1679955528
cancel,24999,,,1679955528
newOrder,19916,0,26587,1679955554
newOrder,20412,1,26587,1679955554
newOrder,11950,0,123172,1679955554
newOrder,24999,1,123172,1679955554
cancel,11950,,,1679956127
cancel,19916,,,1679956127
cancel,20412,,,1679956127
cancel,24999,,,1679956127
newOrder,19916,0,26599,1679956154
newOrder,20413,1,26599,1679956154
newOrder,11950,0,97197,1679956154
newOrder,24999,1,97197,1679956154
cancel,11950,,,1679956728
cancel,19916,,,1679956728
cancel,20413,,,1679956728
cancel,24999,,,1679956728
newOrder,19916,0,26624,1679956753
newOrder,20411,1,26624,1679956753
newOrder,11950,0,138015,1679956753
newOrder,24999,1,138015,1679956753
cancel,11950,,,1679957327
cancel,19916,,,1679957327
cancel,20411,,,1679957327
cancel,24999,,,1679957327
newOrder,19916,0,26631,1679957354
newOrder,20414,1,26631,1679957354
newOrder,11950,0,66903,1679957354
newOrder,24999,1,66903,1679957354
cancel,11950,,,1679957927
cancel,19916,,,1679957927
cancel,20414,,,1679957927
cancel,24999,,,1679957927
newOrder,19916,0,27025,1679957954
newOrder,20286,1,27025,1679957954
newOrder,11950,0,119475,1679957954
newOrder,24999,1,119475,1679957954
cancel,11950,,,1679958528
cancel,19916,,,1679958528
cancel,20286,,,1679958528
cancel,24999,,,1679958528
newOrder,19916,0,27038,1679958553
newOrder,20288,1,27038,1679958553
newOrder,11950,0,70962,1679958553
newOrder,24999,1,70962,1679958553
cancel,11950,,,1679959128
cancel,19916,,,1679959128
cancel,20288,,,1679959128
cancel,24999,,,1679959128
newOrder,19916,0,27061,1679959154
newOrder,20286,1,27061,1679959154
newOrder,11950,0,80863,1679959154
newOrder,24999,1,80863,1679959154
cancel,11950,,,1679959727
cancel,19916,,,1679959727
cancel,20286,,,1679959727
cancel,24999,,,1679959727
newOrder,19916,0,27075,1679959755
newOrder,20288,1,27075,1679959755
newOrder,13006,0,18521,1679959755
newOrder,22584,1,18521,1679959755
cancel,13006,,,1679960327
cancel,19916,,,1679960327
cancel,20288,,,1679960327
cancel,22584,,,1679960327
newOrder,19916,0,27098,1679960354
newOrder,20286,1,27098,1679960354
newOrder,11950,0,67354,1679960354
newOrder,24999,1,67354,1679960354
cancel,11950,,,1679960928
cancel,19916,,,1679960928
cancel,20286,,,1679960928
cancel,24999,,,1679960928
newOrder,19916,0,27035,1679960954
newOrder,20316,1,27035,1679960954
newOrder,11950,0,136666,1679960954
newOrder,24999,1,136666,1679960954
cancel,11950,,,1679961527
cancel,19916,,,1679961527
cancel,20316,,,1679961527
cancel,24999,,,1679961527
newOrder,19916,0,27053,1679961554
newOrder,20316,1,27053,1679961554
newOrder,11950,0,110139,1679961554
newOrder,24999,1,110139,1679961554
cancel,11950,,,1679962127
cancel,19916,,,1679962127
cancel,20316,,,1679962127
cancel,24999,,,1679962127
newOrder,19916,0,27151,1679962153
newOrder,20286,1,27151,1679962153
newOrder,11950,0,131959,1679962153
newOrder,24999,1,131959,1679962153
cancel,11950,,,1679962728
cancel,19916,,,1679962728
cancel,20286,,,1679962728
cancel,24999,,,1679962728
newOrder,19916,0,27089,1679962754
newOrder,20316,1,27089,1679962754
newOrder,13006,0,20670,1679962754
newOrder,22584,1,20670,1679962754
cancel,13006,,,1679963328
cancel,19916,,,1679963328
cancel,20316,,,1679963328
cancel,22584,,,1679963328
newOrder,19916,0,27187,1679963353
newOrder,20286,1,27187,1679963353
newOrder,11950,0,146746,1679963353
newOrder,24999,1,146746,1679963353
cancel,11950,,,1679963927
cancel,19916,,,1679963927
cancel,20286,,,1679963927
cancel,24999,,,1679963927
newOrder,19916,0,27205,1679963955
newOrder,20286,1,27205,1679963955
newOrder,11950,0,99824,1679963955
newOrder,24999,1,99824,1679963955
cancel,11950,,,1679964527
cancel,19916,,,1679964527
cancel,20286,,,1679964527
cancel,24999,,,1679964527
newOrder,19916,0,26828,1679964554
newOrder,20417,1,26828,1679964554
newOrder,11950,0,101550,1679964554
newOrder,24999,1,101550,1679964554
cancel,11950,,,1679965127
cancel,19916,,,1679965127
cancel,20417,,,1679965127
cancel,24999,,,1679965127
newOrder,19916,0,26689,1679965155
newOrder,20460,1,26689,1679965155
newOrder,11950,0,142327,1679965155
newOrder,24999,1,142327,1679965155
cancel,11950,,,1679965727
cancel,19916,,,1679965727
cancel,20460,,,1679965727
cancel,24999,,,1679965727
newOrder,19916,0,26707,1679965755
newOrder,20460,1,26707,1679965755
newOrder,11950,0,71894,1679965755
newOrder,24999,1,71894,1679965755
cancel,11950,,,1679966328
cancel,19916,,,1679966328
cancel,20460,,,1679966328
cancel,24999,,,1679966328
newOrder,19916,0,26724,1679966353
newOrder,20460,1,26724,1679966353
newOrder,11950,0,94126,1679966353
newOrder,24999,1,94126,1679966353
cancel,11950,,,1679966928
cancel,19916,,,1679966928
cancel,20460,,,1679966928
cancel,24999,,,1679966928
newOrder,19916,0,26588,1679966955
newOrder,20500,1,26588,1679966955
newOrder,13006,0,27694,1679966955
newOrder,24999,1,27694,1679966955
cancel,13006,,,1679967528
cancel,19916,,,1679967528
cancel,20500,,,1679967528
cancel,24999,,,1679967528
newOrder,19916,0,26704,1679967555
newOrder,20475,1,26704,1679967555
newOrder,13006,0,39386,1679967555
newOrder,24999,1,39386,1679967555
cancel,13006,,,1679968128
cancel,19916,,,1679968128
cancel,20475,,,1679968128
cancel,24999,,,1679968128
newOrder,19916,0,26484,1679968154
newOrder,20533,1,26484,1679968154
newOrder,11950,0,61241,1679968154
newOrder,24999,1,61241,1679968154
cancel,11950,,,1679968728
cancel,19916,,,1679968728
cancel,20533,,,1679968728
cancel,24999,,,1679968728
newOrder,20430,0,26194,1679968755
newOrder,20602,1,26194,1679968755
newOrder,13006,0,38810,1679968755
newOrder,24999,1,38810,1679968755
cancel,13006,,,1679969328
cancel,20430,,,1679969328
cancel,20602,,,1679969328
cancel,24999,,,1679969328
newOrder,20430,0,26211,1679969354
newOrder,20602,1,26211,1679969354
newOrder,12258,0,84785,1679969354
newOrder,24999,1,84785,1679969354
cancel,12258,,,1679969928
cancel,20430,,,1679969928
cancel,20602,,,1679969928
cancel,24999,,,1679969928
newOrder,20430,0,26227,1679969954
newOrder,20602,1,26227,1679969954
newOrder,12258,0,122057,1679969954
newOrder,24999,1,122057,1679969954
cancel,12258,,,1679970527
cancel,20430,,,1679970527
cancel,20602,,,1679970527
cancel,24999,,,1679970527
newOrder,20430,0,26244,1679970554
newOrder,20602,1,26244,1679970554
newOrder,12258,0,78502,1679970554
newOrder,24999,1,78502,1679970554
cancel,12258,,,1679971127
cancel,20430,,,1679971127
cancel,20602,,,1679971127
cancel,24999,,,1679971127
newOrder,20430,0,26260,1679971153
newOrder,20602,1,26260,1679971153
newOrder,13006,0,39613,1679971153
newOrder,24999,1,39613,1679971153
cancel,13006,,,1679971728
cancel,20430,,,1679971728
cancel,20602,,,1679971728
cancel,24999,,,1679971728
newOrder,20430,0,26277,1679971755
newOrder,20602,1,26277,1679971755
newOrder,13006,0,19114,1679971755
newOrder,22584,1,19114,1679971755
cancel,13006,,,1679972328
cancel,20430,,,1679972328
cancel,20602,,,1679972328
cancel,22584,,,1679972328
newOrder,20430,0,26294,1679972355
newOrder,20602,1,26294,1679972355
newOrder,13006,0,23636,1679972355
newOrder,22584,1,23636,1679972355
cancel,13006,,,1679972928
cancel,20430,,,1679972928
cancel,20602,,,1679972928
cancel,22584,,,1679972928
newOrder,19916,0,27001,1679972954
newOrder,20438,1,27001,1679972954
newOrder,11950,0,93023,1679972954
newOrder,24999,1,93023,1679972954
cancel,11950,,,1679973528
cancel,19916,,,1679973528
cancel,20438,,,1679973528
cancel,24999,,,1679973528
newOrder,19916,0,27009,1679973555
newOrder,20441,1,27009,1679973555
newOrder,13006,0,31264,1679973555
newOrder,24999,1,31264,1679973555
cancel,13006,,,1679974127
cancel,19916,,,1679974127
cancel,20441,,,1679974127
cancel,24999,,,1679974127
newOrder,19916,0,27045,1679974154
newOrder,20436,1,27045,1679974154
newOrder,11950,0,109692,1679974154
newOrder,24999,1,109692,1679974154
cancel,11950,,,1679974616
cancel,19916,,,1679974616
cancel,20436,,,1679974616
cancel,24999,,,1679974616
newOrder,19908,0,26719,1679974623
newOrder,20530,1,26719,1679974623
newOrder,11945,0,46089,1679974623
newOrder,24999,1,46089,1679974623
cancel,11945,,,1679974727
cancel,19908,,,1679974727
cancel,20530,,,1679974727
cancel,24999,,,1679974727
newOrder,19916,0,27058,1679974754
newOrder,20437,1,27058,1679974754
newOrder,11950,0,136151,1679974754
newOrder,24999,1,136151,1679974754
cancel,11950,,,1679975327
cancel,19916,,,1679975327
cancel,20437,,,1679975327
cancel,24999,,,1679975327
newOrder,19916,0,27081,1679975359
newOrder,20436,1,27081,1679975359
newOrder,11950,0,48937,1679975359
newOrder,24999,1,48937,1679975359
cancel,11950,,,1679975485
cancel,19916,,,1679975485
cancel,20436,,,1679975485
cancel,24999,,,1679975485
newOrder,19916,0,27085,1679975511
newOrder,20436,1,27085,1679975511
newOrder,11950,0,70646,1679975511
newOrder,24999,1,70646,1679975511
cancel,11950,,,1679976117
cancel,19916,,,1679976117
cancel,20436,,,1679976117
cancel,24999,,,1679976117
newOrder,19916,0,27087,1679976140
newOrder,20441,1,27087,1679976140
newOrder,11950,0,64709,1679976140
newOrder,24999,1,64709,1679976140
cancel,11950,,,1679976313
cancel,19916,,,1679976313
cancel,20441,,,1679976313
cancel,24999,,,1679976313
newOrder,19916,0,27092,1679976342
newOrder,20441,1,27092,1679976342
newOrder,11950,0,60166,1679976342
newOrder,24999,1,60166,1679976342
cancel,11950,,,1679976944
cancel,19916,,,1679976944
cancel,20441,,,1679976944
cancel,24999,,,1679976944
newOrder,19916,0,27113,1679976971
newOrder,20441,1,27113,1679976971
newOrder,11950,0,103152,1679976971
newOrder,24999,1,103152,1679976971
cancel,11950,,,1679977544
cancel,19916,,,1679977544
cancel,20441,,,1679977544
cancel,24999,,,1679977544
newOrder,19916,0,27128,1679977572
newOrder,20442,1,27128,1679977572
newOrder,11950,0,82663,1679977572
newOrder,24999,1,82663,1679977572
cancel,11950,,,1679978144
cancel,19916,,,1679978144
cancel,20442,,,1679978144
cancel,24999,,,1679978144
newOrder,19916,0,27144,1679978172
newOrder,20442,1,27144,1679978172
newOrder,11950,0,122747,1679978172
newOrder,24999,1,122747,1679978172
cancel,11950,,,1679978745
cancel,19916,,,1679978745
cancel,20442,,,1679978745
cancel,24999,,,1679978745
newOrder,19916,0,27200,1679978771
newOrder,20432,1,27200,1679978771
newOrder,11950,0,127269,1679978771
newOrder,24999,1,127269,1679978771
cancel,11950,,,1679979345
cancel,19916,,,1679979345
cancel,20432,,,1679979345
cancel,24999,,,1679979345
newOrder,19916,0,27213,1679979372
newOrder,20434,1,27213,1679979372
newOrder,11950,0,48256,1679979372
newOrder,24999,1,48256,1679979372
cancel,11950,,,1679979944
cancel,19916,,,1679979944
cancel,20434,,,1679979944
cancel,24999,,,1679979944
newOrder,19916,0,27239,1679979970
newOrder,20432,1,27239,1679979970
newOrder,11950,0,67825,1679979970
newOrder,24999,1,67825,1679979970
cancel,11950,,,1679980545
cancel,19916,,,1679980545
cancel,20432,,,1679980545
cancel,24999,,,1679980545
newOrder,19916,0,27254,1679980572
newOrder,20433,1,27254,1679980572
newOrder,13006,0,40631,1679980572
newOrder,24999,1,40631,1679980572
cancel,13006,,,1679981145
cancel,19916,,,1679981145
cancel,20433,,,1679981145
cancel,24999,,,1679981145
newOrder,19916,0,27276,1679981170
newOrder,20432,1,27276,1679981170
newOrder,11950,0,64450,1679981170
newOrder,24999,1,64450,1679981170
cancel,11950,,,1679981744
cancel,19916,,,1679981744
cancel,20432,,,1679981744
cancel,24999,,,1679981744
newOrder,19916,0,27295,1679981770
newOrder,20432,1,27295,1679981770
newOrder,11950,0,83100,1679981770
newOrder,24999,1,83100,1679981770
cancel,11950,,,1679982345
cancel,19916,,,1679982345
cancel,20432,,,1679982345
cancel,24999,,,1679982345
newOrder,19916,0,27314,1679982371
newOrder,20432,1,27314,1679982371
newOrder,13006,0,24702,1679982371
newOrder,22584,1,24702,1679982371
cancel,13006,,,1679982946
cancel,19916,,,1679982946
cancel,20432,,,1679982946
cancel,22584,,,1679982946
newOrder,19916,0,27325,1679982972
newOrder,20434,1,27325,1679982972
newOrder,11950,0,72994,1679982972
newOrder,24999,1,72994,1679982972
cancel,11950,,,1679983545
cancel,19916,,,1679983545
cancel,20434,,,1679983545
cancel,24999,,,1679983545
newOrder,19916,0,27351,1679983571
newOrder,20432,1,27351,1679983571
newOrder,11950,0,78794,1679983571
newOrder,24999,1,78794,1679983571
cancel,11950,,,1679984144
cancel,19916,,,1679984144
cancel,20432,,,1679984144
cancel,24999,,,1679984144
newOrder,19916,0,27368,1679984172
newOrder,20432,1,27368,1679984172
newOrder,11950,0,135978,1679984172
newOrder,24999,1,135978,1679984172
cancel,11950,,,1679984745
cancel,19916,,,1679984745
cancel,20432,,,1679984745
cancel,24999,,,1679984745
newOrder,19916,0,27388,1679984770
newOrder,20432,1,27388,1679984770
newOrder,13006,0,31262,1679984770
newOrder,24999,1,31262,1679984770
cancel,13006,,,1679985345
cancel,19916,,,1679985345
cancel,20432,,,1679985345
cancel,24999,,,1679985345
newOrder,19916,0,27489,1679985371
newOrder,20410,1,27489,1679985371
newOrder,11950,0,58069,1679985371
newOrder,24999,1,58069,1679985371
cancel,11950,,,1679985945
cancel,19916,,,1679985945
cancel,20410,,,1679985945
cancel,24999,,,1679985945
newOrder,19916,0,27504,1679985971
newOrder,20411,1,27504,1679985971
newOrder,11950,0,74307,1679985971
newOrder,24999,1,74307,1679985971
cancel,11950,,,1679986545
cancel,19916,,,1679986545
cancel,20411,,,1679986545
cancel,24999,,,1679986545
newOrder,19916,0,27527,1679986572
newOrder,20410,1,27527,1679986572
newOrder,13006,0,23832,1679986572
newOrder,22584,1,23832,1679986572
cancel,13006,,,1679987145
cancel,19916,,,1679987145
cancel,20410,,,1679987145
cancel,22584,,,1679987145
newOrder,19916,0,27543,1679987172
newOrder,20411,1,27543,1679987172
newOrder,13006,0,25956,1679987172
newOrder,22584,1,25956,1679987172
cancel,13006,,,1679987745
cancel,19916,,,1679987745
cancel,20411,,,1679987745
cancel,22584,,,1679987745
newOrder,19916,0,27565,1679987771
newOrder,20410,1,27565,1679987771
newOrder,11950,0,123831,1679987771
newOrder,24999,1,123831,1679987771
cancel,11950,,,1679988345
cancel,19916,,,1679988345
cancel,20410,,,1679988345
cancel,24999,,,1679988345
newOrder,19916,0,27574,1679988371
newOrder,20413,1,27574,1679988371
newOrder,11950,0,78721,1679988371
newOrder,24999,1,78721,1679988371
cancel,11950,,,1679988944
cancel,19916,,,1679988944
cancel,20413,,,1679988944
cancel,24999,,,1679988944
newOrder,19916,0,27597,1679988971
newOrder,20412,1,27597,1679988971
newOrder,11950,0,126651,1679988971
newOrder,24999,1,126651,1679988971
cancel,11950,,,1679989545
cancel,19916,,,1679989545
cancel,20412,,,1679989545
cancel,24999,,,1679989545
newOrder,19916,0,27623,1679989571
newOrder,20410,1,27623,1679989571
newOrder,11950,0,127036,1679989571
newOrder,24999,1,127036,1679989571
cancel,11950,,,1679990145
cancel,19916,,,1679990145
cancel,20410,,,1679990145
cancel,24999,,,1679990145
newOrder,19916,0,27637,1679990172
newOrder,20411,1,27637,1679990172
newOrder,11950,0,127388,1679990172
newOrder,24999,1,127388,1679990172
cancel,11950,,,1679990745
cancel,19916,,,1679990745
cancel,20411,,,1679990745
cancel,24999,,,1679990745
newOrder,19916,0,27655,1679990772
newOrder,20412,1,27655,1679990772
newOrder,11950,0,141666,1679990772
newOrder,24999,1,141666,1679990772
cancel,11950,,,1679991345
cancel,19916,,,1679991345
cancel,20412,,,1679991345
cancel,24999,,,1679991345
newOrder,19916,0,27678,1679991371
newOrder,20411,1,27678,1679991371
newOrder,11950,0,111138,1679991371
newOrder,24999,1,111138,1679991371
cancel,11950,,,1679991945
cancel,19916,,,1679991945
cancel,20411,,,1679991945
cancel,24999,,,1679991945
newOrder,19916,0,27055,1679991972
newOrder,20562,1,27055,1679991972
newOrder,11950,0,104101,1679991972
newOrder,24999,1,104101,1679991972
cancel,11950,,,1679992544
cancel,19916,,,1679992544
cancel,20562,,,1679992544
cancel,24999,,,1679992544
newOrder,19916,0,27209,1679992571
newOrder,20533,1,27209,1679992571
newOrder,11950,0,117791,1679992571
newOrder,24999,1,117791,1679992571
cancel,11950,,,1679993145
cancel,19916,,,1679993145
cancel,20533,,,1679993145
cancel,24999,,,1679993145
newOrder,19916,0,27092,1679993171
newOrder,20562,1,27092,1679993171
newOrder,11950,0,109902,1679993171
newOrder,24999,1,109902,1679993171
cancel,11950,,,1679993745
cancel,19916,,,1679993745
cancel,20562,,,1679993745
cancel,24999,,,1679993745
newOrder,19916,0,27254,1679993771
newOrder,20531,1,27254,1679993771
newOrder,11950,0,109254,1679993771
newOrder,24999,1,109254,1679993771
cancel,11950,,,1679994344
cancel,19916,,,1679994344
cancel,20531,,,1679994344
cancel,24999,,,1679994344
newOrder,19916,0,27261,1679994372
newOrder,20534,1,27261,1679994372
newOrder,11950,0,45605,1679994372
newOrder,24999,1,45605,1679994372
cancel,11950,,,1679994944
cancel,19916,,,1679994944
cancel,20534,,,1679994944
cancel,24999,,,1679994944
newOrder,19916,0,27284,1679994970
newOrder,20533,1,27284,1679994970
newOrder,11950,0,91347,1679994970
newOrder,24999,1,91347,1679994970
cancel,11950,,,1679995544
cancel,19916,,,1679995544
cancel,20533,,,1679995544
cancel,24999,,,1679995544
newOrder,19916,0,27298,1679995572
newOrder,20534,1,27298,1679995572
newOrder,11950,0,72115,1679995572
newOrder,24999,1,72115,1679995572
cancel,11950,,,1679996144
cancel,19916,,,1679996144
cancel,20534,,,1679996144
cancel,24999,,,1679996144
newOrder,19916,0,27312,1679996171
newOrder,20535,1,27312,1679996171
newOrder,11950,0,46969,1679996171
newOrder,24999,1,46969,1679996171
cancel,11950,,,1679996745
cancel,19916,,,1679996745
cancel,20535,,,1679996745
cancel,24999,,,1679996745
newOrder,19916,0,27332,1679996771
newOrder,20535,1,27332,1679996771
newOrder,11950,0,71844,1679996771
newOrder,24999,1,71844,1679996771
cancel,11950,,,1679997345
cancel,19916,,,1679997345
cancel,20535,,,1679997345
cancel,24999,,,1679997345
newOrder,19916,0,27077,1679997369
newOrder,20591,1,27077,1679997369
newOrder,11950,0,139252,1679997369
newOrder,24999,1,139252,1679997369
cancel,11950,,,1679997944
cancel,19916,,,1679997944
cancel,20591,,,1679997944
cancel,24999,,,1679997944
newOrder,19916,0,26791,1679997970
newOrder,20649,1,26791,1679997970
newOrder,11950,0,126969,1679997970
newOrder,24999,1,126969,1679997970
cancel,11950,,,1679998544
cancel,19916,,,1679998544
cancel,20649,,,1679998544
cancel,24999,,,1679998544
newOrder,19916,0,26809,1679998570
newOrder,20649,1,26809,1679998570
newOrder,11950,0,87557,1679998570
newOrder,24999,1,87557,1679998570
cancel,11950,,,1679999145
cancel,19916,,,1679999145
cancel,20649,,,1679999145
cancel,24999,,,1679999145
newOrder,19916,0,26877,1679999170
newOrder,20640,1,26877,1679999170
newOrder,11950,0,123987,1679999170
newOrder,24999,1,123987,1679999170
cancel,11950,,,1679999743
cancel,19916,,,1679999743
cancel,20640,,,1679999743
cancel,24999,,,1679999743
newOrder,19916,0,26382,1679999773
newOrder,20730,1,26382,1679999773
newOrder,13006,0,22012,1679999773
newOrder,22584,1,22012,1679999773
cancel,13006,,,1680000345
cancel,19916,,,1680000345
cancel,20730,,,1680000345
cancel,22584,,,1680000345
newOrder,19916,0,26222,1680000371
newOrder,20759,1,26222,1680000371
newOrder,13006,0,32137,1680000371
newOrder,24999,1,32137,1680000371
cancel,13006,,,1680000945
cancel,19916,,,1680000945
cancel,20759,,,1680000945
cancel,24999,,,1680000945
newOrder,19916,0,26239,1680000971
newOrder,20759,1,26239,1680000971
newOrder,11950,0,94843,1680000971
newOrder,24999,1,94843,1680000971
cancel,11950,,,1680001544
cancel,19916,,,1680001544
cancel,20759,,,1680001544
cancel,24999,,,1680001544
newOrder,19916,0,25693,1680001571
newOrder,20846,1,25693,1680001571
newOrder,11950,0,93361,1680001571
newOrder,24999,1,93361,1680001571
cancel,11950,,,1680002145
cancel,19916,,,1680002145
cancel,20846,,,1680002145
cancel,24999,,,1680002145
newOrder,19916,0,25237,1680002172
newOrder,20915,1,25237,1680002172
newOrder,11950,0,89325,1680002172
newOrder,24999,1,89325,1680002172
cancel,11950,,,1680002745
cancel,19916,,,1680002745
cancel,20915,,,1680002745
cancel,24999,,,1680002745
newOrder,19916,0,25251,1680002771
newOrder,20915,1,25251,1680002771
newOrder,13006,0,28023,1680002771
newOrder,24999,1,28023,1680002771
cancel,13006,,,1680003345
cancel,19916,,,1680003345
cancel,20915,,,1680003345
cancel,24999,,,1680003345
newOrder,19916,0,25266,1680003371
newOrder,20915,1,25266,1680003371
newOrder,11950,0,70810,1680003371
newOrder,24999,1,70810,1680003371
cancel,11950,,,1680003944
cancel,19916,,,1680003944
cancel,20915,,,1680003944
cancel,24999,,,1680003944
newOrder,19916,0,25281,1680003970
newOrder,20915,1,25281,1680003970
newOrder,11950,0,78273,1680003970
newOrder,24999,1,78273,1680003970
cancel,11950,,,1680004546
cancel,19916,,,1680004546
cancel,20915,,,1680004546
cancel,24999,,,1680004546
newOrder,19916,0,25295,1680004572
newOrder,20915,1,25295,1680004572
newOrder,11950,0,94766,1680004572
newOrder,24999,1,94766,1680004572
cancel,11950,,,1680005145
cancel,19916,,,1680005145
cancel,20915,,,1680005145
cancel,24999,,,1680005145
newOrder,19916,0,25310,1680005171
newOrder,20915,1,25310,1680005171
newOrder,11950,0,65040,1680005171
newOrder,24999,1,65040,1680005171