instruction,price,side,qty,time
cancel,11131,,,1679319436
cancel,18551,,,1679319436
cancel,20084,,,1679319436
cancel,24999,,,1679319436
newOrder,18551,0,17383,1679319453
newOrder,20084,1,17383,1679319453
newOrder,11131,0,69475,1679319453
newOrder,24999,1,69475,1679319453
cancel,11131,,,1679320037
cancel,18551,,,1679320037
cancel,20084,,,1679320037
cancel,24999,,,1679320037
newOrder,18551,0,17386,1679320052
newOrder,20084,1,17386,1679320052
newOrder,13004,0,49482,1679320052
newOrder,24999,1,49482,1679320052
cancel,13004,,,1679320637
cancel,18551,,,1679320637
cancel,20084,,,1679320637
cancel,24999,,,1679320637
newOrder,18551,0,17390,1679320652
newOrder,20084,1,17390,1679320652
newOrder,11131,0,90536,1679320652
newOrder,24999,1,90536,1679320652
cancel,11131,,,1679321237
cancel,18551,,,1679321237
cancel,20084,,,1679321237
cancel,24999,,,1679321237
newOrder,18539,0,17370,1679321254
newOrder,20084,1,17370,1679321254
newOrder,13005,0,38047,1679321254
newOrder,24999,1,38047,1679321254
cancel,13005,,,1679321837
cancel,18539,,,1679321837
cancel,20084,,,1679321837
cancel,24999,,,1679321837
newOrder,18539,0,17374,1679321852
newOrder,20084,1,17374,1679321852
newOrder,13004,0,53802,1679321852
newOrder,24999,1,53802,1679321852
cancel,13004,,,1679322437
cancel,18539,,,1679322437
cancel,20084,,,1679322437
cancel,24999,,,1679322437
newOrder,18539,0,17377,1679322451
newOrder,20084,1,17377,1679322451
newOrder,13004,0,50026,1679322451
newOrder,24999,1,50026,1679322451
cancel,13004,,,1679323036
cancel,18539,,,1679323036
cancel,20084,,,1679323036
cancel,24999,,,1679323036
newOrder,18539,0,17380,1679323052
newOrder,20084,1,17380,1679323052
newOrder,11123,0,84493,1679323052
newOrder,24999,1,84493,1679323052
cancel,11123,,,1679323637
cancel,18539,,,1679323637
cancel,20084,,,1679323637
cancel,24999,,,1679323637
newOrder,18550,0,17404,1679323652
newOrder,20084,1,17404,1679323652
newOrder,13004,0,52752,1679323652
newOrder,24999,1,52752,1679323652
cancel,13004,,,1679324237
cancel,18550,,,1679324237
cancel,20084,,,1679324237
cancel,24999,,,1679324237
newOrder,18550,0,17408,1679324252
newOrder,20084,1,17408,1679324252
newOrder,13005,0,27650,1679324252
newOrder,24999,1,27650,1679324252
cancel,13005,,,1679324837
cancel,18550,,,1679324837
cancel,20084,,,1679324837
cancel,24999,,,1679324837
newOrder,18550,0,17411,1679324852
newOrder,20084,1,17411,1679324852
newOrder,11130,0,78365,1679324852
newOrder,24999,1,78365,1679324852
cancel,11130,,,1679325056
cancel,18550,,,1679325056
cancel,20084,,,1679325056
cancel,24999,,,1679325056
newOrder,18465,0,17264,1679325062
newOrder,20092,1,17264,1679325062
newOrder,11079,0,87828,1679325062
newOrder,24999,1,87828,1679325062
cancel,11079,,,1679325080
cancel,18465,,,1679325080
cancel,20092,,,1679325080
cancel,24999,,,1679325080
newOrder,18372,0,17091,1679325088
newOrder,20100,1,17091,1679325088
newOrder,11023,0,59041,1679325088
newOrder,24999,1,59041,1679325088
cancel,11023,,,1679325436
cancel,18372,,,1679325436
cancel,20100,,,1679325436
cancel,24999,,,1679325436
newOrder,18550,0,17414,1679325452
newOrder,20084,1,17414,1679325452
newOrder,13005,0,21537,1679325452
newOrder,24999,1,21537,1679325452
cancel,13005,,,1679326037
cancel,18550,,,1679326037
cancel,20084,,,1679326037
cancel,24999,,,1679326037
newOrder,18550,0,17417,1679326051
newOrder,20084,1,17417,1679326051
newOrder,11130,0,91651,1679326051
newOrder,24999,1,91651,1679326051
cancel,11130,,,1679326636
cancel,18550,,,1679326636
cancel,20084,,,1679326636
cancel,24999,,,1679326636
newOrder,18550,0,17421,1679326652
newOrder,20084,1,17421,1679326652
newOrder,11130,0,88671,1679326652
newOrder,24999,1,88671,1679326652
cancel,11130,,,1679327237
cancel,18550,,,1679327237
cancel,20084,,,1679327237
cancel,24999,,,1679327237
newOrder,18550,0,17424,1679327253
newOrder,20084,1,17424,1679327253
newOrder,11130,0,86612,1679327253
newOrder,24999,1,86612,1679327253
cancel,11130,,,1679327837
cancel,18550,,,1679327837
cancel,20084,,,1679327837
cancel,24999,,,1679327837
newOrder,18550,0,17427,1679327851
newOrder,20084,1,17427,1679327851
newOrder,13004,0,42718,1679327851
newOrder,24999,1,42718,1679327851
cancel,13004,,,1679328437
cancel,18550,,,1679328437
cancel,20084,,,1679328437
cancel,24999,,,1679328437
newOrder,18555,0,17440,1679328454
newOrder,20084,1,17440,1679328454
newOrder,11133,0,88228,1679328454
newOrder,24999,1,88228,1679328454
cancel,11133,,,1679329037
cancel,18555,,,1679329037
cancel,20084,,,1679329037
cancel,24999,,,1679329037
newOrder,18589,0,17504,1679329052
newOrder,20084,1,17504,1679329052
newOrder,13005,0,32026,1679329052
newOrder,24999,1,32026,1679329052
cancel,13005,,,1679329637
cancel,18589,,,1679329637
cancel,20084,,,1679329637
cancel,24999,,,1679329637
newOrder,18589,0,17508,1679329653
newOrder,20084,1,17508,1679329653
newOrder,13005,0,33278,1679329653
newOrder,24999,1,33278,1679329653
cancel,13005,,,1679330237
cancel,18589,,,1679330237
cancel,20084,,,1679330237
cancel,24999,,,1679330237
newOrder,18589,0,17511,1679330252
newOrder,20084,1,17511,1679330252
newOrder,11154,0,69405,1679330252
newOrder,24999,1,69405,1679330252
cancel,11154,,,1679330837
cancel,18589,,,1679330837
cancel,20084,,,1679330837
cancel,24999,,,1679330837
newOrder,18589,0,17515,1679330853
newOrder,20084,1,17515,1679330853
newOrder,13005,0,37446,1679330853
newOrder,24999,1,37446,1679330853
cancel,13005,,,1679331110
cancel,18589,,,1679331110
cancel,20084,,,1679331110
cancel,24999,,,1679331110
newOrder,18503,0,17372,1679331117
newOrder,20092,1,17372,1679331117
newOrder,13004,0,55265,1679331117
newOrder,24999,1,55265,1679331117
cancel,13004,,,1679331146
cancel,18503,,,1679331146
cancel,20092,,,1679331146
cancel,24999,,,1679331146
newOrder,18410,0,17201,1679331155
newOrder,20100,1,17201,1679331155
newOrder,11046,0,72268,1679331155
newOrder,24999,1,72268,1679331155
cancel,11046,,,1679331186
cancel,18410,,,1679331186
cancel,20100,,,1679331186
cancel,24999,,,1679331186
newOrder,18310,0,17002,1679331192
newOrder,20109,1,17002,1679331192
newOrder,10986,0,73645,1679331192
newOrder,24999,1,73645,1679331192
cancel,10986,,,1679331437
cancel,18310,,,1679331437
cancel,20109,,,1679331437
cancel,24999,,,1679331437
newOrder,18589,0,17518,1679331455
newOrder,20084,1,17518,1679331455
newOrder,11154,0,63159,1679331455
newOrder,24999,1,63159,1679331455
cancel,11154,,,1679332037
cancel,18589,,,1679332037
cancel,20084,,,1679332037
cancel,24999,,,1679332037
newOrder,18589,0,17521,1679332053
newOrder,20084,1,17521,1679332053
newOrder,11154,0,92202,1679332053
newOrder,24999,1,92202,1679332053
cancel,11154,,,1679332636
cancel,18589,,,1679332636
cancel,20084,,,1679332636
cancel,24999,,,1679332636
newOrder,18589,0,17525,1679332651
newOrder,20084,1,17525,1679332651
newOrder,13005,0,28200,1679332651
newOrder,24999,1,28200,1679332651
cancel,13005,,,1679333237
cancel,18589,,,1679333237
cancel,20084,,,1679333237
cancel,24999,,,1679333237
newOrder,18589,0,17528,1679333252
newOrder,20084,1,17528,1679333252
newOrder,11154,0,90378,1679333252
newOrder,24999,1,90378,1679333252
cancel,11154,,,1679333837
cancel,18589,,,1679333837
cancel,20084,,,1679333837
cancel,24999,,,1679333837
newOrder,18589,0,17532,1679333853
newOrder,20084,1,17532,1679333853
newOrder,13004,0,51753,1679333853
newOrder,24999,1,51753,1679333853
cancel,13004,,,1679334437
cancel,18589,,,1679334437
cancel,20084,,,1679334437
cancel,24999,,,1679334437
newOrder,18589,0,17535,1679334452
newOrder,20084,1,17535,1679334452
newOrder,13004,0,53453,1679334452
newOrder,24999,1,53453,1679334452
cancel,13004,,,1679335038
cancel,18589,,,1679335038
cancel,20084,,,1679335038
cancel,24999,,,1679335038
newOrder,18589,0,17539,1679335050
newOrder,20084,1,17539,1679335050
newOrder,11154,0,61023,1679335050
newOrder,24999,1,61023,1679335050
cancel,11154,,,1679335638
cancel,18589,,,1679335638
cancel,20084,,,1679335638
cancel,24999,,,1679335638
newOrder,18589,0,17542,1679335653
newOrder,20084,1,17542,1679335653
newOrder,11154,0,59545,1679335653
newOrder,24999,1,59545,1679335653
cancel,11154,,,1679336237
cancel,18589,,,1679336237
cancel,20084,,,1679336237
cancel,24999,,,1679336237
newOrder,18589,0,17545,1679336253
newOrder,20084,1,17545,1679336253
newOrder,11154,0,71351,1679336253
newOrder,24999,1,71351,1679336253
cancel,11154,,,1679336838
cancel,18589,,,1679336838
cancel,20084,,,1679336838
cancel,24999,,,1679336838
newOrder,18589,0,17549,1679336853
newOrder,20084,1,17549,1679336853
newOrder,11154,0,87499,1679336853
newOrder,24999,1,87499,1679336853
cancel,11154,,,1679337437
cancel,18589,,,1679337437
cancel,20084,,,1679337437
cancel,24999,,,1679337437
newOrder,18817,0,17913,1679337451
newOrder,20084,1,17913,1679337451
newOrder,11290,0,66529,1679337451
newOrder,24999,1,66529,1679337451
cancel,11290,,,1679338037
cancel,18817,,,1679338037
cancel,20084,,,1679338037
cancel,24999,,,1679338037
newOrder,18817,0,17916,1679338052
newOrder,20084,1,17916,1679338052
newOrder,13005,0,16817,1679338052
newOrder,22584,1,16817,1679338052
cancel,13005,,,1679338637
cancel,18817,,,1679338637
cancel,20084,,,1679338637
cancel,22584,,,1679338637
newOrder,18817,0,17920,1679338651
newOrder,20084,1,17920,1679338651
newOrder,11290,0,68216,1679338651
newOrder,24999,1,68216,1679338651
cancel,11290,,,1679339237
cancel,18817,,,1679339237
cancel,20084,,,1679339237
cancel,24999,,,1679339237
newOrder,18817,0,17924,1679339251
newOrder,20084,1,17924,1679339251
newOrder,11290,0,74951,1679339251
newOrder,24999,1,74951,1679339251
cancel,11290,,,1679339837
cancel,18817,,,1679339837
cancel,20084,,,1679339837
cancel,24999,,,1679339837
newOrder,18817,0,17928,1679339851
newOrder,20084,1,17928,1679339851
newOrder,11290,0,85768,1679339851
newOrder,24999,1,85768,1679339851
cancel,11290,,,1679340437
cancel,18817,,,1679340437
cancel,20084,,,1679340437
cancel,24999,,,1679340437
newOrder,18817,0,17932,1679340452
newOrder,20084,1,17932,1679340452
newOrder,13004,0,46978,1679340452
newOrder,24999,1,46978,1679340452
cancel,13004,,,1679341039
cancel,18817,,,1679341039
cancel,20084,,,1679341039
cancel,24999,,,1679341039
newOrder,18817,0,17936,1679341060
newOrder,20084,1,17936,1679341060
newOrder,13005,0,24088,1679341060
newOrder,24999,1,24088,1679341060
cancel,13005,,,1679341636
cancel,18817,,,1679341636
cancel,20084,,,1679341636
cancel,24999,,,1679341636
newOrder,18817,0,17939,1679341651
newOrder,20084,1,17939,1679341651
newOrder,13004,0,45937,1679341651
newOrder,24999,1,45937,1679341651
cancel,13004,,,1679342236
cancel,18817,,,1679342236
cancel,20084,,,1679342236
cancel,24999,,,1679342236
newOrder,18817,0,17943,1679342251
newOrder,20084,1,17943,1679342251
newOrder,13004,0,54672,1679342251
newOrder,24999,1,54672,1679342251
cancel,13004,,,1679342837
cancel,18817,,,1679342837
cancel,20084,,,1679342837
cancel,24999,,,1679342837
newOrder,18817,0,17947,1679342855
newOrder,20084,1,17947,1679342855
newOrder,13005,0,34353,1679342855
newOrder,24999,1,34353,1679342855
cancel,13005,,,1679343438
cancel,18817,,,1679343438
cancel,20084,,,1679343438
cancel,24999,,,1679343438
newOrder,18817,0,17951,1679343452
newOrder,20084,1,17951,1679343452
newOrder,11290,0,76776,1679343452
newOrder,24999,1,76776,1679343452
cancel,11290,,,1679344037
cancel,18817,,,1679344037
cancel,20084,,,1679344037
cancel,24999,,,1679344037
newOrder,18817,0,17955,1679344051
newOrder,20084,1,17955,1679344051
newOrder,13005,0,20430,1679344051
newOrder,24999,1,20430,1679344051
cancel,13005,,,1679344639
cancel,18817,,,1679344639
cancel,20084,,,1679344639
cancel,24999,,,1679344639
newOrder,18768,0,17889,1679344653
newOrder,20084,1,17889,1679344653
newOrder,13004,0,49007,1679344653
newOrder,24999,1,49007,1679344653
cancel,13004,,,1679345237
cancel,18768,,,1679345237
cancel,20084,,,1679345237
cancel,24999,,,1679345237
newOrder,18768,0,17892,1679345252
newOrder,20084,1,17892,1679345252
newOrder,11261,0,73820,1679345252
newOrder,24999,1,73820,1679345252
cancel,11261,,,1679345837
cancel,18768,,,1679345837
cancel,20084,,,1679345837
cancel,24999,,,1679345837
newOrder,18640,0,17690,1679345851
newOrder,20084,1,17690,1679345851
newOrder,13005,0,30758,1679345851
newOrder,24999,1,30758,1679345851
cancel,13005,,,1679346437
cancel,18640,,,1679346437
cancel,20084,,,1679346437
cancel,24999,,,1679346437
newOrder,18640,0,17694,1679346453
newOrder,20084,1,17694,1679346453
newOrder,11184,0,76388,1679346453
newOrder,24999,1,76388,1679346453
cancel,11184,,,1679347037
cancel,18640,,,1679347037
cancel,20084,,,1679347037
cancel,24999,,,1679347037
newOrder,18613,0,17650,1679347053
newOrder,20084,1,17650,1679347053
newOrder,11168,0,81095,1679347053
newOrder,24999,1,81095,1679347053
cancel,11168,,,1679347637
cancel,18613,,,1679347637
cancel,20084,,,1679347637
cancel,24999,,,1679347637
newOrder,18640,0,17701,1679347650
newOrder,20084,1,17701,1679347650
newOrder,13005,0,42650,1679347650
newOrder,24999,1,42650,1679347650
cancel,13005,,,1679348237
cancel,18640,,,1679348237
cancel,20084,,,1679348237
cancel,24999,,,1679348237
newOrder,18640,0,17704,1679348253
newOrder,20084,1,17704,1679348253
newOrder,13004,0,56080,1679348253
newOrder,24999,1,56080,1679348253
cancel,13004,,,1679348838
cancel,18640,,,1679348838
cancel,20084,,,1679348838
cancel,24999,,,1679348838
newOrder,18640,0,17708,1679348853
newOrder,20084,1,17708,1679348853
newOrder,11184,0,60445,1679348853
newOrder,24999,1,60445,1679348853
cancel,11184,,,1679349437
cancel,18640,,,1679349437
cancel,20084,,,1679349437
cancel,24999,,,1679349437
newOrder,18640,0,17711,1679349452
newOrder,20084,1,17711,1679349452
newOrder,11184,0,60057,1679349452
newOrder,24999,1,60057,1679349452
cancel,11184,,,1679350037
cancel,18640,,,1679350037
cancel,20084,,,1679350037
cancel,24999,,,1679350037
newOrder,18640,0,17715,1679350051
newOrder,20084,1,17715,1679350051
newOrder,11184,0,50447,1679350051
newOrder,24999,1,50447,1679350051
cancel,11184,,,1679350637
cancel,18640,,,1679350637
cancel,20084,,,1679350637
cancel,24999,,,1679350637
newOrder,18640,0,17718,1679350652
newOrder,20084,1,17718,1679350652
newOrder,11184,0,43004,1679350652
newOrder,24999,1,43004,1679350652
cancel,11184,,,1679351237
cancel,18640,,,1679351237
cancel,20084,,,1679351237
cancel,24999,,,1679351237
newOrder,18640,0,17722,1679351247
newOrder,20084,1,17722,1679351247
newOrder,13004,0,25538,1679351247
newOrder,24999,1,25538,1679351247
cancel,13004,,,1679351837
cancel,18640,,,1679351837
cancel,20084,,,1679351837
cancel,24999,,,1679351837
newOrder,18612,0,17677,1679351851
newOrder,20084,1,17677,1679351851
newOrder,11167,0,94833,1679351851
newOrder,24999,1,94833,1679351851
cancel,11167,,,1679352437
cancel,18612,,,1679352437
cancel,20084,,,1679352437
cancel,24999,,,1679352437
newOrder,18665,0,17773,1679352452
newOrder,20084,1,17773,1679352452
newOrder,13004,0,24868,1679352452
newOrder,24999,1,24868,1679352452
cancel,13004,,,1679353037
cancel,18665,,,1679353037
cancel,20084,,,1679353037
cancel,24999,,,1679353037
newOrder,18877,0,18095,1679353052
newOrder,20084,1,18095,1679353052
newOrder,13004,0,23992,1679353052
newOrder,24999,1,23992,1679353052
cancel,13004,,,1679353638
cancel,18877,,,1679353638
cancel,20084,,,1679353638
cancel,24999,,,1679353638
newOrder,18877,0,18099,1679353652
newOrder,20084,1,18099,1679353652
newOrder,11326,0,83859,1679353652
newOrder,24999,1,83859,1679353652
cancel,11326,,,1679354237
cancel,18877,,,1679354237
cancel,20084,,,1679354237
cancel,24999,,,1679354237
newOrder,18877,0,18103,1679354252
newOrder,20084,1,18103,1679354252
newOrder,11326,0,45211,1679354252
newOrder,24999,1,45211,1679354252
cancel,11326,,,1679354837
cancel,18877,,,1679354837
cancel,20084,,,1679354837
cancel,24999,,,1679354837
newOrder,18877,0,18107,1679354851
newOrder,20084,1,18107,1679354851
newOrder,11326,0,51449,1679354851
newOrder,24999,1,51449,1679354851
cancel,11326,,,1679355437
cancel,18877,,,1679355437
cancel,20084,,,1679355437
cancel,24999,,,1679355437
newOrder,18878,0,18111,1679355452
newOrder,20084,1,18111,1679355452
newOrder,11327,0,44118,1679355452
newOrder,24999,1,44118,1679355452
cancel,11327,,,1679356037
cancel,18878,,,1679356037
cancel,20084,,,1679356037
cancel,24999,,,1679356037
newOrder,18878,0,18115,1679356051
newOrder,20084,1,18115,1679356051
newOrder,13004,0,15344,1679356051
newOrder,22584,1,15344,1679356051
cancel,13004,,,1679356636
cancel,18878,,,1679356636
cancel,20084,,,1679356636
cancel,22584,,,1679356636
newOrder,18878,0,18119,1679356651
newOrder,20084,1,18119,1679356651
newOrder,13004,0,13083,1679356651
newOrder,22584,1,13083,1679356651
cancel,13004,,,1679357237
cancel,18878,,,1679357237
cancel,20084,,,1679357237
cancel,22584,,,1679357237
newOrder,18878,0,18123,1679357252
newOrder,20084,1,18123,1679357252
newOrder,11327,0,61175,1679357252
newOrder,24999,1,61175,1679357252
cancel,11327,,,1679357838
cancel,18878,,,1679357838
cancel,20084,,,1679357838
cancel,24999,,,1679357838
newOrder,18878,0,18127,1679357853
newOrder,20084,1,18127,1679357853
newOrder,13004,0,16938,1679357853
newOrder,22584,1,16938,1679357853
cancel,13004,,,1679358437
cancel,18878,,,1679358437
cancel,20084,,,1679358437
cancel,22584,,,1679358437
newOrder,18878,0,18131,1679358451
newOrder,20084,1,18131,1679358451
newOrder,11327,0,91625,1679358451
newOrder,24999,1,91625,1679358451
cancel,11327,,,1679359036
cancel,18878,,,1679359036
cancel,20084,,,1679359036
cancel,24999,,,1679359036
newOrder,18878,0,18135,1679359051
newOrder,20084,1,18135,1679359051
newOrder,11327,0,68351,1679359051
newOrder,24999,1,68351,1679359051
cancel,11327,,,1679359637
cancel,18878,,,1679359637
cancel,20084,,,1679359637
cancel,24999,,,1679359637
newOrder,18878,0,18139,1679359652
newOrder,20084,1,18139,1679359652
newOrder,11327,0,46057,1679359652
newOrder,24999,1,46057,1679359652
cancel,11327,,,1679360237
cancel,18878,,,1679360237
cancel,20084,,,1679360237
cancel,24999,,,1679360237
newOrder,18878,0,18143,1679360252
newOrder,20084,1,18143,1679360252
newOrder,13004,0,21125,1679360252
newOrder,24999,1,21125,1679360252
cancel,13004,,,1679360836
cancel,18878,,,1679360836
cancel,20084,,,1679360836
cancel,24999,,,1679360836
newOrder,18862,0,18126,1679360851
newOrder,20084,1,18126,1679360851
newOrder,13004,0,31173,1679360851
newOrder,24999,1,31173,1679360851
cancel,13004,,,1679361437
cancel,18862,,,1679361437
cancel,20084,,,1679361437
cancel,24999,,,1679361437
newOrder,18862,0,18130,1679361453
newOrder,20084,1,18130,1679361453
newOrder,11317,0,45465,1679361453
newOrder,24999,1,45465,1679361453
cancel,11317,,,1679362037
cancel,18862,,,1679362037
cancel,20084,,,1679362037
cancel,24999,,,1679362037
newOrder,18862,0,18134,1679362054
newOrder,20084,1,18134,1679362054
newOrder,11317,0,60795,1679362054
newOrder,24999,1,60795,1679362054
cancel,11317,,,1679362637
cancel,18862,,,1679362637
cancel,20084,,,1679362637
cancel,24999,,,1679362637
newOrder,18862,0,18138,1679362651
newOrder,20084,1,18138,1679362651
newOrder,11317,0,88092,1679362651
newOrder,24999,1,88092,1679362651
cancel,11317,,,1679363237
cancel,18862,,,1679363237
cancel,20084,,,1679363237
cancel,24999,,,1679363237
newOrder,18862,0,18142,1679363251
newOrder,20084,1,18142,1679363251
newOrder,11317,0,35475,1679363251
newOrder,24999,1,35475,1679363251
cancel,11317,,,1679363837
cancel,18862,,,1679363837
cancel,20084,,,1679363837
cancel,24999,,,1679363837
newOrder,18862,0,18146,1679363852
newOrder,20084,1,18146,1679363852
newOrder,11317,0,81871,1679363852
newOrder,24999,1,81871,1679363852
cancel,11317,,,1679364437
cancel,18862,,,1679364437
cancel,20084,,,1679364437
cancel,24999,,,1679364437
newOrder,18862,0,18150,1679364453
newOrder,20084,1,18150,1679364453
newOrder,11317,0,55161,1679364453
newOrder,24999,1,55161,1679364453
cancel,11317,,,1679365037
cancel,18862,,,1679365037
cancel,20084,,,1679365037
cancel,24999,,,1679365037
newOrder,18862,0,18154,1679365054
newOrder,20084,1,18154,1679365054
newOrder,11317,0,91316,1679365054
newOrder,24999,1,91316,1679365054
cancel,11317,,,1679365638
cancel,18862,,,1679365638
cancel,20084,,,1679365638
cancel,24999,,,1679365638
newOrder,18870,0,18169,1679365653
newOrder,20084,1,18169,1679365653
newOrder,11322,0,45876,1679365653
newOrder,24999,1,45876,1679365653
cancel,11322,,,1679366237
cancel,18870,,,1679366237
cancel,20084,,,1679366237
cancel,24999,,,1679366237
newOrder,18870,0,18173,1679366251
newOrder,20084,1,18173,1679366251
newOrder,11322,0,79676,1679366251
newOrder,24999,1,79676,1679366251
cancel,11322,,,1679366837
cancel,18870,,,1679366837
cancel,20084,,,1679366837
cancel,24999,,,1679366837
newOrder,18870,0,18177,1679366852
newOrder,20084,1,18177,1679366852
newOrder,11322,0,90343,1679366852
newOrder,24999,1,90343,1679366852
cancel,11322,,,1679367437
cancel,18870,,,1679367437
cancel,20084,,,1679367437
cancel,24999,,,1679367437
newOrder,18870,0,18181,1679367451
newOrder,20084,1,18181,1679367451
newOrder,11322,0,46595,1679367451
newOrder,24999,1,46595,1679367451
cancel,11322,,,1679368037
cancel,18870,,,1679368037
cancel,20084,,,1679368037
cancel,24999,,,1679368037
newOrder,18870,0,18185,1679368052
newOrder,20084,1,18185,1679368052
newOrder,11322,0,53161,1679368052
newOrder,24999,1,53161,1679368052
cancel,11322,,,1679368637
cancel,18870,,,1679368637
cancel,20084,,,1679368637
cancel,24999,,,1679368637
newOrder,18870,0,18189,1679368652
newOrder,20084,1,18189,1679368652
newOrder,13004,0,12342,1679368652
newOrder,22584,1,12342,1679368652
cancel,13004,,,1679369237
cancel,18870,,,1679369237
cancel,20084,,,1679369237
cancel,22584,,,1679369237
newOrder,18870,0,18193,1679369252
newOrder,20084,1,18193,1679369252
newOrder,11322,0,43000,1679369252
newOrder,24999,1,43000,1679369252
cancel,11322,,,1679369837
cancel,18870,,,1679369837
cancel,20084,,,1679369837
cancel,24999,,,1679369837
newOrder,18870,0,18197,1679369853
newOrder,20084,1,18197,1679369853
newOrder,11322,0,52820,1679369853
newOrder,24999,1,52820,1679369853
cancel,11322,,,1679370437
cancel,18870,,,1679370437
cancel,20084,,,1679370437
cancel,24999,,,1679370437
newOrder,18870,0,18201,1679370458
newOrder,20084,1,18201,1679370458
newOrder,11322,0,39627,1679370458
newOrder,24999,1,39627,1679370458
cancel,11322,,,1679371036
cancel,18870,,,1679371036
cancel,20084,,,1679371036
cancel,24999,,,1679371036
newOrder,18870,0,18205,1679371051
newOrder,20084,1,18205,1679371051
newOrder,13004,0,16432,1679371051
newOrder,22584,1,16432,1679371051
cancel,13004,,,1679371638
cancel,18870,,,1679371638
cancel,20084,,,1679371638
cancel,22584,,,1679371638
newOrder,18870,0,18209,1679371653
newOrder,20084,1,18209,1679371653
newOrder,11322,0,49347,1679371653
newOrder,24999,1,49347,1679371653
cancel,11322,,,1679372237
cancel,18870,,,1679372237
cancel,20084,,,1679372237
cancel,24999,,,1679372237
newOrder,18870,0,18213,1679372251
newOrder,20084,1,18213,1679372251
newOrder,11322,0,67277,1679372251
newOrder,24999,1,67277,1679372251
cancel,11322,,,1679372837
cancel,18870,,,1679372837
cancel,20084,,,1679372837
cancel,24999,,,1679372837
newOrder,18870,0,18217,1679372851
newOrder,20084,1,18217,1679372851
newOrder,11322,0,59779,1679372851
newOrder,24999,1,59779,1679372851
cancel,11322,,,1679373437
cancel,18870,,,1679373437
cancel,20084,,,1679373437
cancel,24999,,,1679373437
newOrder,18870,0,18221,1679373451
newOrder,20084,1,18221,1679373451
newOrder,11322,0,71249,1679373451
newOrder,24999,1,71249,1679373451
cancel,11322,,,1679374036
cancel,18870,,,1679374036
cancel,20084,,,1679374036
cancel,24999,,,1679374036
newOrder,18870,0,18225,1679374051
newOrder,20084,1,18225,1679374051
newOrder,11322,0,58411,1679374051
newOrder,24999,1,58411,1679374051
cancel,11322,,,1679374637
cancel,18870,,,1679374637
cancel,20084,,,1679374637
cancel,24999,,,1679374637
newOrder,18870,0,18229,1679374657
newOrder,20084,1,18229,1679374657
newOrder,13004,0,21696,1679374657
newOrder,24999,1,21696,1679374657
cancel,13004,,,1679375238
cancel,18870,,,1679375238
cancel,20084,,,1679375238
cancel,24999,,,1679375238
newOrder,18870,0,18234,1679375253
newOrder,20084,1,18234,1679375253
newOrder,11322,0,34820,1679375253
newOrder,24999,1,34820,1679375253
cancel,11322,,,1679375837
cancel,18870,,,1679375837
cancel,20084,,,1679375837
cancel,24999,,,1679375837
newOrder,18870,0,18238,1679375852
newOrder,20084,1,18238,1679375852
newOrder,13004,0,22694,1679375852
newOrder,24999,1,22694,1679375852
cancel,13004,,,1679376436
cancel,18870,,,1679376436
cancel,20084,,,1679376436
cancel,24999,,,1679376436
newOrder,18870,0,18242,1679376451
newOrder,20084,1,18242,1679376451
newOrder,11322,0,86883,1679376451
newOrder,24999,1,86883,1679376451
cancel,11322,,,1679377037
cancel,18870,,,1679377037
cancel,20084,,,1679377037
cancel,24999,,,1679377037
newOrder,18870,0,18246,1679377051
newOrder,20084,1,18246,1679377051
newOrder,13004,0,30821,1679377051
newOrder,24999,1,30821,1679377051
cancel,13004,,,1679377637
cancel,18870,,,1679377637
cancel,20084,,,1679377637
cancel,24999,,,1679377637
newOrder,18870,0,18250,1679377652
newOrder,20084,1,18250,1679377652
newOrder,11322,0,96228,1679377652
newOrder,24999,1,96228,1679377652
cancel,11322,,,1679378237
cancel,18870,,,1679378237
cancel,20084,,,1679378237
cancel,24999,,,1679378237
newOrder,18870,0,18254,1679378251
newOrder,20084,1,18254,1679378251
newOrder,13004,0,31903,1679378251
newOrder,24999,1,31903,1679378251
cancel,13004,,,1679378836
cancel,18870,,,1679378836
cancel,20084,,,1679378836
cancel,24999,,,1679378836
newOrder,18870,0,18258,1679378851
newOrder,20084,1,18258,1679378851
newOrder,11322,0,39180,1679378851
newOrder,24999,1,39180,1679378851
cancel,11322,,,1679379437
cancel,18870,,,1679379437
cancel,20084,,,1679379437
cancel,24999,,,1679379437
newOrder,18870,0,18262,1679379451
newOrder,20084,1,18262,1679379451
newOrder,13004,0,14277,1679379451
newOrder,22584,1,14277,1679379451
cancel,13004,,,1679380037
cancel,18870,,,1679380037
cancel,20084,,,1679380037
cancel,22584,,,1679380037
newOrder,18870,0,18266,1679380051
newOrder,20084,1,18266,1679380051
newOrder,13004,0,18770,1679380051
newOrder,24999,1,18770,1679380051
cancel,13004,,,1679380636
cancel,18870,,,1679380636
cancel,20084,,,1679380636
cancel,24999,,,1679380636
newOrder,18870,0,18270,1679380651
newOrder,20084,1,18270,1679380651
newOrder,11322,0,48019,1679380651
newOrder,24999,1,48019,1679380651
cancel,11322,,,1679381237
cancel,18870,,,1679381237
cancel,20084,,,1679381237
cancel,24999,,,1679381237
newOrder,18870,0,18275,1679381254
newOrder,20084,1,18275,1679381254
newOrder,11322,0,95134,1679381254
newOrder,24999,1,95134,1679381254
cancel,11322,,,1679381837
cancel,18870,,,1679381837
cancel,20084,,,1679381837
cancel,24999,,,1679381837
newOrder,18870,0,18279,1679381852
newOrder,20084,1,18279,1679381852
newOrder,11322,0,49072,1679381852
newOrder,24999,1,49072,1679381852
cancel,11322,,,1679382437
cancel,18870,,,1679382437
cancel,20084,,,1679382437
cancel,24999,,,1679382437
newOrder,18870,0,18283,1679382453
newOrder,20084,1,18283,1679382453
newOrder,11322,0,78839,1679382453
newOrder,24999,1,78839,1679382453
cancel,11322,,,1679383036
cancel,18870,,,1679383036
cancel,20084,,,1679383036
cancel,24999,,,1679383036
newOrder,18870,0,18287,1679383051
newOrder,20084,1,18287,1679383051
newOrder,11322,0,41461,1679383051
newOrder,24999,1,41461,1679383051
cancel,11322,,,1679383637
cancel,18870,,,1679383637
cancel,20084,,,1679383637
cancel,24999,,,1679383637
newOrder,18870,0,18291,1679383651
newOrder,20084,1,18291,1679383651
newOrder,13004,0,24416,1679383651
newOrder,24999,1,24416,1679383651
cancel,13004,,,1679384237
cancel,18870,,,1679384237
cancel,20084,,,1679384237
cancel,24999,,,1679384237
newOrder,18870,0,18295,1679384252
newOrder,20084,1,18295,1679384252
newOrder,11322,0,81201,1679384252
newOrder,24999,1,81201,1679384252
cancel,11322,,,1679384837
cancel,18870,,,1679384837
cancel,20084,,,1679384837
cancel,24999,,,1679384837
newOrder,18870,0,18299,1679384851
newOrder,20084,1,18299,1679384851
newOrder,11322,0,41606,1679384851
newOrder,24999,1,41606,1679384851
cancel,11322,,,1679385436
cancel,18870,,,1679385436
cancel,20084,,,1679385436
cancel,24999,,,1679385436
newOrder,18870,0,18303,1679385451
newOrder,20084,1,18303,1679385451
newOrder,13004,0,31637,1679385451
newOrder,24999,1,31637,1679385451
cancel,13004,,,1679386037
cancel,18870,,,1679386037
cancel,20084,,,1679386037
cancel,24999,,,1679386037
newOrder,18870,0,18308,1679386051
newOrder,20084,1,18308,1679386051
newOrder,11322,0,41101,1679386051
newOrder,24999,1,41101,1679386051
cancel,11322,,,1679386638
cancel,18870,,,1679386638
cancel,20084,,,1679386638
cancel,24999,,,1679386638
newOrder,18870,0,18312,1679386652
newOrder,20084,1,18312,1679386652
newOrder,13003,0,33792,1679386652
newOrder,24999,1,33792,1679386652
cancel,13003,,,1679387237
cancel,18870,,,1679387237
cancel,20084,,,1679387237
cancel,24999,,,1679387237
newOrder,18870,0,18316,1679387251
newOrder,20084,1,18316,1679387251
newOrder,11322,0,68797,1679387251
newOrder,24999,1,68797,1679387251
cancel,11322,,,1679387838
cancel,18870,,,1679387838
cancel,20084,,,1679387838
cancel,24999,,,1679387838
newOrder,18870,0,18320,1679387853
newOrder,20084,1,18320,1679387853
newOrder,11322,0,97848,1679387853
newOrder,24999,1,97848,1679387853
cancel,11322,,,1679388437
cancel,18870,,,1679388437
cancel,20084,,,1679388437
cancel,24999,,,1679388437
newOrder,18870,0,18324,1679388451
newOrder,20084,1,18324,1679388451
newOrder,11322,0,63475,1679388451
newOrder,24999,1,63475,1679388451
cancel,11322,,,1679389037
cancel,18870,,,1679389037
cancel,20084,,,1679389037
cancel,24999,,,1679389037
newOrder,18870,0,18328,1679389051
newOrder,20084,1,18328,1679389051
newOrder,11322,0,82978,1679389051
newOrder,24999,1,82978,1679389051
cancel,11322,,,1679389637
cancel,18870,,,1679389637
cancel,20084,,,1679389637
cancel,24999,,,1679389637
newOrder,18870,0,18332,1679389652
newOrder,20084,1,18332,1679389652
newOrder,11322,0,85096,1679389652
newOrder,24999,1,85096,1679389652
cancel,11322,,,1679390237
cancel,18870,,,1679390237
cancel,20084,,,1679390237
cancel,24999,,,1679390237
newOrder,18870,0,18337,1679390251
newOrder,20084,1,18337,1679390251
newOrder,11322,0,62794,1679390251
newOrder,24999,1,62794,1679390251
cancel,11322,,,1679390836
cancel,18870,,,1679390836
cancel,20084,,,1679390836
cancel,24999,,,1679390836
newOrder,18867,0,18336,1679390851
newOrder,20084,1,18336,1679390851
newOrder,11320,0,55990,1679390851
newOrder,24999,1,55990,1679390851
cancel,11320,,,1679391437
cancel,18867,,,1679391437
cancel,20084,,,1679391437
cancel,24999,,,1679391437
newOrder,18867,0,18341,1679391451
newOrder,20084,1,18341,1679391451
newOrder,13004,0,22295,1679391451
newOrder,24999,1,22295,1679391451
cancel,13004,,,1679392037
cancel,18867,,,1679392037
cancel,20084,,,1679392037
cancel,24999,,,1679392037
newOrder,18867,0,18345,1679392053
newOrder,20084,1,18345,1679392053
newOrder,13004,0,27103,1679392053
newOrder,24999,1,27103,1679392053
cancel,13004,,,1679392637
cancel,18867,,,1679392637
cancel,20084,,,1679392637
cancel,24999,,,1679392637
newOrder,18867,0,18349,1679392652
newOrder,20084,1,18349,1679392652
newOrder,11320,0,61345,1679392652
newOrder,24999,1,61345,1679392652
cancel,11320,,,1679393237
cancel,18867,,,1679393237
cancel,20084,,,1679393237
cancel,24999,,,1679393237
newOrder,18867,0,18353,1679393253
newOrder,20084,1,18353,1679393253
newOrder,13004,0,19851,1679393253
newOrder,24999,1,19851,1679393253
cancel,13004,,,1679393837
cancel,18867,,,1679393837
cancel,20084,,,1679393837
cancel,24999,,,1679393837
newOrder,18867,0,18357,1679393852
newOrder,20084,1,18357,1679393852
newOrder,11320,0,95364,1679393852
newOrder,24999,1,95364,1679393852
cancel,11320,,,1679394437
cancel,18867,,,1679394437
cancel,20084,,,1679394437
cancel,24999,,,1679394437
newOrder,18867,0,18361,1679394452
newOrder,20084,1,18361,1679394452
newOrder,11320,0,58079,1679394452
newOrder,24999,1,58079,1679394452
cancel,11320,,,1679395037
cancel,18867,,,1679395037
cancel,20084,,,1679395037
cancel,24999,,,1679395037
newOrder,18867,0,18366,1679395052
newOrder,20084,1,18366,1679395052
newOrder,11320,0,51991,1679395052
newOrder,24999,1,51991,1679395052
cancel,11320,,,1679395637
cancel,18867,,,1679395637
cancel,20084,,,1679395637
cancel,24999,,,1679395637
newOrder,18867,0,18370,1679395651
newOrder,20084,1,18370,1679395651
newOrder,11320,0,71484,1679395651
newOrder,24999,1,71484,1679395651
cancel,11320,,,1679396237
cancel,18867,,,1679396237
cancel,20084,,,1679396237
cancel,24999,,,1679396237
newOrder,18867,0,18374,1679396251
newOrder,20084,1,18374,1679396251
newOrder,11320,0,80600,1679396251
newOrder,24999,1,80600,1679396251
cancel,11320,,,1679396838
cancel,18867,,,1679396838
cancel,20084,,,1679396838
cancel,24999,,,1679396838
newOrder,18867,0,18378,1679396852
newOrder,20084,1,18378,1679396852
newOrder,11320,0,63530,1679396852
newOrder,24999,1,63530,1679396852
cancel,11320,,,1679397437
cancel,18867,,,1679397437
cancel,20084,,,1679397437
cancel,24999,,,1679397437
newOrder,18867,0,18382,1679397453
newOrder,20084,1,18382,1679397453
newOrder,11320,0,87112,1679397453
newOrder,24999,1,87112,1679397453
cancel,11320,,,1679398037
cancel,18867,,,1679398037
cancel,20084,,,1679398037
cancel,24999,,,1679398037
newOrder,18867,0,18386,1679398052
newOrder,20084,1,18386,1679398052
newOrder,11320,0,51820,1679398052
newOrder,24999,1,51820,1679398052
cancel,11320,,,1679398637
cancel,18867,,,1679398637
cancel,20084,,,1679398637
cancel,24999,,,1679398637
newOrder,18867,0,18391,1679398651
newOrder,20084,1,18391,1679398651
newOrder,11320,0,66260,1679398651
newOrder,24999,1,66260,1679398651
cancel,11320,,,1679399238
cancel,18867,,,1679399238
cancel,20084,,,1679399238
cancel,24999,,,1679399238
newOrder,18750,0,18213,1679399252
newOrder,20084,1,18213,1679399252
newOrder,13004,0,20581,1679399252
newOrder,24999,1,20581,1679399252
cancel,13004,,,1679399836
cancel,18750,,,1679399836
cancel,20084,,,1679399836
cancel,24999,,,1679399836
newOrder,18750,0,18217,1679399852
newOrder,20084,1,18217,1679399852
newOrder,11250,0,53139,1679399852
newOrder,24999,1,53139,1679399852
cancel,11250,,,1679400437
cancel,18750,,,1679400437
cancel,20084,,,1679400437
cancel,24999,,,1679400437
newOrder,18750,0,18221,1679400453
newOrder,20084,1,18221,1679400453
newOrder,11250,0,92713,1679400453
newOrder,24999,1,92713,1679400453
cancel,11250,,,1679401038
cancel,18750,,,1679401038
cancel,20084,,,1679401038
cancel,24999,,,1679401038
newOrder,18750,0,18225,1679401053
newOrder,20084,1,18225,1679401053
newOrder,11250,0,73201,1679401053
newOrder,24999,1,73201,1679401053
cancel,11250,,,1679401637
cancel,18750,,,1679401637
cancel,20084,,,1679401637
cancel,24999,,,1679401637
newOrder,18750,0,18229,1679401652
newOrder,20084,1,18229,1679401652
newOrder,13004,0,11903,1679401652
newOrder,22584,1,11903,1679401652
cancel,13004,,,1679402237
cancel,18750,,,1679402237
cancel,20084,,,1679402237
cancel,22584,,,1679402237
newOrder,18750,0,18233,1679402251
newOrder,20084,1,18233,1679402251
newOrder,13004,0,11932,1679402251
newOrder,22584,1,11932,1679402251
cancel,13004,,,1679402837
cancel,18750,,,1679402837
cancel,20084,,,1679402837
cancel,22584,,,1679402837
newOrder,18750,0,18237,1679402852
newOrder,20084,1,18237,1679402852
newOrder,11250,0,89678,1679402852
newOrder,24999,1,89678,1679402852
cancel,11250,,,1679403439
cancel,18750,,,1679403439
cancel,20084,,,1679403439
cancel,24999,,,1679403439
newOrder,18750,0,18241,1679403508
newOrder,20084,1,18241,1679403508
newOrder,13004,0,30518,1679403508
newOrder,24999,1,30518,1679403508
cancel,13004,,,1679404034
cancel,18750,,,1679404034
cancel,20084,,,1679404034
cancel,24999,,,1679404034
newOrder,18750,0,18245,1679404053
newOrder,20084,1,18245,1679404053
newOrder,11250,0,36871,1679404053
newOrder,24999,1,36871,1679404053
cancel,11250,,,1679404638
cancel,18750,,,1679404638
cancel,20084,,,1679404638
cancel,24999,,,1679404638
newOrder,18750,0,18249,1679404653
newOrder,20084,1,18249,1679404653
newOrder,13004,0,28419,1679404653
newOrder,24999,1,28419,1679404653
cancel,13004,,,1679405237
cancel,18750,,,1679405237
cancel,20084,,,1679405237
cancel,24999,,,1679405237
newOrder,18750,0,18253,1679405253
newOrder,20084,1,18253,1679405253
newOrder,13004,0,13692,1679405253
newOrder,22584,1,13692,1679405253