instruction,price,side,qty,time
cancel,11897,,,1679055352
cancel,19829,,,1679055352
cancel,20084,,,1679055352
cancel,24999,,,1679055352
newOrder,19841,0,16470,1679055368
newOrder,20084,1,16470,1679055368
newOrder,13515,0,17024,1679055368
newOrder,24999,1,17024,1679055368
cancel,13515,,,1679055952
cancel,19841,,,1679055952
cancel,20084,,,1679055952
cancel,24999,,,1679055952
newOrder,19831,0,16479,1679055967
newOrder,20084,1,16479,1679055967
newOrder,11898,0,73345,1679055967
newOrder,24999,1,73345,1679055967
cancel,11898,,,1679056552
cancel,19831,,,1679056552
cancel,20084,,,1679056552
cancel,24999,,,1679056552
newOrder,19835,0,16480,1679056567
newOrder,20084,1,16480,1679056567
newOrder,11901,0,52630,1679056567
newOrder,24999,1,52630,1679056567
cancel,11901,,,1679057152
cancel,19835,,,1679057152
cancel,20084,,,1679057152
cancel,24999,,,1679057152
newOrder,19836,0,16483,1679057167
newOrder,20084,1,16483,1679057167
newOrder,13515,0,26388,1679057167
newOrder,24999,1,26388,1679057167
cancel,13515,,,1679057752
cancel,19836,,,1679057752
cancel,20084,,,1679057752
cancel,24999,,,1679057752
newOrder,19832,0,16489,1679057768
newOrder,20084,1,16489,1679057768
newOrder,13515,0,20098,1679057768
newOrder,24999,1,20098,1679057768
cancel,13515,,,1679058352
cancel,19832,,,1679058352
cancel,20084,,,1679058352
cancel,24999,,,1679058352
newOrder,19829,0,16494,1679058367
newOrder,20084,1,16494,1679058367
newOrder,11897,0,44763,1679058367
newOrder,24999,1,44763,1679058367
cancel,11897,,,1679058951
cancel,19829,,,1679058951
cancel,20084,,,1679058951
cancel,24999,,,1679058951
newOrder,19829,0,16497,1679058968
newOrder,20084,1,16497,1679058968
newOrder,11898,0,54725,1679058968
newOrder,24999,1,54725,1679058968
cancel,11898,,,1679059552
cancel,19829,,,1679059552
cancel,20084,,,1679059552
cancel,24999,,,1679059552
newOrder,19836,0,16496,1679059568
newOrder,20084,1,16496,1679059568
newOrder,11901,0,39747,1679059568
newOrder,24999,1,39747,1679059568
cancel,11901,,,1679060152
cancel,19836,,,1679060152
cancel,20084,,,1679060152
cancel,24999,,,1679060152
newOrder,19831,0,16502,1679060168
newOrder,20084,1,16502,1679060168
newOrder,11899,0,83572,1679060168
newOrder,24999,1,83572,1679060168
cancel,11899,,,1679060752
cancel,19831,,,1679060752
cancel,20084,,,1679060752
cancel,24999,,,1679060752
newOrder,19830,0,16506,1679060767
newOrder,20084,1,16506,1679060767
newOrder,11898,0,82747,1679060767
newOrder,24999,1,82747,1679060767
cancel,11898,,,1679061350
cancel,19830,,,1679061350
cancel,20084,,,1679061350
cancel,24999,,,1679061350
newOrder,19832,0,16508,1679061367
newOrder,20084,1,16508,1679061367
newOrder,13515,0,23338,1679061367
newOrder,24999,1,23338,1679061367
cancel,13515,,,1679061952
cancel,19832,,,1679061952
cancel,20084,,,1679061952
cancel,24999,,,1679061952
newOrder,19832,0,16511,1679061967
newOrder,20084,1,16511,1679061967
newOrder,11899,0,57361,1679061967
newOrder,24999,1,57361,1679061967
cancel,11899,,,1679062552
cancel,19832,,,1679062552
cancel,20084,,,1679062552
cancel,24999,,,1679062552
newOrder,19835,0,16513,1679062566
newOrder,20084,1,16513,1679062566
newOrder,11901,0,59091,1679062566
newOrder,24999,1,59091,1679062566
cancel,11901,,,1679063152
cancel,19835,,,1679063152
cancel,20084,,,1679063152
cancel,24999,,,1679063152
newOrder,19835,0,16516,1679063166
newOrder,20084,1,16516,1679063166
newOrder,11901,0,40150,1679063166
newOrder,24999,1,40150,1679063166
cancel,11901,,,1679063752
cancel,19835,,,1679063752
cancel,20084,,,1679063752
cancel,24999,,,1679063752
newOrder,19831,0,16522,1679063767
newOrder,20084,1,16522,1679063767
newOrder,11898,0,56485,1679063767
newOrder,24999,1,56485,1679063767
cancel,11898,,,1679064352
cancel,19831,,,1679064352
cancel,20084,,,1679064352
cancel,24999,,,1679064352
newOrder,19830,0,16526,1679064367
newOrder,20084,1,16526,1679064367
newOrder,11898,0,38468,1679064367
newOrder,24999,1,38468,1679064367
cancel,11898,,,1679064952
cancel,19830,,,1679064952
cancel,20084,,,1679064952
cancel,24999,,,1679064952
newOrder,19832,0,16528,1679064966
newOrder,20084,1,16528,1679064966
newOrder,11899,0,85011,1679064966
newOrder,24999,1,85011,1679064966
cancel,11899,,,1679065551
cancel,19832,,,1679065551
cancel,20084,,,1679065551
cancel,24999,,,1679065551
newOrder,19832,0,16531,1679065567
newOrder,20084,1,16531,1679065567
newOrder,11899,0,48674,1679065567
newOrder,24999,1,48674,1679065567
cancel,11899,,,1679066152
cancel,19832,,,1679066152
cancel,20084,,,1679066152
cancel,24999,,,1679066152
newOrder,19834,0,16533,1679066167
newOrder,20084,1,16533,1679066167
newOrder,11900,0,37288,1679066167
newOrder,24999,1,37288,1679066167
cancel,11900,,,1679066753
cancel,19834,,,1679066753
cancel,20084,,,1679066753
cancel,24999,,,1679066753
newOrder,19831,0,16538,1679066771
newOrder,20084,1,16538,1679066771
newOrder,13515,0,15483,1679066771
newOrder,22584,1,15483,1679066771
cancel,13515,,,1679067351
cancel,19831,,,1679067351
cancel,20084,,,1679067351
cancel,22584,,,1679067351
newOrder,19831,0,16542,1679067366
newOrder,20084,1,16542,1679067366
newOrder,11898,0,59240,1679067366
newOrder,24999,1,59240,1679067366
cancel,11898,,,1679067952
cancel,19831,,,1679067952
cancel,20084,,,1679067952
cancel,24999,,,1679067952
newOrder,19897,0,16503,1679067966
newOrder,20084,1,16503,1679067966
newOrder,11938,0,40355,1679067966
newOrder,24999,1,40355,1679067966
cancel,11938,,,1679068552
cancel,19897,,,1679068552
cancel,20084,,,1679068552
cancel,24999,,,1679068552
newOrder,19868,0,16525,1679068565
newOrder,20084,1,16525,1679068565
newOrder,11921,0,84845,1679068565
newOrder,24999,1,84845,1679068565
cancel,11921,,,1679069151
cancel,19868,,,1679069151
cancel,20084,,,1679069151
cancel,24999,,,1679069151
newOrder,19916,0,16461,1679069166
newOrder,20133,1,16461,1679069166
newOrder,11950,0,52754,1679069166
newOrder,24999,1,52754,1679069166
cancel,11950,,,1679069754
cancel,19916,,,1679069754
cancel,20133,,,1679069754
cancel,24999,,,1679069754
newOrder,19916,0,16465,1679069768
newOrder,20133,1,16465,1679069768
newOrder,11950,0,73719,1679069768
newOrder,24999,1,73719,1679069768
cancel,11950,,,1679070352
cancel,19916,,,1679070352
cancel,20133,,,1679070352
cancel,24999,,,1679070352
newOrder,19916,0,16468,1679070365
newOrder,20133,1,16468,1679070365
newOrder,11950,0,70956,1679070365
newOrder,24999,1,70956,1679070365
cancel,11950,,,1679070952
cancel,19916,,,1679070952
cancel,20133,,,1679070952
cancel,24999,,,1679070952
newOrder,19916,0,16471,1679070968
newOrder,20133,1,16471,1679070968
newOrder,11950,0,39853,1679070968
newOrder,24999,1,39853,1679070968
cancel,11950,,,1679071553
cancel,19916,,,1679071553
cancel,20133,,,1679071553
cancel,24999,,,1679071553
newOrder,19916,0,16475,1679071568
newOrder,20133,1,16475,1679071568
newOrder,13515,0,23455,1679071568
newOrder,24999,1,23455,1679071568
cancel,13515,,,1679072152
cancel,19916,,,1679072152
cancel,20133,,,1679072152
cancel,24999,,,1679072152
newOrder,19916,0,16478,1679072167
newOrder,20133,1,16478,1679072167
newOrder,11950,0,48092,1679072167
newOrder,24999,1,48092,1679072167
cancel,11950,,,1679072752
cancel,19916,,,1679072752
cancel,20133,,,1679072752
cancel,24999,,,1679072752
newOrder,19916,0,16481,1679072768
newOrder,20133,1,16481,1679072768
newOrder,13515,0,19928,1679072768
newOrder,24999,1,19928,1679072768
cancel,13515,,,1679073352
cancel,19916,,,1679073352
cancel,20133,,,1679073352
cancel,24999,,,1679073352
newOrder,19916,0,16484,1679073367
newOrder,20133,1,16484,1679073367
newOrder,11950,0,62914,1679073367
newOrder,24999,1,62914,1679073367
cancel,11950,,,1679073952
cancel,19916,,,1679073952
cancel,20133,,,1679073952
cancel,24999,,,1679073952
newOrder,19916,0,16488,1679073967
newOrder,20133,1,16488,1679073967
newOrder,13515,0,22637,1679073967
newOrder,24999,1,22637,1679073967
cancel,13515,,,1679074551
cancel,19916,,,1679074551
cancel,20133,,,1679074551
cancel,24999,,,1679074551
newOrder,19912,0,16529,1679074566
newOrder,20084,1,16529,1679074566
newOrder,11947,0,55679,1679074566
newOrder,24999,1,55679,1679074566
cancel,11947,,,1679075152
cancel,19912,,,1679075152
cancel,20084,,,1679075152
cancel,24999,,,1679075152
newOrder,19912,0,16533,1679075167
newOrder,20084,1,16533,1679075167
newOrder,11947,0,65062,1679075167
newOrder,24999,1,65062,1679075167
cancel,11947,,,1679075751
cancel,19912,,,1679075751
cancel,20084,,,1679075751
cancel,24999,,,1679075751
newOrder,19912,0,16536,1679075767
newOrder,20084,1,16536,1679075767
newOrder,11947,0,58960,1679075767
newOrder,24999,1,58960,1679075767
cancel,11947,,,1679076352
cancel,19912,,,1679076352
cancel,20084,,,1679076352
cancel,24999,,,1679076352
newOrder,19912,0,16539,1679076368
newOrder,20084,1,16539,1679076368
newOrder,13515,0,22716,1679076368
newOrder,24999,1,22716,1679076368
cancel,13515,,,1679076952
cancel,19912,,,1679076952
cancel,20084,,,1679076952
cancel,24999,,,1679076952
newOrder,19912,0,16543,1679076966
newOrder,20084,1,16543,1679076966
newOrder,11947,0,85627,1679076966
newOrder,24999,1,85627,1679076966
cancel,11947,,,1679077552
cancel,19912,,,1679077552
cancel,20084,,,1679077552
cancel,24999,,,1679077552
newOrder,19912,0,16546,1679077566
newOrder,20084,1,16546,1679077566
newOrder,11947,0,81116,1679077566
newOrder,24999,1,81116,1679077566
cancel,11947,,,1679078152
cancel,19912,,,1679078152
cancel,20084,,,1679078152
cancel,24999,,,1679078152
newOrder,19912,0,16549,1679078167
newOrder,20084,1,16549,1679078167
newOrder,13515,0,20747,1679078167
newOrder,24999,1,20747,1679078167
cancel,13515,,,1679078752
cancel,19912,,,1679078752
cancel,20084,,,1679078752
cancel,24999,,,1679078752
newOrder,19912,0,16553,1679078766
newOrder,20084,1,16553,1679078766
newOrder,11947,0,40227,1679078766
newOrder,24999,1,40227,1679078766
cancel,11947,,,1679079352
cancel,19912,,,1679079352
cancel,20084,,,1679079352
cancel,24999,,,1679079352
newOrder,19912,0,16556,1679079367
newOrder,20084,1,16556,1679079367
newOrder,11947,0,67282,1679079367
newOrder,24999,1,67282,1679079367
cancel,11947,,,1679079952
cancel,19912,,,1679079952
cancel,20084,,,1679079952
cancel,24999,,,1679079952
newOrder,19912,0,16559,1679079967
newOrder,20084,1,16559,1679079967
newOrder,13515,0,10664,1679079967
newOrder,22584,1,10664,1679079967
cancel,13515,,,1679080552
cancel,19912,,,1679080552
cancel,20084,,,1679080552
cancel,22584,,,1679080552
newOrder,19912,0,16563,1679080566
newOrder,20084,1,16563,1679080566
newOrder,13515,0,23368,1679080566
newOrder,24999,1,23368,1679080566
cancel,13515,,,1679081152
cancel,19912,,,1679081152
cancel,20084,,,1679081152
cancel,24999,,,1679081152
newOrder,19912,0,16566,1679081166
newOrder,20084,1,16566,1679081166
newOrder,11947,0,75818,1679081166
newOrder,24999,1,75818,1679081166
cancel,11947,,,1679081752
cancel,19912,,,1679081752
cancel,20084,,,1679081752
cancel,24999,,,1679081752
newOrder,19916,0,16528,1679081767
newOrder,20137,1,16528,1679081767
newOrder,13515,0,17773,1679081767
newOrder,24999,1,17773,1679081767
cancel,13515,,,1679082353
cancel,19916,,,1679082353
cancel,20137,,,1679082353
cancel,24999,,,1679082353
newOrder,19916,0,16531,1679082367
newOrder,20137,1,16531,1679082367
newOrder,11950,0,73267,1679082367
newOrder,24999,1,73267,1679082367
cancel,11950,,,1679082952
cancel,19916,,,1679082952
cancel,20137,,,1679082952
cancel,24999,,,1679082952
newOrder,19916,0,16535,1679082968
newOrder,20137,1,16535,1679082968
newOrder,13521,0,30415,1679082968
newOrder,24999,1,30415,1679082968
cancel,13521,,,1679083552
cancel,19916,,,1679083552
cancel,20137,,,1679083552
cancel,24999,,,1679083552
newOrder,19916,0,16538,1679083565
newOrder,20137,1,16538,1679083565
newOrder,13521,0,27717,1679083565
newOrder,24999,1,27717,1679083565
cancel,13521,,,1679084151
cancel,19916,,,1679084151
cancel,20137,,,1679084151
cancel,24999,,,1679084151
newOrder,19916,0,16541,1679084166
newOrder,20137,1,16541,1679084166
newOrder,13521,0,33754,1679084166
newOrder,24999,1,33754,1679084166
cancel,13521,,,1679084751
cancel,19916,,,1679084751
cancel,20137,,,1679084751
cancel,24999,,,1679084751
newOrder,19916,0,16523,1679084768
newOrder,20164,1,16523,1679084768
newOrder,13521,0,32555,1679084768
newOrder,24999,1,32555,1679084768
cancel,13521,,,1679085352
cancel,19916,,,1679085352
cancel,20164,,,1679085352
cancel,24999,,,1679085352
newOrder,19916,0,16527,1679085367
newOrder,20164,1,16527,1679085367
newOrder,11950,0,51784,1679085367
newOrder,24999,1,51784,1679085367
cancel,11950,,,1679085952
cancel,19916,,,1679085952
cancel,20164,,,1679085952
cancel,24999,,,1679085952
newOrder,19916,0,16530,1679085967
newOrder,20164,1,16530,1679085967
newOrder,11950,0,34356,1679085967
newOrder,24999,1,34356,1679085967
cancel,11950,,,1679086552
cancel,19916,,,1679086552
cancel,20164,,,1679086552
cancel,24999,,,1679086552
newOrder,19916,0,16533,1679086567
newOrder,20164,1,16533,1679086567
newOrder,11950,0,83441,1679086567
newOrder,24999,1,83441,1679086567
cancel,11950,,,1679087152
cancel,19916,,,1679087152
cancel,20164,,,1679087152
cancel,24999,,,1679087152
newOrder,19916,0,16563,1679087166
newOrder,20130,1,16563,1679087166
newOrder,11950,0,71717,1679087166
newOrder,24999,1,71717,1679087166
cancel,11950,,,1679087752
cancel,19916,,,1679087752
cancel,20130,,,1679087752
cancel,24999,,,1679087752
newOrder,19916,0,16540,1679087767
newOrder,20164,1,16540,1679087767
newOrder,11950,0,88800,1679087767
newOrder,24999,1,88800,1679087767
cancel,11950,,,1679088351
cancel,19916,,,1679088351
cancel,20164,,,1679088351
cancel,24999,,,1679088351
newOrder,19916,0,16565,1679088369
newOrder,20137,1,16565,1679088369
newOrder,11950,0,64005,1679088369
newOrder,24999,1,64005,1679088369
cancel,11950,,,1679088951
cancel,19916,,,1679088951
cancel,20137,,,1679088951
cancel,24999,,,1679088951
newOrder,19916,0,16562,1679088968
newOrder,20144,1,16562,1679088968
newOrder,11950,0,72483,1679088968
newOrder,24999,1,72483,1679088968
cancel,11950,,,1679089552
cancel,19916,,,1679089552
cancel,20144,,,1679089552
cancel,24999,,,1679089552
newOrder,19916,0,16571,1679089570
newOrder,20137,1,16571,1679089570
newOrder,13515,0,19588,1679089570
newOrder,24999,1,19588,1679089570
cancel,13515,,,1679090152
cancel,19916,,,1679090152
cancel,20137,,,1679090152
cancel,24999,,,1679090152
newOrder,19916,0,16575,1679090169
newOrder,20137,1,16575,1679090169
newOrder,11950,0,57683,1679090169
newOrder,24999,1,57683,1679090169
cancel,11950,,,1679090751
cancel,19916,,,1679090751
cancel,20137,,,1679090751
cancel,24999,,,1679090751
newOrder,19916,0,16574,1679090767
newOrder,20142,1,16574,1679090767
newOrder,13515,0,19336,1679090767
newOrder,24999,1,19336,1679090767
cancel,13515,,,1679091352
cancel,19916,,,1679091352
cancel,20142,,,1679091352
cancel,24999,,,1679091352
newOrder,19916,0,16582,1679091368
newOrder,20137,1,16582,1679091368
newOrder,11950,0,47805,1679091368
newOrder,24999,1,47805,1679091368
cancel,11950,,,1679091951
cancel,19916,,,1679091951
cancel,20137,,,1679091951
cancel,24999,,,1679091951
newOrder,19916,0,16585,1679091967
newOrder,20137,1,16585,1679091967
newOrder,13515,0,11825,1679091967
newOrder,22584,1,11825,1679091967
cancel,13515,,,1679092552
cancel,19916,,,1679092552
cancel,20137,,,1679092552
cancel,22584,,,1679092552
newOrder,19916,0,16588,1679092569
newOrder,20137,1,16588,1679092569
newOrder,11950,0,80917,1679092569
newOrder,24999,1,80917,1679092569
cancel,11950,,,1679093152
cancel,19916,,,1679093152
cancel,20137,,,1679093152
cancel,24999,,,1679093152
newOrder,19916,0,16558,1679093171
newOrder,20179,1,16558,1679093171
newOrder,13515,0,23764,1679093171
newOrder,24999,1,23764,1679093171
cancel,13515,,,1679093752
cancel,19916,,,1679093752
cancel,20179,,,1679093752
cancel,24999,,,1679093752
newOrder,19916,0,16562,1679093770
newOrder,20179,1,16562,1679093770
newOrder,11950,0,80367,1679093770
newOrder,24999,1,80367,1679093770
cancel,11950,,,1679094352
cancel,19916,,,1679094352
cancel,20179,,,1679094352
cancel,24999,,,1679094352
newOrder,19916,0,16565,1679094366
newOrder,20179,1,16565,1679094366
newOrder,11950,0,85992,1679094366
newOrder,24999,1,85992,1679094366
cancel,11950,,,1679094952
cancel,19916,,,1679094952
cancel,20179,,,1679094952
cancel,24999,,,1679094952
newOrder,19916,0,16568,1679094968
newOrder,20179,1,16568,1679094968
newOrder,13515,0,11231,1679094968
newOrder,22584,1,11231,1679094968
cancel,13515,,,1679095552
cancel,19916,,,1679095552
cancel,20179,,,1679095552
cancel,22584,,,1679095552
newOrder,19916,0,16572,1679095567
newOrder,20179,1,16572,1679095567
newOrder,11950,0,70239,1679095567
newOrder,24999,1,70239,1679095567
cancel,11950,,,1679096152
cancel,19916,,,1679096152
cancel,20179,,,1679096152
cancel,24999,,,1679096152
newOrder,19916,0,16572,1679096167
newOrder,20183,1,16572,1679096167
newOrder,13515,0,25198,1679096167
newOrder,24999,1,25198,1679096167
cancel,13515,,,1679096752
cancel,19916,,,1679096752
cancel,20183,,,1679096752
cancel,24999,,,1679096752
newOrder,19916,0,16540,1679096767
newOrder,20224,1,16540,1679096767
newOrder,11950,0,39604,1679096767
newOrder,24999,1,39604,1679096767
cancel,11950,,,1679097352
cancel,19916,,,1679097352
cancel,20224,,,1679097352
cancel,24999,,,1679097352
newOrder,19916,0,16467,1679097367
newOrder,20306,1,16467,1679097367
newOrder,11950,0,82238,1679097367
newOrder,24999,1,82238,1679097367
cancel,11950,,,1679097953
cancel,19916,,,1679097953
cancel,20306,,,1679097953
cancel,24999,,,1679097953
newOrder,19916,0,16470,1679097968
newOrder,20306,1,16470,1679097968
newOrder,11950,0,35517,1679097968
newOrder,24999,1,35517,1679097968
cancel,11950,,,1679098552
cancel,19916,,,1679098552
cancel,20306,,,1679098552
cancel,24999,,,1679098552
newOrder,19916,0,16474,1679098567
newOrder,20306,1,16474,1679098567
newOrder,11950,0,65295,1679098567
newOrder,24999,1,65295,1679098567
cancel,11950,,,1679099152
cancel,19916,,,1679099152
cancel,20306,,,1679099152
cancel,24999,,,1679099152
newOrder,19916,0,16477,1679099168
newOrder,20306,1,16477,1679099168
newOrder,11950,0,78180,1679099168
newOrder,24999,1,78180,1679099168
cancel,11950,,,1679099753
cancel,19916,,,1679099753
cancel,20306,,,1679099753
cancel,24999,,,1679099753
newOrder,19916,0,16480,1679099767
newOrder,20306,1,16480,1679099767
newOrder,11950,0,78719,1679099767
newOrder,24999,1,78719,1679099767
cancel,11950,,,1679100353
cancel,19916,,,1679100353
cancel,20306,,,1679100353
cancel,24999,,,1679100353
newOrder,19916,0,16521,1679100369
newOrder,20267,1,16521,1679100369
newOrder,11950,0,44475,1679100369
newOrder,24999,1,44475,1679100369
cancel,11950,,,1679100951
cancel,19916,,,1679100951
cancel,20267,,,1679100951
cancel,24999,,,1679100951
newOrder,19916,0,16520,1679100967
newOrder,20272,1,16520,1679100967
newOrder,11950,0,51442,1679100967
newOrder,24999,1,51442,1679100967
cancel,11950,,,1679101553
cancel,19916,,,1679101553
cancel,20272,,,1679101553
cancel,24999,,,1679101553
newOrder,19916,0,16523,1679101572
newOrder,20272,1,16523,1679101572
newOrder,11950,0,46250,1679101572
newOrder,24999,1,46250,1679101572
cancel,11950,,,1679102153
cancel,19916,,,1679102153
cancel,20272,,,1679102153
cancel,24999,,,1679102153
newOrder,19916,0,16527,1679102169
newOrder,20272,1,16527,1679102169
newOrder,11950,0,68881,1679102169
newOrder,24999,1,68881,1679102169
cancel,11950,,,1679102752
cancel,19916,,,1679102752
cancel,20272,,,1679102752
cancel,24999,,,1679102752
newOrder,19916,0,16530,1679102767
newOrder,20272,1,16530,1679102767
newOrder,13515,0,23821,1679102767
newOrder,24999,1,23821,1679102767
cancel,13515,,,1679103354
cancel,19916,,,1679103354
cancel,20272,,,1679103354
cancel,24999,,,1679103354
newOrder,19916,0,16533,1679103370
newOrder,20272,1,16533,1679103370
newOrder,13515,0,24053,1679103370
newOrder,24999,1,24053,1679103370
cancel,13515,,,1679103952
cancel,19916,,,1679103952
cancel,20272,,,1679103952
cancel,24999,,,1679103952
newOrder,19916,0,16537,1679103966
newOrder,20272,1,16537,1679103966
newOrder,11950,0,43652,1679103966
newOrder,24999,1,43652,1679103966
cancel,11950,,,1679104552
cancel,19916,,,1679104552
cancel,20272,,,1679104552
cancel,24999,,,1679104552
newOrder,19916,0,16540,1679104566
newOrder,20272,1,16540,1679104566
newOrder,11950,0,29680,1679104566
newOrder,24999,1,29680,1679104566
cancel,11950,,,1679105152
cancel,19916,,,1679105152
cancel,20272,,,1679105152
cancel,24999,,,1679105152
newOrder,19916,0,16615,1679105166
newOrder,20193,1,16615,1679105166
newOrder,11950,0,89185,1679105166
newOrder,24999,1,89185,1679105166
cancel,11950,,,1679105752
cancel,19916,,,1679105752
cancel,20193,,,1679105752
cancel,24999,,,1679105752
newOrder,19916,0,16617,1679105767
newOrder,20193,1,16617,1679105767
newOrder,11950,0,86173,1679105767
newOrder,24999,1,86173,1679105767
cancel,11950,,,1679106352
cancel,19916,,,1679106352
cancel,20193,,,1679106352
cancel,24999,,,1679106352
newOrder,19916,0,16620,1679106366
newOrder,20194,1,16620,1679106366
newOrder,11950,0,86391,1679106366
newOrder,24999,1,86391,1679106366
cancel,11950,,,1679106952
cancel,19916,,,1679106952
cancel,20194,,,1679106952
cancel,24999,,,1679106952
newOrder,19916,0,16624,1679106966
newOrder,20193,1,16624,1679106966
newOrder,13515,0,25778,1679106966
newOrder,24999,1,25778,1679106966
cancel,13515,,,1679107552
cancel,19916,,,1679107552
cancel,20193,,,1679107552
cancel,24999,,,1679107552
newOrder,19916,0,16628,1679107566
newOrder,20193,1,16628,1679107566
newOrder,11950,0,80395,1679107566
newOrder,24999,1,80395,1679107566
cancel,11950,,,1679108152
cancel,19916,,,1679108152
cancel,20193,,,1679108152
cancel,24999,,,1679108152
newOrder,19916,0,16631,1679108166
newOrder,20193,1,16631,1679108166
newOrder,11950,0,62542,1679108166
newOrder,24999,1,62542,1679108166
cancel,11950,,,1679108752
cancel,19916,,,1679108752
cancel,20193,,,1679108752
cancel,24999,,,1679108752
newOrder,19916,0,16634,1679108765
newOrder,20194,1,16634,1679108765
newOrder,11950,0,49232,1679108765
newOrder,24999,1,49232,1679108765
cancel,11950,,,1679109354
cancel,19916,,,1679109354
cancel,20194,,,1679109354
cancel,24999,,,1679109354
newOrder,19916,0,16630,1679109371
newOrder,20203,1,16630,1679109371
newOrder,11950,0,46188,1679109371
newOrder,24999,1,46188,1679109371
cancel,11950,,,1679109952
cancel,19916,,,1679109952
cancel,20203,,,1679109952
cancel,24999,,,1679109952
newOrder,19916,0,16641,1679109970
newOrder,20194,1,16641,1679109970
newOrder,11950,0,52010,1679109970
newOrder,24999,1,52010,1679109970
cancel,11950,,,1679110551
cancel,19916,,,1679110551
cancel,20194,,,1679110551
cancel,24999,,,1679110551
newOrder,19916,0,16637,1679110567
newOrder,20203,1,16637,1679110567
newOrder,11950,0,30199,1679110567
newOrder,24999,1,30199,1679110567
cancel,11950,,,1679111152
cancel,19916,,,1679111152
cancel,20203,,,1679111152
cancel,24999,,,1679111152
newOrder,19916,0,16650,1679111167
newOrder,20192,1,16650,1679111167
newOrder,11950,0,43487,1679111167
newOrder,24999,1,43487,1679111167
cancel,11950,,,1679111753
cancel,19916,,,1679111753
cancel,20192,,,1679111753
cancel,24999,,,1679111753
newOrder,19916,0,16652,1679111768
newOrder,20193,1,16652,1679111768
newOrder,13515,0,33554,1679111768
newOrder,24999,1,33554,1679111768
cancel,13515,,,1679112352
cancel,19916,,,1679112352
cancel,20193,,,1679112352
cancel,24999,,,1679112352
newOrder,19916,0,16656,1679112367
newOrder,20192,1,16656,1679112367
newOrder,11950,0,62525,1679112367
newOrder,24999,1,62525,1679112367
cancel,11950,,,1679112952
cancel,19916,,,1679112952
cancel,20192,,,1679112952
cancel,24999,,,1679112952
newOrder,19916,0,16659,1679112967
newOrder,20192,1,16659,1679112967
newOrder,13516,0,13756,1679112967
newOrder,22584,1,13756,1679112967
cancel,13516,,,1679113552
cancel,19916,,,1679113552
cancel,20192,,,1679113552
cancel,22584,,,1679113552
newOrder,19916,0,16664,1679113566
newOrder,20191,1,16664,1679113566
newOrder,11950,0,82204,1679113566
newOrder,24999,1,82204,1679113566
cancel,11950,,,1679114151
cancel,19916,,,1679114151
cancel,20191,,,1679114151
cancel,24999,,,1679114151
newOrder,19916,0,16667,1679114165
newOrder,20191,1,16667,1679114165
newOrder,13515,0,39560,1679114165
newOrder,24999,1,39560,1679114165
cancel,13515,,,1679114752
cancel,19916,,,1679114752
cancel,20191,,,1679114752
cancel,24999,,,1679114752
newOrder,19916,0,16670,1679114765
newOrder,20191,1,16670,1679114765
newOrder,11950,0,63168,1679114765
newOrder,24999,1,63168,1679114765
cancel,11950,,,1679115352
cancel,19916,,,1679115352
cancel,20191,,,1679115352
cancel,24999,,,1679115352
newOrder,19916,0,16672,1679115367
newOrder,20193,1,16672,1679115367
newOrder,13515,0,37267,1679115367
newOrder,24999,1,37267,1679115367
cancel,13515,,,1679115951
cancel,19916,,,1679115951
cancel,20193,,,1679115951
cancel,24999,,,1679115951
newOrder,19916,0,16675,1679115966
newOrder,20194,1,16675,1679115966
newOrder,13516,0,21982,1679115966
newOrder,24999,1,21982,1679115966
cancel,13516,,,1679116552
cancel,19916,,,1679116552
cancel,20194,,,1679116552
cancel,24999,,,1679116552
newOrder,19916,0,16680,1679116566
newOrder,20191,1,16680,1679116566
newOrder,13516,0,23920,1679116566
newOrder,24999,1,23920,1679116566
cancel,13516,,,1679117152
cancel,19916,,,1679117152
cancel,20191,,,1679117152
cancel,24999,,,1679117152
newOrder,19916,0,16682,1679117166
newOrder,20194,1,16682,1679117166
newOrder,11950,0,78380,1679117166
newOrder,24999,1,78380,1679117166
cancel,11950,,,1679117752
cancel,19916,,,1679117752
cancel,20194,,,1679117752
cancel,24999,,,1679117752
newOrder,19916,0,16686,1679117766
newOrder,20193,1,16686,1679117766
newOrder,13515,0,43213,1679117766
newOrder,24999,1,43213,1679117766
cancel,13515,,,1679118351
cancel,19916,,,1679118351
cancel,20193,,,1679118351
cancel,24999,,,1679118351
newOrder,19916,0,16690,1679118366
newOrder,20193,1,16690,1679118366
newOrder,13516,0,27243,1679118366
newOrder,24999,1,27243,1679118366
cancel,13516,,,1679118952
cancel,19916,,,1679118952
cancel,20193,,,1679118952
cancel,24999,,,1679118952
newOrder,19916,0,16692,1679118967
newOrder,20194,1,16692,1679118967
newOrder,11950,0,62186,1679118967
newOrder,24999,1,62186,1679118967
cancel,11950,,,1679119552
cancel,19916,,,1679119552
cancel,20194,,,1679119552
cancel,24999,,,1679119552
newOrder,19916,0,16697,1679119565
newOrder,20192,1,16697,1679119565
newOrder,13516,0,11898,1679119565
newOrder,22584,1,11898,1679119565
cancel,13516,,,1679120152
cancel,19916,,,1679120152
cancel,20192,,,1679120152
cancel,22584,,,1679120152
newOrder,19916,0,16692,1679120167
newOrder,20203,1,16692,1679120167
newOrder,11962,0,56516,1679120167
newOrder,24999,1,56516,1679120167
cancel,11962,,,1679120751
cancel,19916,,,1679120751
cancel,20203,,,1679120751
cancel,24999,,,1679120751
newOrder,19916,0,16704,1679120766
newOrder,20192,1,16704,1679120766
newOrder,11950,0,75284,1679120766
newOrder,24999,1,75284,1679120766
cancel,11950,,,1679121352
cancel,19916,,,1679121352
cancel,20192,,,1679121352
cancel,24999,,,1679121352
newOrder,19916,0,16706,1679121366
newOrder,20194,1,16706,1679121366
newOrder,13516,0,29978,1679121366
newOrder,24999,1,29978,1679121366
cancel,13516,,,1679121952
cancel,19916,,,1679121952
cancel,20194,,,1679121952
cancel,24999,,,1679121952
newOrder,19916,0,16709,1679121967
newOrder,20194,1,16709,1679121967
newOrder,11950,0,75656,1679121967
newOrder,24999,1,75656,1679121967
cancel,11950,,,1679122551
cancel,19916,,,1679122551
cancel,20194,,,1679122551
cancel,24999,,,1679122551
newOrder,19916,0,16712,1679122566
newOrder,20195,1,16712,1679122566
newOrder,11950,0,67656,1679122566
newOrder,24999,1,67656,1679122566
cancel,11950,,,1679123152
cancel,19916,,,1679123152
cancel,20195,,,1679123152
cancel,24999,,,1679123152
newOrder,19916,0,16716,1679123166
newOrder,20195,1,16716,1679123166
newOrder,11950,0,89246,1679123166
newOrder,24999,1,89246,1679123166
cancel,11950,,,1679123751
cancel,19916,,,1679123751
cancel,20195,,,1679123751
cancel,24999,,,1679123751
newOrder,19916,0,16719,1679123766
newOrder,20195,1,16719,1679123766
newOrder,11950,0,81449,1679123766
newOrder,24999,1,81449,1679123766
cancel,11950,,,1679124351
cancel,19916,,,1679124351
cancel,20195,,,1679124351
cancel,24999,,,1679124351
newOrder,19916,0,16723,1679124366
newOrder,20195,1,16723,1679124366
newOrder,13516,0,17842,1679124366
newOrder,24999,1,17842,1679124366
cancel,13516,,,1679124952
cancel,19916,,,1679124952
cancel,20195,,,1679124952
cancel,24999,,,1679124952
newOrder,19916,0,16727,1679124966
newOrder,20194,1,16727,1679124966
newOrder,11962,0,55848,1679124966
newOrder,24999,1,55848,1679124966
cancel,11962,,,1679125551
cancel,19916,,,1679125551
cancel,20194,,,1679125551
cancel,24999,,,1679125551
newOrder,19916,0,16730,1679125565
newOrder,20194,1,16730,1679125565
newOrder,11950,0,78918,1679125565
newOrder,24999,1,78918,1679125565
cancel,11950,,,1679126152
cancel,19916,,,1679126152
cancel,20194,,,1679126152
cancel,24999,,,1679126152
newOrder,19916,0,16734,1679126166
newOrder,20194,1,16734,1679126166
newOrder,13515,0,37646,1679126166
newOrder,24999,1,37646,1679126166
cancel,13515,,,1679126751
cancel,19916,,,1679126751
cancel,20194,,,1679126751
cancel,24999,,,1679126751
newOrder,19916,0,16738,1679126766
newOrder,20193,1,16738,1679126766
newOrder,13516,0,12207,1679126766
newOrder,22584,1,12207,1679126766
cancel,13516,,,1679127352
cancel,19916,,,1679127352
cancel,20193,,,1679127352
cancel,22584,,,1679127352
newOrder,19916,0,16742,1679127367
newOrder,20192,1,16742,1679127367
newOrder,11950,0,76978,1679127367
newOrder,24999,1,76978,1679127367
cancel,11950,,,1679127952
cancel,19916,,,1679127952
cancel,20192,,,1679127952
cancel,24999,,,1679127952
newOrder,19916,0,16746,1679127966
newOrder,20193,1,16746,1679127966
newOrder,11950,0,87546,1679127966
newOrder,24999,1,87546,1679127966
cancel,11950,,,1679128552
cancel,19916,,,1679128552
cancel,20193,,,1679128552
cancel,24999,,,1679128552
newOrder,19916,0,16749,1679128566
newOrder,20193,1,16749,1679128566
newOrder,11962,0,56065,1679128566
newOrder,24999,1,56065,1679128566
cancel,11962,,,1679129152
cancel,19916,,,1679129152
cancel,20193,,,1679129152
cancel,24999,,,1679129152
newOrder,19916,0,16737,1679129166
newOrder,20210,1,16737,1679129166
newOrder,11962,0,55684,1679129166
newOrder,24999,1,55684,1679129166
cancel,11962,,,1679129752
cancel,19916,,,1679129752
cancel,20210,,,1679129752
cancel,24999,,,1679129752
newOrder,19916,0,16741,1679129766
newOrder,20210,1,16741,1679129766
newOrder,11962,0,53337,1679129766
newOrder,24999,1,53337,1679129766
cancel,11962,,,1679130352
cancel,19916,,,1679130352
cancel,20210,,,1679130352
cancel,24999,,,1679130352
newOrder,19916,0,16747,1679130368
newOrder,20207,1,16747,1679130368
newOrder,11950,0,67473,1679130368
newOrder,24999,1,67473,1679130368
cancel,11950,,,1679130951
cancel,19916,,,1679130951
cancel,20207,,,1679130951
cancel,24999,,,1679130951
newOrder,19916,0,16751,1679130966
newOrder,20207,1,16751,1679130966
newOrder,13516,0,10680,1679130966
newOrder,22584,1,10680,1679130966
cancel,13516,,,1679131552
cancel,19916,,,1679131552
cancel,20207,,,1679131552
cancel,22584,,,1679131552
newOrder,19916,0,16752,1679131566
newOrder,20209,1,16752,1679131566
newOrder,11962,0,55111,1679131566
newOrder,24999,1,55111,1679131566
cancel,11962,,,1679132152
cancel,19916,,,1679132152
cancel,20209,,,1679132152
cancel,24999,,,1679132152
newOrder,19916,0,16756,1679132166
newOrder,20209,1,16756,1679132166
newOrder,11950,0,89301,1679132166
newOrder,24999,1,89301,1679132166
cancel,11950,,,1679132751
cancel,19916,,,1679132751
cancel,20209,,,1679132751
cancel,24999,,,1679132751
newOrder,19916,0,16759,1679132766
newOrder,20210,1,16759,1679132766
newOrder,13515,0,43022,1679132766
newOrder,24999,1,43022,1679132766
cancel,13515,,,1679133352
cancel,19916,,,1679133352
cancel,20210,,,1679133352
cancel,24999,,,1679133352
newOrder,19916,0,16763,1679133366
newOrder,20209,1,16763,1679133366
newOrder,11950,0,61567,1679133366
newOrder,24999,1,61567,1679133366
cancel,11950,,,1679133952
cancel,19916,,,1679133952
cancel,20209,,,1679133952
cancel,24999,,,1679133952
newOrder,19916,0,16712,1679133965
newOrder,20268,1,16712,1679133965
newOrder,11950,0,77581,1679133965
newOrder,24999,1,77581,1679133965
cancel,11950,,,1679134552
cancel,19916,,,1679134552
cancel,20268,,,1679134552
cancel,24999,,,1679134552
newOrder,19916,0,16716,1679134566
newOrder,20268,1,16716,1679134566
newOrder,11950,0,61362,1679134566
newOrder,24999,1,61362,1679134566
cancel,11950,,,1679135151
cancel,19916,,,1679135151
cancel,20268,,,1679135151
cancel,24999,,,1679135151
newOrder,19916,0,16719,1679135168
newOrder,20268,1,16719,1679135168
newOrder,13515,0,35132,1679135168
newOrder,24999,1,35132,1679135168
cancel,13515,,,1679135752
cancel,19916,,,1679135752
cancel,20268,,,1679135752
cancel,24999,,,1679135752
newOrder,19916,0,16723,1679135766
newOrder,20268,1,16723,1679135766
newOrder,13516,0,30693,1679135766
newOrder,24999,1,30693,1679135766
cancel,13516,,,1679136352
cancel,19916,,,1679136352
cancel,20268,,,1679136352
cancel,24999,,,1679136352
newOrder,19916,0,16652,1679136366
newOrder,20342,1,16652,1679136366
newOrder,13515,0,32828,1679136366
newOrder,24999,1,32828,1679136366
cancel,13515,,,1679136952
cancel,19916,,,1679136952
cancel,20342,,,1679136952
cancel,24999,,,1679136952
newOrder,19916,0,16656,1679136966
newOrder,20342,1,16656,1679136966
newOrder,11950,0,63788,1679136966
newOrder,24999,1,63788,1679136966
cancel,11950,,,1679137551
cancel,19916,,,1679137551
cancel,20342,,,1679137551
cancel,24999,,,1679137551
newOrder,19916,0,16729,1679137565
newOrder,20273,1,16729,1679137565
newOrder,11962,0,53327,1679137565
newOrder,24999,1,53327,1679137565
cancel,11962,,,1679138152
cancel,19916,,,1679138152
cancel,20273,,,1679138152
cancel,24999,,,1679138152
newOrder,19916,0,16732,1679138166
newOrder,20273,1,16732,1679138166
newOrder,11950,0,86319,1679138166
newOrder,24999,1,86319,1679138166
cancel,11950,,,1679138752
cancel,19916,,,1679138752
cancel,20273,,,1679138752
cancel,24999,,,1679138752
newOrder,19916,0,16736,1679138765
newOrder,20273,1,16736,1679138765
newOrder,13515,0,37321,1679138765
newOrder,24999,1,37321,1679138765
cancel,13515,,,1679139352
cancel,19916,,,1679139352
cancel,20273,,,1679139352
cancel,24999,,,1679139352
newOrder,19916,0,16739,1679139366
newOrder,20273,1,16739,1679139366
newOrder,11962,0,59297,1679139366
newOrder,24999,1,59297,1679139366
cancel,11962,,,1679139952
cancel,19916,,,1679139952
cancel,20273,,,1679139952
cancel,24999,,,1679139952
newOrder,19916,0,16743,1679139965
newOrder,20273,1,16743,1679139965
newOrder,13516,0,30039,1679139965
newOrder,24999,1,30039,1679139965
cancel,13516,,,1679140552
cancel,19916,,,1679140552
cancel,20273,,,1679140552
cancel,24999,,,1679140552
newOrder,19916,0,16746,1679140565
newOrder,20273,1,16746,1679140565
newOrder,11962,0,56845,1679140565
newOrder,24999,1,56845,1679140565
cancel,11962,,,1679141154
cancel,19916,,,1679141154
cancel,20273,,,1679141154
cancel,24999,,,1679141154
newOrder,19916,0,16750,1679141169
newOrder,20273,1,16750,1679141169
newOrder,11950,0,70280,1679141169
newOrder,24999,1,70280,1679141169