instruction,price,side,qty,time
cancel,11892,,,1676895263
cancel,19820,,,1676895263
cancel,21402,,,1676895263
cancel,24999,,,1676895263
newOrder,19820,0,23553,1676895270
newOrder,21403,1,23553,1676895270
newOrder,11892,0,94212,1676895270
newOrder,24999,1,94212,1676895270
cancel,11892,,,1676895865
cancel,19820,,,1676895865
cancel,21403,,,1676895865
cancel,24999,,,1676895865
newOrder,19820,0,23554,1676895875
newOrder,21403,1,23554,1676895875
newOrder,11892,0,94217,1676895875
newOrder,24999,1,94217,1676895875
cancel,11892,,,1676896464
cancel,19820,,,1676896464
cancel,21403,,,1676896464
cancel,24999,,,1676896464
newOrder,19820,0,23551,1676896472
newOrder,21403,1,23551,1676896472
newOrder,11892,0,94206,1676896472
newOrder,24999,1,94206,1676896472
cancel,11892,,,1676897065
cancel,19820,,,1676897065
cancel,21403,,,1676897065
cancel,24999,,,1676897065
newOrder,19820,0,23553,1676897072
newOrder,21403,1,23553,1676897072
newOrder,11892,0,94211,1676897072
newOrder,24999,1,94211,1676897072
cancel,11892,,,1676897663
cancel,19820,,,1676897663
cancel,21403,,,1676897663
cancel,24999,,,1676897663
newOrder,19820,0,23552,1676897670
newOrder,21403,1,23552,1676897670
newOrder,11892,0,94207,1676897670
newOrder,24999,1,94207,1676897670
cancel,11892,,,1676898264
cancel,19820,,,1676898264
cancel,21403,,,1676898264
cancel,24999,,,1676898264
newOrder,19820,0,23557,1676898271
newOrder,21402,1,23557,1676898271
newOrder,11892,0,94228,1676898271
newOrder,24999,1,94228,1676898271
cancel,11892,,,1676898865
cancel,19820,,,1676898865
cancel,21402,,,1676898865
cancel,24999,,,1676898865
newOrder,19820,0,23550,1676898873
newOrder,21403,1,23550,1676898873
newOrder,11892,0,94201,1676898873
newOrder,24999,1,94201,1676898873
cancel,11892,,,1676899465
cancel,19820,,,1676899465
cancel,21403,,,1676899465
cancel,24999,,,1676899465
newOrder,19820,0,23549,1676899473
newOrder,21403,1,23549,1676899473
newOrder,11892,0,94198,1676899473
newOrder,24999,1,94198,1676899473
cancel,11892,,,1676900064
cancel,19820,,,1676900064
cancel,21403,,,1676900064
cancel,24999,,,1676900064
newOrder,19820,0,23547,1676900070
newOrder,21403,1,23547,1676900070
newOrder,11892,0,94187,1676900070
newOrder,24999,1,94187,1676900070
cancel,11892,,,1676900663
cancel,19820,,,1676900663
cancel,21403,,,1676900663
cancel,24999,,,1676900663
newOrder,19820,0,23548,1676900671
newOrder,21403,1,23548,1676900671
newOrder,11892,0,94191,1676900671
newOrder,24999,1,94191,1676900671
cancel,11892,,,1676901266
cancel,19820,,,1676901266
cancel,21403,,,1676901266
cancel,24999,,,1676901266
newOrder,19820,0,23547,1676901271
newOrder,21403,1,23547,1676901271
newOrder,11892,0,94188,1676901271
newOrder,24999,1,94188,1676901271
cancel,11892,,,1676901865
cancel,19820,,,1676901865
cancel,21403,,,1676901865
cancel,24999,,,1676901865
newOrder,19820,0,23551,1676901873
newOrder,21402,1,23551,1676901873
newOrder,11892,0,94204,1676901873
newOrder,24999,1,94204,1676901873
cancel,11892,,,1676902463
cancel,19820,,,1676902463
cancel,21402,,,1676902463
cancel,24999,,,1676902463
newOrder,19820,0,23397,1676902475
newOrder,21433,1,23397,1676902475
newOrder,11892,0,93589,1676902475
newOrder,24999,1,93589,1676902475
cancel,11892,,,1676903065
cancel,19820,,,1676903065
cancel,21433,,,1676903065
cancel,24999,,,1676903065
newOrder,19820,0,23545,1676903074
newOrder,21403,1,23545,1676903074
newOrder,11892,0,94178,1676903074
newOrder,24999,1,94178,1676903074
cancel,11892,,,1676903664
cancel,19820,,,1676903664
cancel,21403,,,1676903664
cancel,24999,,,1676903664
newOrder,19820,0,23548,1676903671
newOrder,21402,1,23548,1676903671
newOrder,11892,0,94191,1676903671
newOrder,24999,1,94191,1676903671
cancel,11892,,,1676904265
cancel,19820,,,1676904265
cancel,21402,,,1676904265
cancel,24999,,,1676904265
newOrder,19820,0,23546,1676904274
newOrder,21402,1,23546,1676904274
newOrder,11892,0,94182,1676904274
newOrder,24999,1,94182,1676904274
cancel,11892,,,1676904864
cancel,19820,,,1676904864
cancel,21402,,,1676904864
cancel,24999,,,1676904864
newOrder,19820,0,23542,1676904872
newOrder,21403,1,23542,1676904872
newOrder,11892,0,94167,1676904872
newOrder,24999,1,94167,1676904872
cancel,11892,,,1676905465
cancel,19820,,,1676905465
cancel,21403,,,1676905465
cancel,24999,,,1676905465
newOrder,19820,0,23545,1676905471
newOrder,21402,1,23545,1676905471
newOrder,11892,0,94179,1676905471
newOrder,24999,1,94179,1676905471
cancel,11892,,,1676906064
cancel,19820,,,1676906064
cancel,21402,,,1676906064
cancel,24999,,,1676906064
newOrder,19820,0,23540,1676906072
newOrder,21403,1,23540,1676906072
newOrder,11892,0,94159,1676906072
newOrder,24999,1,94159,1676906072
cancel,11892,,,1676906664
cancel,19820,,,1676906664
cancel,21403,,,1676906664
cancel,24999,,,1676906664
newOrder,19820,0,23539,1676906675
newOrder,21403,1,23539,1676906675
newOrder,11892,0,94156,1676906675
newOrder,24999,1,94156,1676906675
cancel,11892,,,1676907264
cancel,19820,,,1676907264
cancel,21403,,,1676907264
cancel,24999,,,1676907264
newOrder,19820,0,23540,1676907271
newOrder,21403,1,23540,1676907271
newOrder,11892,0,94159,1676907271
newOrder,24999,1,94159,1676907271
cancel,11892,,,1676907863
cancel,19820,,,1676907863
cancel,21403,,,1676907863
cancel,24999,,,1676907863
newOrder,19820,0,23541,1676907869
newOrder,21402,1,23541,1676907869
newOrder,11892,0,94165,1676907869
newOrder,24999,1,94165,1676907869
cancel,11892,,,1676908464
cancel,19820,,,1676908464
cancel,21402,,,1676908464
cancel,24999,,,1676908464
newOrder,19820,0,23536,1676908470
newOrder,21403,1,23536,1676908470
newOrder,11892,0,94144,1676908470
newOrder,24999,1,94144,1676908470
cancel,11892,,,1676909064
cancel,19820,,,1676909064
cancel,21403,,,1676909064
cancel,24999,,,1676909064
newOrder,19820,0,23651,1676909070
newOrder,21380,1,23651,1676909070
newOrder,11892,0,94605,1676909070
newOrder,24999,1,94605,1676909070
cancel,11892,,,1676909663
cancel,19820,,,1676909663
cancel,21380,,,1676909663
cancel,24999,,,1676909663
newOrder,19820,0,23655,1676909671
newOrder,21379,1,23655,1676909671
newOrder,11892,0,94621,1676909671
newOrder,24999,1,94621,1676909671
cancel,11892,,,1676910265
cancel,19820,,,1676910265
cancel,21379,,,1676910265
cancel,24999,,,1676910265
newOrder,19820,0,23648,1676910274
newOrder,21380,1,23648,1676910274
newOrder,11892,0,94594,1676910274
newOrder,24999,1,94594,1676910274
cancel,11892,,,1676910864
cancel,19820,,,1676910864
cancel,21380,,,1676910864
cancel,24999,,,1676910864
newOrder,19820,0,23651,1676910872
newOrder,21379,1,23651,1676910872
newOrder,11892,0,94604,1676910872
newOrder,24999,1,94604,1676910872
cancel,11892,,,1676911464
cancel,19820,,,1676911464
cancel,21379,,,1676911464
cancel,24999,,,1676911464
newOrder,19820,0,23658,1676911472
newOrder,21378,1,23658,1676911472
newOrder,11892,0,94633,1676911472
newOrder,24999,1,94633,1676911472
cancel,11892,,,1676912064
cancel,19820,,,1676912064
cancel,21378,,,1676912064
cancel,24999,,,1676912064
newOrder,19820,0,23652,1676912071
newOrder,21379,1,23652,1676912071
newOrder,11892,0,94608,1676912071
newOrder,24999,1,94608,1676912071
cancel,11892,,,1676912664
cancel,19820,,,1676912664
cancel,21379,,,1676912664
cancel,24999,,,1676912664
newOrder,19820,0,23648,1676912671
newOrder,21380,1,23648,1676912671
newOrder,11892,0,94591,1676912671
newOrder,24999,1,94591,1676912671
cancel,11892,,,1676913264
cancel,19820,,,1676913264
cancel,21380,,,1676913264
cancel,24999,,,1676913264
newOrder,19820,0,23647,1676913271
newOrder,21380,1,23647,1676913271
newOrder,11892,0,94588,1676913271
newOrder,24999,1,94588,1676913271
cancel,11892,,,1676913865
cancel,19820,,,1676913865
cancel,21380,,,1676913865
cancel,24999,,,1676913865
newOrder,19820,0,23656,1676913872
newOrder,21378,1,23656,1676913872
newOrder,11892,0,94622,1676913872
newOrder,24999,1,94622,1676913872
cancel,11892,,,1676914464
cancel,19820,,,1676914464
cancel,21378,,,1676914464
cancel,24999,,,1676914464
newOrder,19820,0,23654,1676914474
newOrder,21378,1,23654,1676914474
newOrder,11892,0,94618,1676914474
newOrder,24999,1,94618,1676914474
cancel,11892,,,1676915065
cancel,19820,,,1676915065
cancel,21378,,,1676915065
cancel,24999,,,1676915065
newOrder,19820,0,23656,1676915079
newOrder,21377,1,23656,1676915079
newOrder,11892,0,94625,1676915079
newOrder,24999,1,94625,1676915079
cancel,11892,,,1676915664
cancel,19820,,,1676915664
cancel,21377,,,1676915664
cancel,24999,,,1676915664
newOrder,19820,0,23654,1676915673
newOrder,21377,1,23654,1676915673
newOrder,11892,0,94617,1676915673
newOrder,24999,1,94617,1676915673
cancel,11892,,,1676916264
cancel,19820,,,1676916264
cancel,21377,,,1676916264
cancel,24999,,,1676916264
newOrder,19820,0,23653,1676916271
newOrder,21377,1,23653,1676916271
newOrder,11892,0,94614,1676916271
newOrder,24999,1,94614,1676916271
cancel,11892,,,1676916862
cancel,19820,,,1676916862
cancel,21377,,,1676916862
cancel,24999,,,1676916862
newOrder,19820,0,23653,1676916871
newOrder,21377,1,23653,1676916871
newOrder,11892,0,94610,1676916871
newOrder,24999,1,94610,1676916871
cancel,11892,,,1676917464
cancel,19820,,,1676917464
cancel,21377,,,1676917464
cancel,24999,,,1676917464
newOrder,19820,0,23657,1676917472
newOrder,21376,1,23657,1676917472
newOrder,11892,0,94629,1676917472
newOrder,24999,1,94629,1676917472
cancel,11892,,,1676918065
cancel,19820,,,1676918065
cancel,21376,,,1676918065
cancel,24999,,,1676918065
newOrder,19820,0,23648,1676918072
newOrder,21378,1,23648,1676918072
newOrder,11892,0,94593,1676918072
newOrder,24999,1,94593,1676918072
cancel,11892,,,1676918664
cancel,19820,,,1676918664
cancel,21378,,,1676918664
cancel,24999,,,1676918664
newOrder,19820,0,23647,1676918671
newOrder,21378,1,23647,1676918671
newOrder,11892,0,94589,1676918671
newOrder,24999,1,94589,1676918671
cancel,11892,,,1676919265
cancel,19820,,,1676919265
cancel,21378,,,1676919265
cancel,24999,,,1676919265
newOrder,19820,0,23647,1676919270
newOrder,21378,1,23647,1676919270
newOrder,11892,0,94590,1676919270
newOrder,24999,1,94590,1676919270
cancel,11892,,,1676919865
cancel,19820,,,1676919865
cancel,21378,,,1676919865
cancel,24999,,,1676919865
newOrder,19820,0,23648,1676919873
newOrder,21377,1,23648,1676919873
newOrder,11892,0,94593,1676919873
newOrder,24999,1,94593,1676919873
cancel,11892,,,1676920464
cancel,19820,,,1676920464
cancel,21377,,,1676920464
cancel,24999,,,1676920464
newOrder,19820,0,23647,1676920473
newOrder,21378,1,23647,1676920473
newOrder,11892,0,94586,1676920473
newOrder,24999,1,94586,1676920473
cancel,11892,,,1676921063
cancel,19820,,,1676921063
cancel,21378,,,1676921063
cancel,24999,,,1676921063
newOrder,19820,0,23644,1676921070
newOrder,21378,1,23644,1676921070
newOrder,11892,0,94574,1676921070
newOrder,24999,1,94574,1676921070
cancel,11892,,,1676921664
cancel,19820,,,1676921664
cancel,21378,,,1676921664
cancel,24999,,,1676921664
newOrder,19820,0,25326,1676921670
newOrder,21054,1,25326,1676921670
newOrder,11892,0,101306,1676921670
newOrder,24999,1,101306,1676921670
cancel,11892,,,1676922263
cancel,19820,,,1676922263
cancel,21054,,,1676922263
cancel,24999,,,1676922263
newOrder,19820,0,25326,1676922271
newOrder,21054,1,25326,1676922271
newOrder,11892,0,101305,1676922271
newOrder,24999,1,101305,1676922271
cancel,11892,,,1676922862
cancel,19820,,,1676922862
cancel,21054,,,1676922862
cancel,24999,,,1676922862
newOrder,19820,0,25440,1676922875
newOrder,21033,1,25440,1676922875
newOrder,11892,0,101761,1676922875
newOrder,24999,1,101761,1676922875
cancel,11892,,,1676923463
cancel,19820,,,1676923463
cancel,21033,,,1676923463
cancel,24999,,,1676923463
newOrder,19820,0,25440,1676923471
newOrder,21033,1,25440,1676923471
newOrder,11892,0,101760,1676923471
newOrder,24999,1,101760,1676923471
cancel,11892,,,1676924066
cancel,19820,,,1676924066
cancel,21033,,,1676924066
cancel,24999,,,1676924066
newOrder,19820,0,24412,1676924074
newOrder,21228,1,24412,1676924074
newOrder,11892,0,97647,1676924074
newOrder,24999,1,97647,1676924074
cancel,11892,,,1676924665
cancel,19820,,,1676924665
cancel,21228,,,1676924665
cancel,24999,,,1676924665
newOrder,19820,0,24411,1676924676
newOrder,21228,1,24411,1676924676
newOrder,11892,0,97645,1676924676
newOrder,24999,1,97645,1676924676
cancel,11892,,,1676925265
cancel,19820,,,1676925265
cancel,21228,,,1676925265
cancel,24999,,,1676925265
newOrder,19820,0,24411,1676925272
newOrder,21228,1,24411,1676925272
newOrder,11892,0,97642,1676925272
newOrder,24999,1,97642,1676925272
cancel,11892,,,1676925863
cancel,19820,,,1676925863
cancel,21228,,,1676925863
cancel,24999,,,1676925863
newOrder,19820,0,24410,1676925871
newOrder,21228,1,24410,1676925871
newOrder,11892,0,97640,1676925871
newOrder,24999,1,97640,1676925871
cancel,11892,,,1676926464
cancel,19820,,,1676926464
cancel,21228,,,1676926464
cancel,24999,,,1676926464
newOrder,19820,0,24409,1676926473
newOrder,21228,1,24409,1676926473
newOrder,11892,0,97637,1676926473
newOrder,24999,1,97637,1676926473
cancel,11892,,,1676927064
cancel,19820,,,1676927064
cancel,21228,,,1676927064
cancel,24999,,,1676927064
newOrder,19820,0,24409,1676927071
newOrder,21228,1,24409,1676927071
newOrder,11892,0,97635,1676927071
newOrder,24999,1,97635,1676927071
cancel,11892,,,1676927664
cancel,19820,,,1676927664
cancel,21228,,,1676927664
cancel,24999,,,1676927664
newOrder,19820,0,24408,1676927696
newOrder,21228,1,24408,1676927696
newOrder,11892,0,97632,1676927696
cancel,11892,,,1676928263
cancel,19820,,,1676928263
cancel,21228,,,1676928263
newOrder,19820,0,24407,1676928269
newOrder,21228,1,24407,1676928269
newOrder,11892,0,97629,1676928269
newOrder,24999,1,97629,1676928269
cancel,11892,,,1676928863
cancel,19820,,,1676928863
cancel,21228,,,1676928863
cancel,24999,,,1676928863
newOrder,19820,0,24407,1676928870
newOrder,21228,1,24407,1676928870
newOrder,11892,0,97627,1676928870
newOrder,24999,1,97627,1676928870
cancel,11892,,,1676929466
cancel,19820,,,1676929466
cancel,21228,,,1676929466
cancel,24999,,,1676929466
newOrder,19820,0,24406,1676929475
newOrder,21228,1,24406,1676929475
newOrder,11892,0,97624,1676929475
newOrder,24999,1,97624,1676929475
cancel,11892,,,1676930063
cancel,19820,,,1676930063
cancel,21228,,,1676930063
cancel,24999,,,1676930063
newOrder,19820,0,24405,1676930070
newOrder,21228,1,24405,1676930070
newOrder,11892,0,97622,1676930070
newOrder,24999,1,97622,1676930070
cancel,11892,,,1676930665
cancel,19820,,,1676930665
cancel,21228,,,1676930665
cancel,24999,,,1676930665
newOrder,19820,0,24405,1676930673
newOrder,21228,1,24405,1676930673
newOrder,11892,0,97619,1676930673
newOrder,24999,1,97619,1676930673
cancel,11892,,,1676931264
cancel,19820,,,1676931264
cancel,21228,,,1676931264
cancel,24999,,,1676931264
newOrder,19820,0,24381,1676931273
newOrder,21232,1,24381,1676931273
newOrder,11892,0,97524,1676931273
newOrder,24999,1,97524,1676931273
cancel,11892,,,1676931866
cancel,19820,,,1676931866
cancel,21232,,,1676931866
cancel,24999,,,1676931866
newOrder,19820,0,24380,1676931872
newOrder,21232,1,24380,1676931872
newOrder,11892,0,97521,1676931872
newOrder,24999,1,97521,1676931872
cancel,11892,,,1676932463
cancel,19820,,,1676932463
cancel,21232,,,1676932463
cancel,24999,,,1676932463
newOrder,19820,0,24380,1676932471
newOrder,21232,1,24380,1676932471
newOrder,11892,0,97519,1676932471
newOrder,24999,1,97519,1676932471
cancel,11892,,,1676933064
cancel,19820,,,1676933064
cancel,21232,,,1676933064
cancel,24999,,,1676933064
newOrder,19820,0,24379,1676933071
newOrder,21232,1,24379,1676933071
newOrder,11892,0,97516,1676933071
newOrder,24999,1,97516,1676933071
cancel,11892,,,1676933664
cancel,19820,,,1676933664
cancel,21232,,,1676933664
cancel,24999,,,1676933664
newOrder,19820,0,25366,1676933671
newOrder,21046,1,25366,1676933671
newOrder,11892,0,101466,1676933671
newOrder,24999,1,101466,1676933671
cancel,11892,,,1676934264
cancel,19820,,,1676934264
cancel,21046,,,1676934264
cancel,24999,,,1676934264
newOrder,19820,0,25365,1676934272
newOrder,21047,1,25365,1676934272
newOrder,11892,0,101459,1676934272
newOrder,24999,1,101459,1676934272
cancel,11892,,,1676934865
cancel,19820,,,1676934865
cancel,21047,,,1676934865
cancel,24999,,,1676934865
newOrder,19820,0,25363,1676934871
newOrder,21047,1,25363,1676934871
newOrder,11892,0,101450,1676934871
newOrder,24999,1,101450,1676934871
cancel,11892,,,1676935465
cancel,19820,,,1676935465
cancel,21047,,,1676935465
cancel,24999,,,1676935465
newOrder,19820,0,25355,1676935470
newOrder,21048,1,25355,1676935470
newOrder,11892,0,101420,1676935470
newOrder,24999,1,101420,1676935470
cancel,11892,,,1676936065
cancel,19820,,,1676936065
cancel,21048,,,1676936065
cancel,24999,,,1676936065
newOrder,19820,0,25249,1676936074
newOrder,21068,1,25249,1676936074
newOrder,11892,0,100997,1676936074
newOrder,24999,1,100997,1676936074
cancel,11892,,,1676936665
cancel,19820,,,1676936665
cancel,21068,,,1676936665
cancel,24999,,,1676936665
newOrder,19820,0,25351,1676936673
newOrder,21049,1,25351,1676936673
newOrder,11892,0,101406,1676936673
newOrder,24999,1,101406,1676936673
cancel,11892,,,1676937264
cancel,19820,,,1676937264
cancel,21049,,,1676937264
cancel,24999,,,1676937264
newOrder,19820,0,25353,1676937270
newOrder,21049,1,25353,1676937270
newOrder,11892,0,101411,1676937270
newOrder,24999,1,101411,1676937270
cancel,11892,,,1676937864
cancel,19820,,,1676937864
cancel,21049,,,1676937864
cancel,24999,,,1676937864
newOrder,19820,0,25353,1676937872
newOrder,21048,1,25353,1676937872
newOrder,11892,0,101412,1676937872
newOrder,24999,1,101412,1676937872
cancel,11892,,,1676938464
cancel,19820,,,1676938464
cancel,21048,,,1676938464
cancel,24999,,,1676938464
newOrder,19820,0,25355,1676938471
newOrder,21048,1,25355,1676938471
newOrder,11892,0,101421,1676938471
newOrder,24999,1,101421,1676938471
cancel,11892,,,1676939064
cancel,19820,,,1676939064
cancel,21048,,,1676939064
cancel,24999,,,1676939064
newOrder,19820,0,25352,1676939071
newOrder,21048,1,25352,1676939071
newOrder,11892,0,101409,1676939071
newOrder,24999,1,101409,1676939071
cancel,11892,,,1676939664
cancel,19820,,,1676939664
cancel,21048,,,1676939664
cancel,24999,,,1676939664
newOrder,19820,0,25352,1676939672
newOrder,21049,1,25352,1676939672
newOrder,11892,0,101406,1676939672
newOrder,24999,1,101406,1676939672
cancel,11892,,,1676940264
cancel,19820,,,1676940264
cancel,21049,,,1676940264
cancel,24999,,,1676940264
newOrder,19820,0,25346,1676940270
newOrder,21049,1,25346,1676940270
newOrder,11892,0,101385,1676940270
newOrder,24999,1,101385,1676940270
cancel,11892,,,1676940863
cancel,19820,,,1676940863
cancel,21049,,,1676940863
cancel,24999,,,1676940863
newOrder,19820,0,25352,1676940869
newOrder,21048,1,25352,1676940869
newOrder,11892,0,101406,1676940869
newOrder,24999,1,101406,1676940869
cancel,11892,,,1676941464
cancel,19820,,,1676941464
cancel,21048,,,1676941464
cancel,24999,,,1676941464
newOrder,19820,0,25352,1676941479
newOrder,21048,1,25352,1676941479
newOrder,11892,0,101410,1676941479
newOrder,24999,1,101410,1676941479
cancel,11892,,,1676942065
cancel,19820,,,1676942065
cancel,21048,,,1676942065
cancel,24999,,,1676942065
newOrder,19820,0,25352,1676942133
newOrder,21048,1,25352,1676942133
newOrder,11892,0,101410,1676942133
newOrder,24999,1,101410,1676942133
cancel,11892,,,1676942667
cancel,19820,,,1676942667
cancel,21048,,,1676942667
cancel,24999,,,1676942667
newOrder,19820,0,25354,1676942680
newOrder,21048,1,25354,1676942680
newOrder,11892,0,101414,1676942680
newOrder,24999,1,101414,1676942680
cancel,11892,,,1676943264
cancel,19820,,,1676943264
cancel,21048,,,1676943264
cancel,24999,,,1676943264
newOrder,19820,0,25352,1676943270
newOrder,21048,1,25352,1676943270
newOrder,11892,0,101406,1676943270
newOrder,24999,1,101406,1676943270
cancel,11892,,,1676943864
cancel,19820,,,1676943864
cancel,21048,,,1676943864
cancel,24999,,,1676943864
newOrder,19820,0,25356,1676943874
newOrder,21047,1,25356,1676943874
newOrder,11892,0,101423,1676943874
newOrder,24999,1,101423,1676943874
cancel,11892,,,1676944463
cancel,19820,,,1676944463
cancel,21047,,,1676944463
cancel,24999,,,1676944463
newOrder,19820,0,25349,1676944473
newOrder,21049,1,25349,1676944473
newOrder,11892,0,101397,1676944473
newOrder,24999,1,101397,1676944473
cancel,11892,,,1676945059
cancel,19820,,,1676945059
cancel,21049,,,1676945059
cancel,24999,,,1676945059
newOrder,19820,0,25055,1676945075
newOrder,21103,1,25055,1676945075
newOrder,11892,0,100219,1676945075
newOrder,24999,1,100219,1676945075
cancel,11892,,,1676945665
cancel,19820,,,1676945665
cancel,21103,,,1676945665
cancel,24999,,,1676945665
newOrder,19820,0,25054,1676945673
newOrder,21103,1,25054,1676945673
newOrder,11892,0,100217,1676945673
newOrder,24999,1,100217,1676945673
cancel,11892,,,1676946263
cancel,19820,,,1676946263
cancel,21103,,,1676946263
cancel,24999,,,1676946263
newOrder,19820,0,25056,1676946271
newOrder,21103,1,25056,1676946271
newOrder,11892,0,100223,1676946271
newOrder,24999,1,100223,1676946271
cancel,11892,,,1676946865
cancel,19820,,,1676946865
cancel,21103,,,1676946865
cancel,24999,,,1676946865
newOrder,19820,0,25055,1676946873
newOrder,21103,1,25055,1676946873
newOrder,11892,0,100221,1676946873
newOrder,24999,1,100221,1676946873
cancel,11892,,,1676947463
cancel,19820,,,1676947463
cancel,21103,,,1676947463
cancel,24999,,,1676947463
newOrder,19820,0,25055,1676947471
newOrder,21103,1,25055,1676947471
newOrder,11892,0,100219,1676947471
newOrder,24999,1,100219,1676947471
cancel,11892,,,1676948064
cancel,19820,,,1676948064
cancel,21103,,,1676948064
cancel,24999,,,1676948064
newOrder,19820,0,25054,1676948071
newOrder,21103,1,25054,1676948071
newOrder,11892,0,100217,1676948071
newOrder,24999,1,100217,1676948071
cancel,11892,,,1676948663
cancel,19820,,,1676948663
cancel,21103,,,1676948663
cancel,24999,,,1676948663
newOrder,19820,0,25054,1676948673
newOrder,21103,1,25054,1676948673
newOrder,11892,0,100215,1676948673
newOrder,24999,1,100215,1676948673
cancel,11892,,,1676949264
cancel,19820,,,1676949264
cancel,21103,,,1676949264
cancel,24999,,,1676949264
newOrder,19820,0,25053,1676949270
newOrder,21103,1,25053,1676949270
newOrder,11892,0,100213,1676949270
newOrder,24999,1,100213,1676949270
cancel,11892,,,1676949863
cancel,19820,,,1676949863
cancel,21103,,,1676949863
cancel,24999,,,1676949863
newOrder,19820,0,24889,1676949875
newOrder,21133,1,24889,1676949875
newOrder,11892,0,99556,1676949875
newOrder,24999,1,99556,1676949875
cancel,11892,,,1676950463
cancel,19820,,,1676950463
cancel,21133,,,1676950463
cancel,24999,,,1676950463
newOrder,19820,0,24888,1676950469
newOrder,21133,1,24888,1676950469
newOrder,11892,0,99553,1676950469
newOrder,24999,1,99553,1676950469
cancel,11892,,,1676951064
cancel,19820,,,1676951064
cancel,21133,,,1676951064
cancel,24999,,,1676951064
newOrder,19820,0,24888,1676951071
newOrder,21133,1,24888,1676951071
newOrder,11892,0,99551,1676951071
newOrder,24999,1,99551,1676951071
cancel,11892,,,1676951663
cancel,19820,,,1676951663
cancel,21133,,,1676951663
cancel,24999,,,1676951663
newOrder,19820,0,24887,1676951671
newOrder,21133,1,24887,1676951671
newOrder,11892,0,99549,1676951671
newOrder,24999,1,99549,1676951671
cancel,11892,,,1676952263
cancel,19820,,,1676952263
cancel,21133,,,1676952263
cancel,24999,,,1676952263
newOrder,19820,0,24887,1676952274
newOrder,21133,1,24887,1676952274
newOrder,11892,0,99546,1676952274
newOrder,24999,1,99546,1676952274
cancel,11892,,,1676952864
cancel,19820,,,1676952864
cancel,21133,,,1676952864
cancel,24999,,,1676952864
newOrder,19820,0,24886,1676952871
newOrder,21133,1,24886,1676952871
newOrder,11892,0,99544,1676952871
newOrder,24999,1,99544,1676952871
cancel,11892,,,1676953463
cancel,19820,,,1676953463
cancel,21133,,,1676953463
cancel,24999,,,1676953463
newOrder,19820,0,24885,1676953473
newOrder,21133,1,24885,1676953473
newOrder,11892,0,99541,1676953473
newOrder,24999,1,99541,1676953473
cancel,11892,,,1676954063
cancel,19820,,,1676954063
cancel,21133,,,1676954063
cancel,24999,,,1676954063
newOrder,19820,0,24885,1676954070
newOrder,21133,1,24885,1676954070
newOrder,11892,0,99538,1676954070
newOrder,24999,1,99538,1676954070
cancel,11892,,,1676954663
cancel,19820,,,1676954663
cancel,21133,,,1676954663
cancel,24999,,,1676954663
newOrder,19820,0,24884,1676954670
newOrder,21133,1,24884,1676954670
newOrder,11892,0,99536,1676954670
newOrder,24999,1,99536,1676954670
cancel,11892,,,1676955264
cancel,19820,,,1676955264
cancel,21133,,,1676955264
cancel,24999,,,1676955264
newOrder,19820,0,24883,1676955271
newOrder,21133,1,24883,1676955271
newOrder,11892,0,99533,1676955271
newOrder,24999,1,99533,1676955271
cancel,11892,,,1676955864
cancel,19820,,,1676955864
cancel,21133,,,1676955864
cancel,24999,,,1676955864
newOrder,19820,0,24883,1676955871
newOrder,21133,1,24883,1676955871
newOrder,11892,0,99531,1676955871
newOrder,24999,1,99531,1676955871
cancel,11892,,,1676956460
cancel,19820,,,1676956460
cancel,21133,,,1676956460
cancel,24999,,,1676956460
newOrder,19820,0,24882,1676956473
newOrder,21133,1,24882,1676956473
newOrder,11892,0,99528,1676956473
newOrder,24999,1,99528,1676956473
cancel,11892,,,1676957064
cancel,19820,,,1676957064
cancel,21133,,,1676957064
cancel,24999,,,1676957064
newOrder,19820,0,24881,1676957070
newOrder,21133,1,24881,1676957070
newOrder,11892,0,99525,1676957070
newOrder,24999,1,99525,1676957070
cancel,11892,,,1676957664
cancel,19820,,,1676957664
cancel,21133,,,1676957664
cancel,24999,,,1676957664
newOrder,19820,0,24881,1676957670
newOrder,21133,1,24881,1676957670
newOrder,11892,0,99523,1676957670
newOrder,24999,1,99523,1676957670
cancel,11892,,,1676958263
cancel,19820,,,1676958263
cancel,21133,,,1676958263
cancel,24999,,,1676958263
newOrder,19820,0,24880,1676958270
newOrder,21133,1,24880,1676958270
newOrder,11892,0,99520,1676958270
newOrder,24999,1,99520,1676958270
cancel,11892,,,1676958864
cancel,19820,,,1676958864
cancel,21133,,,1676958864
cancel,24999,,,1676958864
newOrder,19820,0,24879,1676958870
newOrder,21133,1,24879,1676958870
newOrder,11892,0,99517,1676958870
newOrder,24999,1,99517,1676958870
cancel,11892,,,1676959463
cancel,19820,,,1676959463
cancel,21133,,,1676959463
cancel,24999,,,1676959463
newOrder,19820,0,24879,1676959469
newOrder,21133,1,24879,1676959469
newOrder,11892,0,99515,1676959469
newOrder,24999,1,99515,1676959469
cancel,11892,,,1676960064
cancel,19820,,,1676960064
cancel,21133,,,1676960064
cancel,24999,,,1676960064
newOrder,19820,0,24878,1676960072
newOrder,21133,1,24878,1676960072
newOrder,11892,0,99512,1676960072
newOrder,24999,1,99512,1676960072
cancel,11892,,,1676960663
cancel,19820,,,1676960663
cancel,21133,,,1676960663
cancel,24999,,,1676960663
newOrder,19820,0,24877,1676960679
newOrder,21133,1,24877,1676960679
newOrder,11892,0,99509,1676960679
newOrder,24999,1,99509,1676960679
cancel,11892,,,1676961264
cancel,19820,,,1676961264
cancel,21133,,,1676961264
cancel,24999,,,1676961264
newOrder,19820,0,24877,1676961271
newOrder,21133,1,24877,1676961271
newOrder,11892,0,99506,1676961271
newOrder,24999,1,99506,1676961271
cancel,11892,,,1676961866
cancel,19820,,,1676961866
cancel,21133,,,1676961866
cancel,24999,,,1676961866
newOrder,19820,0,24876,1676961874
newOrder,21133,1,24876,1676961874
newOrder,11892,0,99503,1676961874
newOrder,24999,1,99503,1676961874
cancel,11892,,,1676962464
cancel,19820,,,1676962464
cancel,21133,,,1676962464
cancel,24999,,,1676962464
newOrder,19820,0,24875,1676962470
newOrder,21133,1,24875,1676962470
newOrder,11892,0,99500,1676962470
newOrder,24999,1,99500,1676962470
cancel,11892,,,1676963064
cancel,19820,,,1676963064
cancel,21133,,,1676963064
cancel,24999,,,1676963064
newOrder,19820,0,24874,1676963070
newOrder,21133,1,24874,1676963070
newOrder,11892,0,99498,1676963070
newOrder,24999,1,99498,1676963070
cancel,11892,,,1676963665
cancel,19820,,,1676963665
cancel,21133,,,1676963665
cancel,24999,,,1676963665
newOrder,19820,0,24874,1676963671
newOrder,21133,1,24874,1676963671
newOrder,11892,0,99495,1676963671
newOrder,24999,1,99495,1676963671
cancel,11892,,,1676964263
cancel,19820,,,1676964263
cancel,21133,,,1676964263
cancel,24999,,,1676964263
newOrder,19820,0,24873,1676964270
newOrder,21133,1,24873,1676964270
newOrder,11892,0,99492,1676964270
newOrder,24999,1,99492,1676964270
cancel,11892,,,1676964866
cancel,19820,,,1676964866
cancel,21133,,,1676964866
cancel,24999,,,1676964866
newOrder,19820,0,24872,1676964875
newOrder,21133,1,24872,1676964875
newOrder,11892,0,99489,1676964875
newOrder,24999,1,99489,1676964875
cancel,11892,,,1676965463
cancel,19820,,,1676965463
cancel,21133,,,1676965463
cancel,24999,,,1676965463
newOrder,19820,0,24871,1676965471
newOrder,21133,1,24871,1676965471
newOrder,11892,0,99486,1676965471
newOrder,24999,1,99486,1676965471
cancel,11892,,,1676966064
cancel,19820,,,1676966064
cancel,21133,,,1676966064
cancel,24999,,,1676966064
newOrder,19820,0,24871,1676966068
newOrder,21133,1,24871,1676966068
newOrder,11892,0,99483,1676966068
newOrder,24999,1,99483,1676966068
cancel,11892,,,1676966665
cancel,19820,,,1676966665
cancel,21133,,,1676966665
cancel,24999,,,1676966665
newOrder,19820,0,24870,1676966673
newOrder,21133,1,24870,1676966673
newOrder,11892,0,99480,1676966673
newOrder,24999,1,99480,1676966673
cancel,11892,,,1676967265
cancel,19820,,,1676967265
cancel,21133,,,1676967265
cancel,24999,,,1676967265
newOrder,19820,0,26208,1676967272
newOrder,20892,1,26208,1676967272
newOrder,11892,0,104834,1676967272
newOrder,24999,1,104834,1676967272
cancel,11892,,,1676967863
cancel,19820,,,1676967863
cancel,20892,,,1676967863
cancel,24999,,,1676967863
newOrder,19820,0,26208,1676967870
newOrder,20892,1,26208,1676967870
newOrder,11892,0,104832,1676967870
newOrder,24999,1,104832,1676967870
cancel,11892,,,1676968463
cancel,19820,,,1676968463
cancel,20892,,,1676968463
cancel,24999,,,1676968463
newOrder,19820,0,26318,1676968470
newOrder,20872,1,26318,1676968470
newOrder,11892,0,105272,1676968470
newOrder,24999,1,105272,1676968470
cancel,11892,,,1676969064
cancel,19820,,,1676969064
cancel,20872,,,1676969064
cancel,24999,,,1676969064
newOrder,19820,0,26374,1676969072
newOrder,20863,1,26374,1676969072
newOrder,11892,0,105495,1676969072
newOrder,24999,1,105495,1676969072
cancel,11892,,,1676969664
cancel,19820,,,1676969664
cancel,20863,,,1676969664
cancel,24999,,,1676969664
newOrder,19820,0,26440,1676969673
newOrder,20851,1,26440,1676969673
newOrder,11892,0,105760,1676969673
newOrder,24999,1,105760,1676969673
cancel,11892,,,1676970264
cancel,19820,,,1676970264
cancel,20851,,,1676970264
cancel,24999,,,1676970264
newOrder,19820,0,26372,1676970270
newOrder,20863,1,26372,1676970270
newOrder,11892,0,105489,1676970270
newOrder,24999,1,105489,1676970270
cancel,11892,,,1676970865
cancel,19820,,,1676970865
cancel,20863,,,1676970865
cancel,24999,,,1676970865
newOrder,19820,0,26374,1676970872
newOrder,20863,1,26374,1676970872
newOrder,11892,0,105495,1676970872
newOrder,24999,1,105495,1676970872
cancel,11892,,,1676971464
cancel,19820,,,1676971464
cancel,20863,,,1676971464
cancel,24999,,,1676971464
newOrder,19820,0,26372,1676971471
newOrder,20863,1,26372,1676971471
newOrder,11892,0,105488,1676971471
newOrder,24999,1,105488,1676971471
cancel,11892,,,1676972064
cancel,19820,,,1676972064
cancel,20863,,,1676972064
cancel,24999,,,1676972064
newOrder,19820,0,26440,1676972074
newOrder,20851,1,26440,1676972074
newOrder,11892,0,105761,1676972074
newOrder,24999,1,105761,1676972074
cancel,11892,,,1676972664
cancel,19820,,,1676972664
cancel,20851,,,1676972664
cancel,24999,,,1676972664
newOrder,19820,0,26374,1676972672
newOrder,20863,1,26374,1676972672
newOrder,11892,0,105495,1676972672
newOrder,24999,1,105495,1676972672
cancel,11892,,,1676973264
cancel,19820,,,1676973264
cancel,20863,,,1676973264
cancel,24999,,,1676973264
newOrder,19820,0,26373,1676973271
newOrder,20863,1,26373,1676973271
newOrder,11892,0,105491,1676973271
newOrder,24999,1,105491,1676973271
cancel,11892,,,1676973864
cancel,19820,,,1676973864
cancel,20863,,,1676973864
cancel,24999,,,1676973864
newOrder,19820,0,26372,1676973871
newOrder,20863,1,26372,1676973871
newOrder,11892,0,105488,1676973871
newOrder,24999,1,105488,1676973871
cancel,11892,,,1676974464
cancel,19820,,,1676974464
cancel,20863,,,1676974464
cancel,24999,,,1676974464
newOrder,19820,0,26372,1676974471
newOrder,20863,1,26372,1676974471
newOrder,11892,0,105489,1676974471
newOrder,24999,1,105489,1676974471
cancel,11892,,,1676975064
cancel,19820,,,1676975064
cancel,20863,,,1676975064
cancel,24999,,,1676975064
newOrder,19820,0,26374,1676975071
newOrder,20863,1,26374,1676975071
newOrder,11892,0,105495,1676975071
newOrder,24999,1,105495,1676975071
cancel,11892,,,1676975665
cancel,19820,,,1676975665
cancel,20863,,,1676975665
cancel,24999,,,1676975665
newOrder,19820,0,28005,1676975674
newOrder,20580,1,28005,1676975674
newOrder,11892,0,112021,1676975674
newOrder,24999,1,112021,1676975674
cancel,11892,,,1676976263
cancel,19820,,,1676976263
cancel,20580,,,1676976263
cancel,24999,,,1676976263
newOrder,19820,0,28008,1676976273
newOrder,20579,1,28008,1676976273
newOrder,11892,0,112031,1676976273
newOrder,24999,1,112031,1676976273
cancel,11892,,,1676976864
cancel,19820,,,1676976864
cancel,20579,,,1676976864
cancel,24999,,,1676976864
newOrder,19820,0,28008,1676976872
newOrder,20579,1,28008,1676976872
newOrder,11892,0,112034,1676976872
newOrder,24999,1,112034,1676976872
cancel,11892,,,1676977464
cancel,19820,,,1676977464
cancel,20579,,,1676977464
cancel,24999,,,1676977464
newOrder,19820,0,28008,1676977472
newOrder,20580,1,28008,1676977472
newOrder,11892,0,112033,1676977472
newOrder,24999,1,112033,1676977472
cancel,11892,,,1676978064
cancel,19820,,,1676978064
cancel,20580,,,1676978064
cancel,24999,,,1676978064
newOrder,19820,0,28009,1676978074
newOrder,20580,1,28009,1676978074
newOrder,11892,0,112037,1676978074
newOrder,24999,1,112037,1676978074
cancel,11892,,,1676978664
cancel,19820,,,1676978664
cancel,20580,,,1676978664
cancel,24999,,,1676978664
newOrder,19820,0,28013,1676978670
newOrder,20579,1,28013,1676978670
newOrder,11892,0,112053,1676978670
newOrder,24999,1,112053,1676978670
cancel,11892,,,1676979264
cancel,19820,,,1676979264
cancel,20579,,,1676979264
cancel,24999,,,1676979264
newOrder,19820,0,28015,1676979270
newOrder,20579,1,28015,1676979270
newOrder,11892,0,112062,1676979270
newOrder,24999,1,112062,1676979270
cancel,11892,,,1676979864
cancel,19820,,,1676979864
cancel,20579,,,1676979864
cancel,24999,,,1676979864
newOrder,19820,0,26783,1676979871
newOrder,20791,1,26783,1676979871
newOrder,11892,0,107133,1676979871
newOrder,24999,1,107133,1676979871
cancel,11892,,,1676980464
cancel,19820,,,1676980464
cancel,20791,,,1676980464
cancel,24999,,,1676980464
newOrder,19820,0,26565,1676980467
newOrder,20829,1,26565,1676980467
newOrder,11892,0,106259,1676980467
newOrder,24999,1,106259,1676980467
cancel,11892,,,1676981063
cancel,19820,,,1676981063
cancel,20829,,,1676981063
cancel,24999,,,1676981063
newOrder,19820,0,26565,1676981073
newOrder,20829,1,26565,1676981073
newOrder,11892,0,106259,1676981073
newOrder,24999,1,106259,1676981073