instruction,price,side,qty,time
cancel,10478,,,1688127358
cancel,17464,,,1688127358
cancel,18075,,,1688127358
cancel,24999,,,1688127358
newOrder,17464,0,31595,1688127380
newOrder,18075,1,31595,1688127380
newOrder,10478,0,151914,1688127380
newOrder,24999,1,151914,1688127380
cancel,10478,,,1688127959
cancel,17464,,,1688127959
cancel,18075,,,1688127959
cancel,24999,,,1688127959
newOrder,17464,0,31645,1688127981
newOrder,18075,1,31645,1688127981
newOrder,10526,0,52673,1688127981
cancel,10526,,,1688128559
cancel,17464,,,1688128559
cancel,18075,,,1688128559
newOrder,17464,0,31695,1688128581
newOrder,18075,1,31695,1688128581
newOrder,10478,0,119893,1688128581
newOrder,24999,1,119893,1688128581
cancel,10478,,,1688129158
cancel,17464,,,1688129158
cancel,18075,,,1688129158
cancel,24999,,,1688129158
newOrder,17464,0,31746,1688129182
newOrder,18075,1,31746,1688129182
newOrder,10478,0,150622,1688129182
newOrder,24999,1,150622,1688129182
cancel,10478,,,1688129760
cancel,17464,,,1688129760
cancel,18075,,,1688129760
cancel,24999,,,1688129760
newOrder,17464,0,31797,1688129783
newOrder,18075,1,31797,1688129783
newOrder,10478,0,67493,1688129783
newOrder,24999,1,67493,1688129783
cancel,10478,,,1688130358
cancel,17464,,,1688130358
cancel,18075,,,1688130358
cancel,24999,,,1688130358
newOrder,17464,0,31848,1688130382
newOrder,18075,1,31848,1688130382
newOrder,10478,0,100689,1688130382
newOrder,24999,1,100689,1688130382
cancel,10478,,,1688130959
cancel,17464,,,1688130959
cancel,18075,,,1688130959
cancel,24999,,,1688130959
newOrder,17464,0,31899,1688130980
newOrder,18075,1,31899,1688130980
newOrder,10478,0,111765,1688130980
newOrder,24999,1,111765,1688130980
cancel,10478,,,1688131558
cancel,17464,,,1688131558
cancel,18075,,,1688131558
cancel,24999,,,1688131558
newOrder,17464,0,31951,1688131580
newOrder,18075,1,31951,1688131580
newOrder,12162,0,41042,1688131580
cancel,12162,,,1688132161
cancel,17464,,,1688132161
cancel,18075,,,1688132161
newOrder,17464,0,32003,1688132184
newOrder,18075,1,32003,1688132184
newOrder,10478,0,144668,1688132184
newOrder,24999,1,144668,1688132184
cancel,10478,,,1688132762
cancel,17464,,,1688132762
cancel,18075,,,1688132762
cancel,24999,,,1688132762
newOrder,17464,0,32051,1688132784
newOrder,18075,1,32051,1688132784
newOrder,10478,0,130790,1688132784
newOrder,24999,1,130790,1688132784
cancel,10478,,,1688133359
cancel,17464,,,1688133359
cancel,18075,,,1688133359
cancel,24999,,,1688133359
newOrder,17463,0,32085,1688133382
newOrder,18075,1,32085,1688133382
newOrder,10478,0,77606,1688133382
newOrder,24999,1,77606,1688133382
cancel,10478,,,1688133959
cancel,17463,,,1688133959
cancel,18075,,,1688133959
cancel,24999,,,1688133959
newOrder,17463,0,32138,1688133982
newOrder,18075,1,32138,1688133982
newOrder,10478,0,113878,1688133982
newOrder,24999,1,113878,1688133982
cancel,10478,,,1688134560
cancel,17463,,,1688134560
cancel,18075,,,1688134560
cancel,24999,,,1688134560
newOrder,17446,0,31838,1688134583
newOrder,18075,1,31838,1688134583
newOrder,10468,0,146050,1688134583
newOrder,24999,1,146050,1688134583
cancel,10468,,,1688135160
cancel,17446,,,1688135160
cancel,18075,,,1688135160
cancel,24999,,,1688135160
newOrder,17446,0,31887,1688135182
newOrder,18075,1,31887,1688135182
newOrder,10468,0,73260,1688135182
newOrder,24999,1,73260,1688135182
cancel,10468,,,1688135759
cancel,17446,,,1688135759
cancel,18075,,,1688135759
cancel,24999,,,1688135759
newOrder,17514,0,33334,1688135782
newOrder,18075,1,33334,1688135782
newOrder,12204,0,41126,1688135782
cancel,12204,,,1688136359
cancel,17514,,,1688136359
cancel,18075,,,1688136359
newOrder,17514,0,33398,1688136382
newOrder,18075,1,33398,1688136382
newOrder,10508,0,166385,1688136382
newOrder,24999,1,166385,1688136382
cancel,10508,,,1688136959
cancel,17514,,,1688136959
cancel,18075,,,1688136959
cancel,24999,,,1688136959
newOrder,17514,0,33462,1688136981
newOrder,18075,1,33462,1688136981
newOrder,10508,0,179116,1688136981
newOrder,24999,1,179116,1688136981
cancel,10508,,,1688137559
cancel,17514,,,1688137559
cancel,18075,,,1688137559
cancel,24999,,,1688137559
newOrder,17514,0,33528,1688137582
newOrder,18075,1,33528,1688137582
newOrder,12204,0,40423,1688137582
cancel,12204,,,1688138159
cancel,17514,,,1688138159
cancel,18075,,,1688138159
newOrder,17514,0,33593,1688138183
newOrder,18075,1,33593,1688138183
newOrder,10508,0,158362,1688138183
newOrder,24999,1,158362,1688138183
cancel,10508,,,1688138759
cancel,17514,,,1688138759
cancel,18075,,,1688138759
cancel,24999,,,1688138759
newOrder,17514,0,33659,1688138783
newOrder,18075,1,33659,1688138783
newOrder,10508,0,147707,1688138783
newOrder,24999,1,147707,1688138783
cancel,10508,,,1688139358
cancel,17514,,,1688139358
cancel,18075,,,1688139358
cancel,24999,,,1688139358
newOrder,17514,0,33725,1688139382
newOrder,18075,1,33725,1688139382
newOrder,10508,0,72662,1688139382
newOrder,24999,1,72662,1688139382
cancel,10508,,,1688139960
cancel,17514,,,1688139960
cancel,18075,,,1688139960
cancel,24999,,,1688139960
newOrder,17514,0,33792,1688139982
newOrder,18075,1,33792,1688139982
newOrder,10508,0,118063,1688139982
newOrder,24999,1,118063,1688139982
cancel,10508,,,1688140559
cancel,17514,,,1688140559
cancel,18075,,,1688140559
cancel,24999,,,1688140559
newOrder,17514,0,33926,1688141178
newOrder,18075,1,33926,1688141178
newOrder,15217,0,24264,1688141178
cancel,15217,,,1688141759
cancel,17514,,,1688141759
cancel,18075,,,1688141759
newOrder,17514,0,33994,1688141781
newOrder,18075,1,33994,1688141781
newOrder,10526,0,47278,1688141781
cancel,10526,,,1688142358
cancel,17514,,,1688142358
cancel,18075,,,1688142358
newOrder,17514,0,34062,1688142380
newOrder,18075,1,34062,1688142380
newOrder,10508,0,119948,1688142380
newOrder,24999,1,119948,1688142380
cancel,10508,,,1688142959
cancel,17514,,,1688142959
cancel,18075,,,1688142959
cancel,24999,,,1688142959
newOrder,17514,0,34131,1688142985
newOrder,18075,1,34131,1688142985
newOrder,10508,0,62409,1688142985
newOrder,24999,1,62409,1688142985
cancel,10508,,,1688143559
cancel,17514,,,1688143559
cancel,18075,,,1688143559
cancel,24999,,,1688143559
newOrder,17514,0,34200,1688143584
newOrder,18075,1,34200,1688143584
newOrder,10508,0,120375,1688143584
newOrder,24999,1,120375,1688143584
cancel,10508,,,1688144159
cancel,17514,,,1688144159
cancel,18075,,,1688144159
cancel,24999,,,1688144159
newOrder,17514,0,34286,1688144183
newOrder,18075,1,34286,1688144183
newOrder,10509,0,116594,1688144183
newOrder,24999,1,116594,1688144183
cancel,10509,,,1688144760
cancel,17514,,,1688144760
cancel,18075,,,1688144760
cancel,24999,,,1688144760
newOrder,17514,0,34356,1688144784
newOrder,18075,1,34356,1688144784
newOrder,15217,0,24425,1688144784
cancel,15217,,,1688145360
cancel,17514,,,1688145360
cancel,18075,,,1688145360
newOrder,17514,0,34427,1688145385
newOrder,18075,1,34427,1688145385
newOrder,10509,0,80210,1688145385
newOrder,24999,1,80210,1688145385
cancel,10509,,,1688145958
cancel,17514,,,1688145958
cancel,18075,,,1688145958
cancel,24999,,,1688145958
newOrder,17516,0,34529,1688145982
newOrder,18075,1,34529,1688145982
newOrder,10509,0,157341,1688145982
newOrder,24999,1,157341,1688145982
cancel,10509,,,1688146559
cancel,17516,,,1688146559
cancel,18075,,,1688146559
cancel,24999,,,1688146559
newOrder,17516,0,34601,1688146586
newOrder,18075,1,34601,1688146586
newOrder,10509,0,120935,1688146586
newOrder,24999,1,120935,1688146586
cancel,10509,,,1688147160
cancel,17516,,,1688147160
cancel,18075,,,1688147160
cancel,24999,,,1688147160
newOrder,17516,0,34673,1688147184
newOrder,18075,1,34673,1688147184
newOrder,10509,0,92680,1688147184
newOrder,24999,1,92680,1688147184
cancel,10509,,,1688147760
cancel,17516,,,1688147760
cancel,18075,,,1688147760
cancel,24999,,,1688147760
newOrder,17519,0,34836,1688147783
newOrder,18075,1,34836,1688147783
newOrder,10512,0,114193,1688147783
newOrder,24999,1,114193,1688147783
cancel,10512,,,1688148359
cancel,17519,,,1688148359
cancel,18075,,,1688148359
cancel,24999,,,1688148359
newOrder,17523,0,34994,1688148381
newOrder,18075,1,34994,1688148381
newOrder,10514,0,120023,1688148381
newOrder,24999,1,120023,1688148381
cancel,10514,,,1688148960
cancel,17523,,,1688148960
cancel,18075,,,1688148960
cancel,24999,,,1688148960
newOrder,17523,0,35088,1688148983
newOrder,18075,1,35088,1688148983
newOrder,10514,0,64820,1688148983
newOrder,24999,1,64820,1688148983
cancel,10514,,,1688149559
cancel,17523,,,1688149559
cancel,18075,,,1688149559
cancel,24999,,,1688149559
newOrder,17525,0,35212,1688149582
newOrder,18075,1,35212,1688149582
newOrder,10515,0,167934,1688149582
newOrder,24999,1,167934,1688149582
cancel,10515,,,1688150159
cancel,17525,,,1688150159
cancel,18075,,,1688150159
cancel,24999,,,1688150159
newOrder,17525,0,35289,1688150182
newOrder,18075,1,35289,1688150182
newOrder,12204,0,40435,1688150182
cancel,12204,,,1688150759
cancel,17525,,,1688150759
cancel,18075,,,1688150759
newOrder,17525,0,35358,1688150782
newOrder,18075,1,35358,1688150782
newOrder,15217,0,30216,1688150782
cancel,15217,,,1688151360
cancel,17525,,,1688151360
cancel,18075,,,1688151360
newOrder,17525,0,35436,1688151383
newOrder,18075,1,35436,1688151383
newOrder,10515,0,105571,1688151383
newOrder,24999,1,105571,1688151383
cancel,10515,,,1688151960
cancel,17525,,,1688151960
cancel,18075,,,1688151960
cancel,24999,,,1688151960
newOrder,17525,0,35515,1688151982
newOrder,18075,1,35515,1688151982
newOrder,10515,0,108485,1688151982
newOrder,24999,1,108485,1688151982
cancel,10515,,,1688152559
cancel,17525,,,1688152559
cancel,18075,,,1688152559
cancel,24999,,,1688152559
newOrder,17525,0,35594,1688152583
newOrder,18075,1,35594,1688152583
newOrder,10515,0,132662,1688152583
newOrder,24999,1,132662,1688152583
cancel,10515,,,1688153158
cancel,17525,,,1688153158
cancel,18075,,,1688153158
cancel,24999,,,1688153158
newOrder,17525,0,35674,1688153181
newOrder,18075,1,35674,1688153181
newOrder,12162,0,45173,1688153181
cancel,12162,,,1688153759
cancel,17525,,,1688153759
cancel,18075,,,1688153759
newOrder,17525,0,35753,1688153782
newOrder,18075,1,35753,1688153782
newOrder,10515,0,185590,1688153782
newOrder,24999,1,185590,1688153782
cancel,10515,,,1688154358
cancel,17525,,,1688154358
cancel,18075,,,1688154358
cancel,24999,,,1688154358
newOrder,17525,0,35834,1688154380
newOrder,18075,1,35834,1688154380
newOrder,10515,0,160502,1688154380
newOrder,24999,1,160502,1688154380
cancel,10515,,,1688154958
cancel,17525,,,1688154958
cancel,18075,,,1688154958
cancel,24999,,,1688154958
newOrder,17525,0,35915,1688154981
newOrder,18075,1,35915,1688154981
newOrder,15781,0,31095,1688154981
cancel,15781,,,1688155559
cancel,17525,,,1688155559
cancel,18075,,,1688155559
newOrder,17520,0,35863,1688155584
newOrder,18075,1,35863,1688155584
newOrder,10512,0,74236,1688155584
newOrder,24999,1,74236,1688155584
cancel,10512,,,1688156158
cancel,17520,,,1688156158
cancel,18075,,,1688156158
cancel,24999,,,1688156158
newOrder,17482,0,34764,1688156181
newOrder,18075,1,34764,1688156181
newOrder,10489,0,165494,1688156181
newOrder,24999,1,165494,1688156181
cancel,10489,,,1688156758
cancel,17482,,,1688156758
cancel,18075,,,1688156758
cancel,24999,,,1688156758
newOrder,17482,0,34828,1688156781
newOrder,18075,1,34828,1688156781
newOrder,10489,0,114576,1688156781
newOrder,24999,1,114576,1688156781
cancel,10489,,,1688157359
cancel,17482,,,1688157359
cancel,18075,,,1688157359
cancel,24999,,,1688157359
newOrder,17482,0,34892,1688157382
newOrder,18075,1,34892,1688157382
newOrder,10489,0,63803,1688157382
newOrder,24999,1,63803,1688157382
cancel,10489,,,1688157958
cancel,17482,,,1688157958
cancel,18075,,,1688157958
cancel,24999,,,1688157958
newOrder,17482,0,34955,1688157980
newOrder,18075,1,34955,1688157980
newOrder,10489,0,59946,1688157980
newOrder,24999,1,59946,1688157980
cancel,10489,,,1688158559
cancel,17482,,,1688158559
cancel,18075,,,1688158559
cancel,24999,,,1688158559
newOrder,17482,0,35019,1688158581
newOrder,18075,1,35019,1688158581
newOrder,10489,0,65086,1688158581
newOrder,24999,1,65086,1688158581
cancel,10489,,,1688159159
cancel,17482,,,1688159159
cancel,18075,,,1688159159
cancel,24999,,,1688159159
newOrder,17482,0,35083,1688159182
newOrder,18075,1,35083,1688159182
newOrder,10526,0,54228,1688159182
cancel,10526,,,1688159758
cancel,17482,,,1688159758
cancel,18075,,,1688159758
newOrder,17482,0,35147,1688159782
newOrder,18075,1,35147,1688159782
newOrder,10489,0,182865,1688159782
newOrder,24999,1,182865,1688159782
cancel,10489,,,1688160359
cancel,17482,,,1688160359
cancel,18075,,,1688160359
cancel,24999,,,1688160359
newOrder,17482,0,35210,1688160383
newOrder,18075,1,35210,1688160383
newOrder,10489,0,127500,1688160383
newOrder,24999,1,127500,1688160383
cancel,10489,,,1688160958
cancel,17482,,,1688160958
cancel,18075,,,1688160958
cancel,24999,,,1688160958
newOrder,17482,0,35273,1688160982
newOrder,18075,1,35273,1688160982
newOrder,10489,0,162262,1688160982
newOrder,24999,1,162262,1688160982
cancel,10489,,,1688161559
cancel,17482,,,1688161559
cancel,18075,,,1688161559
cancel,24999,,,1688161559
newOrder,17482,0,35336,1688161581
newOrder,18075,1,35336,1688161581
newOrder,10489,0,64538,1688161581
newOrder,24999,1,64538,1688161581
cancel,10489,,,1688162158
cancel,17482,,,1688162158
cancel,18075,,,1688162158
cancel,24999,,,1688162158
newOrder,17482,0,35399,1688162179
newOrder,18075,1,35399,1688162179
newOrder,10526,0,48623,1688162179
cancel,10526,,,1688162758
cancel,17482,,,1688162758
cancel,18075,,,1688162758
newOrder,17482,0,35462,1688162781
newOrder,18075,1,35462,1688162781
newOrder,17189,0,29868,1688162781
cancel,17189,,,1688163358
cancel,17482,,,1688163358
cancel,18075,,,1688163358
newOrder,17482,0,35524,1688163381
newOrder,18075,1,35524,1688163381
newOrder,10489,0,104533,1688163381
newOrder,24999,1,104533,1688163381
cancel,10489,,,1688163959
cancel,17482,,,1688163959
cancel,18075,,,1688163959
cancel,24999,,,1688163959
newOrder,17482,0,35586,1688163980
newOrder,18075,1,35586,1688163980
newOrder,12204,0,37399,1688163980
cancel,12204,,,1688164559
cancel,17482,,,1688164559
cancel,18075,,,1688164559
newOrder,17482,0,35648,1688164582
newOrder,18075,1,35648,1688164582
newOrder,10489,0,114932,1688164582
newOrder,24999,1,114932,1688164582
cancel,10489,,,1688165158
cancel,17482,,,1688165158
cancel,18075,,,1688165158
cancel,24999,,,1688165158
newOrder,17482,0,35709,1688165181
newOrder,18075,1,35709,1688165181
newOrder,10489,0,187413,1688165181
newOrder,24999,1,187413,1688165181
cancel,10489,,,1688165758
cancel,17482,,,1688165758
cancel,18075,,,1688165758
cancel,24999,,,1688165758
newOrder,17482,0,35769,1688165781
newOrder,18075,1,35769,1688165781
newOrder,10489,0,177817,1688165781
newOrder,24999,1,177817,1688165781
cancel,10489,,,1688166359
cancel,17482,,,1688166359
cancel,18075,,,1688166359
cancel,24999,,,1688166359
newOrder,17482,0,35829,1688166382
newOrder,18075,1,35829,1688166382
newOrder,10489,0,129942,1688166382
newOrder,24999,1,129942,1688166382
cancel,10489,,,1688166959
cancel,17482,,,1688166959
cancel,18075,,,1688166959
cancel,24999,,,1688166959
newOrder,17482,0,35889,1688166982
newOrder,18075,1,35889,1688166982
newOrder,10489,0,176360,1688166982
newOrder,24999,1,176360,1688166982
cancel,10489,,,1688167558
cancel,17482,,,1688167558
cancel,18075,,,1688167558
cancel,24999,,,1688167558
newOrder,17482,0,35948,1688167583
newOrder,18075,1,35948,1688167583
newOrder,10489,0,84388,1688167583
newOrder,24999,1,84388,1688167583
cancel,10489,,,1688168159
cancel,17482,,,1688168159
cancel,18075,,,1688168159
cancel,24999,,,1688168159
newOrder,17482,0,36006,1688168181
newOrder,18075,1,36006,1688168181
newOrder,10489,0,131482,1688168181
newOrder,24999,1,131482,1688168181
cancel,10489,,,1688168758
cancel,17482,,,1688168758
cancel,18075,,,1688168758
cancel,24999,,,1688168758
newOrder,17482,0,36063,1688168781
newOrder,18075,1,36063,1688168781
newOrder,17189,0,34526,1688168781
cancel,17189,,,1688169359
cancel,17482,,,1688169359
cancel,18075,,,1688169359
newOrder,17482,0,36119,1688169381
newOrder,18075,1,36119,1688169381
newOrder,10489,0,153250,1688169381
newOrder,24999,1,153250,1688169381
cancel,10489,,,1688169958
cancel,17482,,,1688169958
cancel,18075,,,1688169958
cancel,24999,,,1688169958
newOrder,17482,0,36174,1688169982
newOrder,18075,1,36174,1688169982
newOrder,10489,0,116155,1688169982
newOrder,24999,1,116155,1688169982
cancel,10489,,,1688170558
cancel,17482,,,1688170558
cancel,18075,,,1688170558
cancel,24999,,,1688170558
newOrder,17482,0,36228,1688170582
newOrder,18075,1,36228,1688170582
newOrder,10489,0,136611,1688170582
newOrder,24999,1,136611,1688170582
cancel,10489,,,1688171158
cancel,17482,,,1688171158
cancel,18075,,,1688171158
cancel,24999,,,1688171158
newOrder,17482,0,36281,1688171180
newOrder,18075,1,36281,1688171180
newOrder,12204,0,41948,1688171180
cancel,12204,,,1688171758
cancel,17482,,,1688171758
cancel,18075,,,1688171758
newOrder,17482,0,36333,1688171781
newOrder,18075,1,36333,1688171781
newOrder,10489,0,185140,1688171781
newOrder,24999,1,185140,1688171781
cancel,10489,,,1688172359
cancel,17482,,,1688172359
cancel,18075,,,1688172359
cancel,24999,,,1688172359
newOrder,17482,0,36383,1688172382
newOrder,18075,1,36383,1688172382
newOrder,10489,0,89099,1688172382
newOrder,24999,1,89099,1688172382
cancel,10489,,,1688172960
cancel,17482,,,1688172960
cancel,18075,,,1688172960
cancel,24999,,,1688172960
newOrder,17482,0,36432,1688172984
newOrder,18075,1,36432,1688172984
newOrder,10489,0,184756,1688172984
newOrder,24999,1,184756,1688172984
cancel,10489,,,1688173559
cancel,17482,,,1688173559
cancel,18075,,,1688173559
cancel,24999,,,1688173559
newOrder,17482,0,36479,1688173581
newOrder,18075,1,36479,1688173581
newOrder,10489,0,175242,1688173581
newOrder,24999,1,175242,1688173581
cancel,10489,,,1688174158
cancel,17482,,,1688174158
cancel,18075,,,1688174158
cancel,24999,,,1688174158
newOrder,17482,0,36525,1688174180
newOrder,18075,1,36525,1688174180
newOrder,17189,0,34878,1688174180
cancel,17189,,,1688174760
cancel,17482,,,1688174760
cancel,18075,,,1688174760
newOrder,17482,0,36568,1688174784
newOrder,18075,1,36568,1688174784
newOrder,10489,0,72928,1688174784
newOrder,24999,1,72928,1688174784
cancel,10489,,,1688175359
cancel,17482,,,1688175359
cancel,18075,,,1688175359
cancel,24999,,,1688175359
newOrder,17482,0,36610,1688175382
newOrder,18075,1,36610,1688175382
newOrder,10489,0,134226,1688175382
newOrder,24999,1,134226,1688175382
cancel,10489,,,1688175958
cancel,17482,,,1688175958
cancel,18075,,,1688175958
cancel,24999,,,1688175958
newOrder,17482,0,36649,1688175981
newOrder,18075,1,36649,1688175981
newOrder,10489,0,133758,1688175981
newOrder,24999,1,133758,1688175981
cancel,10489,,,1688176559
cancel,17482,,,1688176559
cancel,18075,,,1688176559
cancel,24999,,,1688176559
newOrder,17482,0,36685,1688176580
newOrder,18075,1,36685,1688176580
newOrder,10489,0,160002,1688176580
newOrder,24999,1,160002,1688176580
cancel,10489,,,1688177160
cancel,17482,,,1688177160
cancel,18075,,,1688177160
cancel,24999,,,1688177160
newOrder,17482,0,36719,1688177183
newOrder,18075,1,36719,1688177183
newOrder,10489,0,107773,1688177183
newOrder,24999,1,107773,1688177183
cancel,10489,,,1688177758
cancel,17482,,,1688177758
cancel,18075,,,1688177758
cancel,24999,,,1688177758
newOrder,17482,0,36750,1688177781
newOrder,18075,1,36750,1688177781
newOrder,10489,0,137114,1688177781
newOrder,24999,1,137114,1688177781
cancel,10489,,,1688178359
cancel,17482,,,1688178359
cancel,18075,,,1688178359
cancel,24999,,,1688178359
newOrder,17482,0,36778,1688178379
newOrder,18075,1,36778,1688178379
newOrder,12204,0,39063,1688178379
cancel,12204,,,1688178959
cancel,17482,,,1688178959
cancel,18075,,,1688178959
newOrder,17482,0,36803,1688178980
newOrder,18075,1,36803,1688178980
newOrder,10489,0,112182,1688178980
newOrder,24999,1,112182,1688178980
cancel,10489,,,1688179232
cancel,17482,,,1688179232
cancel,18075,,,1688179232
cancel,24999,,,1688179232
newOrder,17898,0,39559,1688179532
newOrder,18075,1,39559,1688179532
newOrder,10739,0,181367,1688179532
newOrder,24999,1,181367,1688179532
cancel,10739,,,1688180143
cancel,17898,,,1688180143
cancel,18075,,,1688180143
cancel,24999,,,1688180143
newOrder,17925,0,39490,1688180165
newOrder,18137,1,39490,1688180165
newOrder,10755,0,148230,1688180165
newOrder,24999,1,148230,1688180165
cancel,10755,,,1688180742
cancel,17925,,,1688180742
cancel,18137,,,1688180742
cancel,24999,,,1688180742
newOrder,17925,0,39772,1688180765
newOrder,18137,1,39772,1688180765
newOrder,10755,0,70986,1688180765
newOrder,24999,1,70986,1688180765
cancel,10755,,,1688181342
cancel,17925,,,1688181342
cancel,18137,,,1688181342
cancel,24999,,,1688181342
newOrder,17891,0,40425,1688181364
newOrder,18075,1,40425,1688181364
newOrder,10735,0,169576,1688181364
newOrder,24999,1,169576,1688181364
cancel,10735,,,1688181942
cancel,17891,,,1688181942
cancel,18075,,,1688181942
cancel,24999,,,1688181942
newOrder,17794,0,39645,1688181965
newOrder,18075,1,39645,1688181965
newOrder,10677,0,56464,1688181965
newOrder,24999,1,56464,1688181965
cancel,10677,,,1688182542
cancel,17794,,,1688182542
cancel,18075,,,1688182542
cancel,24999,,,1688182542
newOrder,17794,0,39925,1688182565
newOrder,18075,1,39925,1688182565
newOrder,10677,0,214888,1688182565
newOrder,24999,1,199484,1688182565
cancel,10677,,,1688183142
cancel,17794,,,1688183142
cancel,18075,,,1688183142
cancel,24999,,,1688183142
newOrder,17654,0,36077,1688183163
newOrder,18075,1,36077,1688183163
newOrder,10592,0,49881,1688183163
newOrder,24999,1,49881,1688183163
cancel,10592,,,1688183742
cancel,17654,,,1688183742
cancel,18075,,,1688183742
cancel,24999,,,1688183742
newOrder,17563,0,32369,1688183765
newOrder,18075,1,32369,1688183765
newOrder,12204,0,37472,1688183765
newOrder,24999,1,37472,1688183765
cancel,12204,,,1688184342
cancel,17563,,,1688184342
cancel,18075,,,1688184342
cancel,24999,,,1688184342
newOrder,17925,0,41130,1688184364
newOrder,18171,1,41130,1688184364
newOrder,10755,0,198165,1688184364
newOrder,24999,1,198165,1688184364
cancel,10755,,,1688184942
cancel,17925,,,1688184942
cancel,18171,,,1688184942
cancel,24999,,,1688184942
newOrder,17925,0,40239,1688184964
newOrder,18225,1,40239,1688184964
newOrder,10755,0,134653,1688184964
newOrder,24999,1,134653,1688184964
cancel,10755,,,1688185542
cancel,17925,,,1688185542
cancel,18225,,,1688185542
cancel,24999,,,1688185542
newOrder,17925,0,38854,1688185564
newOrder,18278,1,38854,1688185564
newOrder,10755,0,59067,1688185564
newOrder,24999,1,59067,1688185564
cancel,10755,,,1688186142
cancel,17925,,,1688186142
cancel,18278,,,1688186142
cancel,24999,,,1688186142
newOrder,17925,0,39151,1688186165
newOrder,18277,1,39151,1688186165
newOrder,10759,0,72564,1688186165
newOrder,24999,1,72564,1688186165
cancel,10759,,,1688186742
cancel,17925,,,1688186742
cancel,18277,,,1688186742
cancel,24999,,,1688186742
newOrder,17925,0,39420,1688186764
newOrder,18277,1,39420,1688186764
newOrder,10755,0,150348,1688186764
newOrder,24999,1,150348,1688186764
cancel,10755,,,1688187342
cancel,17925,,,1688187342
cancel,18277,,,1688187342
cancel,24999,,,1688187342
newOrder,17925,0,42669,1688187364
newOrder,18182,1,42669,1688187364
newOrder,10755,0,197048,1688187364
newOrder,24999,1,197048,1688187364
cancel,10755,,,1688187942
cancel,17925,,,1688187942
cancel,18182,,,1688187942
cancel,24999,,,1688187942
newOrder,17925,0,44388,1688187964
newOrder,18091,1,44388,1688187964
newOrder,10755,0,208888,1688187964
newOrder,24999,1,193456,1688187964
cancel,10755,,,1688188542
cancel,17925,,,1688188542
cancel,18091,,,1688188542
cancel,24999,,,1688188542
newOrder,17925,0,44828,1688188564
newOrder,18091,1,44828,1688188564
newOrder,17189,0,34415,1688188564
newOrder,19999,1,34415,1688188564
cancel,17189,,,1688189142
cancel,17925,,,1688189142
cancel,18091,,,1688189142
cancel,19999,,,1688189142
newOrder,17845,0,44738,1688189165
newOrder,18075,1,44738,1688189165
newOrder,17189,0,31163,1688189165
newOrder,19999,1,31163,1688189165
cancel,17189,,,1688189742
cancel,17845,,,1688189742
cancel,18075,,,1688189742
cancel,19999,,,1688189742
newOrder,17748,0,42446,1688189764
newOrder,18075,1,42446,1688189764
newOrder,10649,0,107775,1688189764
newOrder,24999,1,107775,1688189764
cancel,10649,,,1688190342
cancel,17748,,,1688190342
cancel,18075,,,1688190342
cancel,24999,,,1688190342
newOrder,17704,0,40855,1688190364
newOrder,18075,1,40855,1688190364
newOrder,10759,0,93682,1688190364
newOrder,24999,1,93682,1688190364
cancel,10759,,,1688190942
cancel,17704,,,1688190942
cancel,18075,,,1688190942
cancel,24999,,,1688190942
newOrder,17704,0,41143,1688190964
newOrder,18075,1,41143,1688190964
newOrder,10623,0,130203,1688190964
newOrder,24999,1,130203,1688190964
cancel,10623,,,1688191542
cancel,17704,,,1688191542
cancel,18075,,,1688191542
cancel,24999,,,1688191542
newOrder,17614,0,36299,1688191565
newOrder,18075,1,36299,1688191565
newOrder,10569,0,146334,1688191565
newOrder,24999,1,146334,1688191565
cancel,10569,,,1688192142
cancel,17614,,,1688192142
cancel,18075,,,1688192142
cancel,24999,,,1688192142
newOrder,17614,0,36412,1688192164
newOrder,18075,1,36412,1688192164
newOrder,12204,0,37767,1688192164
newOrder,21999,1,37767,1688192164
cancel,12204,,,1688192742
cancel,17614,,,1688192742
cancel,18075,,,1688192742
cancel,21999,,,1688192742
newOrder,17614,0,36520,1688192764
newOrder,18075,1,36520,1688192764
newOrder,10569,0,142124,1688192764
newOrder,24999,1,142124,1688192764
cancel,10569,,,1688193342
cancel,17614,,,1688193342
cancel,18075,,,1688193342
cancel,24999,,,1688193342
newOrder,17614,0,36622,1688193364
newOrder,18075,1,36622,1688193364
newOrder,10569,0,192695,1688193364
newOrder,24999,1,192695,1688193364
cancel,10569,,,1688193942
cancel,17614,,,1688193942
cancel,18075,,,1688193942
cancel,24999,,,1688193942
newOrder,17614,0,36717,1688193964
newOrder,18075,1,36717,1688193964
newOrder,10569,0,135029,1688193964
newOrder,24999,1,135029,1688193964
cancel,10569,,,1688194542
cancel,17614,,,1688194542
cancel,18075,,,1688194542
cancel,24999,,,1688194542
newOrder,17614,0,36804,1688194565
newOrder,18075,1,36804,1688194565
newOrder,10569,0,103100,1688194565
newOrder,24999,1,103100,1688194565
cancel,10569,,,1688195142
cancel,17614,,,1688195142
cancel,18075,,,1688195142
cancel,24999,,,1688195142
newOrder,17672,0,41138,1688195164
newOrder,18075,1,41138,1688195164
newOrder,10603,0,219267,1688195164
newOrder,24999,1,196985,1688195164
cancel,10603,,,1688195742
cancel,17672,,,1688195742
cancel,18075,,,1688195742
cancel,24999,,,1688195742
newOrder,17925,0,51802,1688195764
newOrder,18089,1,51802,1688195764
newOrder,10755,0,182870,1688195764
newOrder,24999,1,182870,1688195764
cancel,10755,,,1688196345
cancel,17925,,,1688196345
cancel,18089,,,1688196345
cancel,24999,,,1688196345
newOrder,17925,0,49730,1688196369
newOrder,18193,1,49730,1688196369
newOrder,10759,0,95801,1688196369
newOrder,24999,1,95801,1688196369
cancel,10759,,,1688196942
cancel,17925,,,1688196942
cancel,18193,,,1688196942
cancel,24999,,,1688196942
newOrder,17925,0,43537,1688196965
newOrder,18301,1,43537,1688196965
newOrder,17189,0,26228,1688196965
newOrder,19999,1,26228,1688196965
cancel,17189,,,1688197543
cancel,17925,,,1688197543
cancel,18301,,,1688197543
cancel,19999,,,1688197543
newOrder,17925,0,43886,1688197566
newOrder,18301,1,43886,1688197566
newOrder,10755,0,151745,1688197566
newOrder,24999,1,151745,1688197566
cancel,10755,,,1688198143
cancel,17925,,,1688198143
cancel,18301,,,1688198143
cancel,24999,,,1688198143
newOrder,17925,0,44238,1688198166
newOrder,18301,1,44238,1688198166
newOrder,10755,0,147483,1688198166
newOrder,24999,1,147483,1688198166
cancel,10755,,,1688198742
cancel,17925,,,1688198742
cancel,18301,,,1688198742
cancel,24999,,,1688198742
newOrder,17925,0,44592,1688198764
newOrder,18301,1,44592,1688198764
newOrder,10755,0,108007,1688198764
newOrder,24999,1,108007,1688198764
cancel,10755,,,1688199343
cancel,17925,,,1688199343
cancel,18301,,,1688199343
cancel,24999,,,1688199343
newOrder,17925,0,44947,1688199364
newOrder,18301,1,44947,1688199364
newOrder,10755,0,139555,1688199364
newOrder,24999,1,139555,1688199364
cancel,10755,,,1688199942
cancel,17925,,,1688199942
cancel,18301,,,1688199942
cancel,24999,,,1688199942
newOrder,17925,0,45300,1688199964
newOrder,18301,1,45300,1688199964
newOrder,10755,0,107713,1688199964
newOrder,24999,1,107713,1688199964
cancel,10755,,,1688200542
cancel,17925,,,1688200542
cancel,18301,,,1688200542
cancel,24999,,,1688200542
newOrder,17925,0,45650,1688200564
newOrder,18301,1,45650,1688200564
newOrder,10759,0,97725,1688200564
newOrder,24999,1,97725,1688200564
cancel,10759,,,1688201142
cancel,17925,,,1688201142
cancel,18301,,,1688201142
cancel,24999,,,1688201142
newOrder,17925,0,45993,1688201164
newOrder,18301,1,45993,1688201164
newOrder,10755,0,146234,1688201164
newOrder,24999,1,146234,1688201164
cancel,10755,,,1688201742
cancel,17925,,,1688201742
cancel,18301,,,1688201742
cancel,24999,,,1688201742
newOrder,17925,0,46324,1688201765
newOrder,18301,1,46324,1688201765
newOrder,10759,0,65428,1688201765
newOrder,24999,1,65428,1688201765
cancel,10759,,,1688202342
cancel,17925,,,1688202342
cancel,18301,,,1688202342
cancel,24999,,,1688202342
newOrder,17925,0,56261,1688202363
newOrder,18216,1,56261,1688202363
newOrder,10755,0,275861,1688202363
cancel,10755,,,1688202942
cancel,17925,,,1688202942
cancel,18216,,,1688202942
newOrder,17925,0,57269,1688202964
newOrder,18216,1,57269,1688202964
newOrder,10755,0,168529,1688202964
newOrder,24999,1,168529,1688202964
cancel,10755,,,1688203542
cancel,17925,,,1688203542
cancel,18216,,,1688203542
cancel,24999,,,1688203542
newOrder,17925,0,58338,1688203564
newOrder,18216,1,58338,1688203564
newOrder,10755,0,194332,1688203564
newOrder,24999,1,171084,1688203564
cancel,10755,,,1688204143
cancel,17925,,,1688204143
cancel,18216,,,1688204143
cancel,24999,,,1688204143
newOrder,17925,0,59476,1688204169
newOrder,18216,1,59476,1688204169
newOrder,10759,0,102873,1688204169
newOrder,24999,1,102873,1688204169
cancel,10759,,,1688204743
cancel,17925,,,1688204743
cancel,18216,,,1688204743
cancel,24999,,,1688204743
newOrder,17925,0,60668,1688204766
newOrder,18216,1,60668,1688204766
newOrder,17189,0,53845,1688204766
newOrder,19999,1,53845,1688204766
cancel,17189,,,1688205342
cancel,17925,,,1688205342
cancel,18216,,,1688205342
cancel,19999,,,1688205342
newOrder,17925,0,61925,1688205362
newOrder,18216,1,61925,1688205362
newOrder,10755,0,240744,1688205362
cancel,10755,,,1688205942
cancel,17925,,,1688205942
cancel,18216,,,1688205942
newOrder,17925,0,63256,1688205964
newOrder,18216,1,63256,1688205964
newOrder,10755,0,133529,1688205964
newOrder,24999,1,133529,1688205964
cancel,10755,,,1688206542
cancel,17925,,,1688206542
cancel,18216,,,1688206542
cancel,24999,,,1688206542
newOrder,17925,0,64648,1688206565
newOrder,18216,1,64648,1688206565
newOrder,12204,0,71362,1688206565
newOrder,24999,1,71362,1688206565
cancel,12204,,,1688207142
cancel,17925,,,1688207142
cancel,18216,,,1688207142
cancel,24999,,,1688207142
newOrder,17925,0,66088,1688207164
newOrder,18216,1,66088,1688207164
newOrder,10755,0,211110,1688207164
newOrder,24999,1,163334,1688207164
cancel,10755,,,1688207742
cancel,17925,,,1688207742
cancel,18216,,,1688207742
cancel,24999,,,1688207742
newOrder,17925,0,52122,1688207764
newOrder,18276,1,52122,1688207764
newOrder,10755,0,210226,1688207764
newOrder,24999,1,175671,1688207764
cancel,10755,,,1688208342
cancel,17925,,,1688208342
cancel,18276,,,1688208342
cancel,24999,,,1688208342
newOrder,17925,0,51398,1688208364
newOrder,18276,1,51398,1688208364
newOrder,10759,0,103189,1688208364
newOrder,24999,1,103189,1688208364
cancel,10759,,,1688208942
cancel,17925,,,1688208942
cancel,18276,,,1688208942
cancel,24999,,,1688208942
newOrder,17925,0,40698,1688208965
newOrder,18306,1,40698,1688208965
newOrder,10755,0,209375,1688208965
newOrder,24999,1,187095,1688208965
cancel,10755,,,1688209542
cancel,17925,,,1688209542
cancel,18306,,,1688209542
cancel,24999,,,1688209542
newOrder,17925,0,52976,1688209563
newOrder,18261,1,52976,1688209563
newOrder,10755,0,259004,1688209563
cancel,10755,,,1688210142
cancel,17925,,,1688210142
cancel,18261,,,1688210142
newOrder,17925,0,49635,1688210163
newOrder,18261,1,49635,1688210163
newOrder,10755,0,259940,1688210163
cancel,10755,,,1688210742
cancel,17925,,,1688210742
cancel,18261,,,1688210742
newOrder,17925,0,43639,1688210764
newOrder,18261,1,43639,1688210764
newOrder,17189,0,31166,1688210764
newOrder,19999,1,31166,1688210764
cancel,17189,,,1688211342
cancel,17925,,,1688211342
cancel,18261,,,1688211342
cancel,19999,,,1688211342
newOrder,17925,0,33243,1688211365
newOrder,18261,1,33243,1688211365
newOrder,12204,0,41152,1688211365
newOrder,24999,1,41152,1688211365
cancel,12204,,,1688211942
cancel,17925,,,1688211942
cancel,18261,,,1688211942
cancel,24999,,,1688211942
newOrder,17925,0,17625,1688211965
newOrder,18261,1,17625,1688211965
newOrder,10759,0,35912,1688211965
newOrder,24999,1,35912,1688211965
cancel,10759,,,1688212545
cancel,17925,,,1688212545
cancel,18261,,,1688212545
cancel,24999,,,1688212545
newOrder,17925,0,8669,1688212569
newOrder,18261,1,8669,1688212569
newOrder,17189,0,7134,1688212569
newOrder,19999,1,7134,1688212569
cancel,17189,,,1688213141
cancel,17925,,,1688213141
cancel,18261,,,1688213141
cancel,19999,,,1688213141
newOrder,17925,0,8663,1688213163
newOrder,18261,1,8663,1688213163
newOrder,10759,0,22314,1688213163
newOrder,24999,1,22314,1688213163