instruction,price,side,qty,time
cancel,10650,,,1682868031
cancel,17749,,,1682868031
cancel,19066,,,1682868031
cancel,24999,,,1682868031
newOrder,17750,0,29963,1682868062
newOrder,19066,1,29963,1682868062
newOrder,10650,0,154779,1682868062
newOrder,24999,1,154779,1682868062
cancel,10650,,,1682868631
cancel,17750,,,1682868631
cancel,19066,,,1682868631
cancel,24999,,,1682868631
newOrder,17752,0,30069,1682868662
newOrder,19066,1,30069,1682868662
newOrder,11001,0,58594,1682868662
newOrder,24999,1,58594,1682868662
cancel,11001,,,1682869231
cancel,17752,,,1682869231
cancel,19066,,,1682869231
cancel,24999,,,1682869231
newOrder,17625,0,28639,1682869262
newOrder,19066,1,28639,1682869262
newOrder,11604,0,37491,1682869262
newOrder,24957,1,37491,1682869262
cancel,11604,,,1682869833
cancel,17625,,,1682869833
cancel,19066,,,1682869833
cancel,24957,,,1682869833
newOrder,17627,0,28739,1682869863
newOrder,19066,1,28739,1682869863
newOrder,12011,0,29319,1682869863
newOrder,24957,1,29319,1682869863
cancel,12011,,,1682870432
cancel,17627,,,1682870432
cancel,19066,,,1682870432
cancel,24957,,,1682870432
newOrder,17660,0,29286,1682870463
newOrder,19066,1,29286,1682870463
newOrder,10596,0,81950,1682870463
newOrder,24999,1,81950,1682870463
cancel,10596,,,1682871031
cancel,17660,,,1682871031
cancel,19066,,,1682871031
cancel,24999,,,1682871031
newOrder,17660,0,29369,1682871059
newOrder,19066,1,29369,1682871059
newOrder,10596,0,126939,1682871059
newOrder,24999,1,126939,1682871059
cancel,10596,,,1682871632
cancel,17660,,,1682871632
cancel,19066,,,1682871632
cancel,24999,,,1682871632
newOrder,17636,0,29110,1682871664
newOrder,19066,1,29110,1682871664
newOrder,11604,0,47414,1682871664
newOrder,24957,1,47414,1682871664
cancel,11604,,,1682872231
cancel,17636,,,1682872231
cancel,19066,,,1682872231
cancel,24957,,,1682872231
newOrder,17636,0,29183,1682872260
newOrder,19066,1,29183,1682872260
newOrder,10581,0,83260,1682872260
newOrder,24999,1,83260,1682872260
cancel,10581,,,1682872831
cancel,17636,,,1682872831
cancel,19066,,,1682872831
cancel,24999,,,1682872831
newOrder,17661,0,29647,1682872860
newOrder,19066,1,29647,1682872860
newOrder,10597,0,106621,1682872860
newOrder,24999,1,106621,1682872860
cancel,10597,,,1682873431
cancel,17661,,,1682873431
cancel,19066,,,1682873431
cancel,24999,,,1682873431
newOrder,17661,0,29734,1682873460
newOrder,19066,1,29734,1682873460
newOrder,11286,0,54985,1682873460
newOrder,24999,1,54985,1682873460
cancel,11286,,,1682874031
cancel,17661,,,1682874031
cancel,19066,,,1682874031
cancel,24999,,,1682874031
newOrder,17684,0,30136,1682874059
newOrder,19066,1,30136,1682874059
newOrder,10610,0,97284,1682874059
newOrder,24999,1,97284,1682874059
cancel,10610,,,1682874632
cancel,17684,,,1682874632
cancel,19066,,,1682874632
cancel,24999,,,1682874632
newOrder,17709,0,30557,1682874662
newOrder,19066,1,30557,1682874662
newOrder,10625,0,139048,1682874662
newOrder,24999,1,139048,1682874662
cancel,10625,,,1682875231
cancel,17709,,,1682875231
cancel,19066,,,1682875231
cancel,24999,,,1682875231
newOrder,17684,0,30317,1682875259
newOrder,19066,1,30317,1682875259
newOrder,10610,0,140587,1682875259
newOrder,24999,1,140587,1682875259
cancel,10610,,,1682875831
cancel,17684,,,1682875831
cancel,19066,,,1682875831
cancel,24999,,,1682875831
newOrder,17686,0,30450,1682875863
newOrder,19066,1,30450,1682875863
newOrder,12011,0,26273,1682875863
newOrder,21887,1,26273,1682875863
cancel,12011,,,1682876431
cancel,17686,,,1682876431
cancel,19066,,,1682876431
cancel,21887,,,1682876431
newOrder,17686,0,30544,1682876460
newOrder,19066,1,30544,1682876460
newOrder,10612,0,158631,1682876460
newOrder,24999,1,158631,1682876460
cancel,10612,,,1682877031
cancel,17686,,,1682877031
cancel,19066,,,1682877031
cancel,24999,,,1682877031
newOrder,17686,0,30641,1682877060
newOrder,19066,1,30641,1682877060
newOrder,10612,0,139471,1682877060
newOrder,24999,1,139471,1682877060
cancel,10612,,,1682877631
cancel,17686,,,1682877631
cancel,19066,,,1682877631
cancel,24999,,,1682877631
newOrder,17687,0,30752,1682877664
newOrder,19066,1,30752,1682877664
newOrder,10612,0,124670,1682877664
newOrder,24999,1,124670,1682877664
cancel,10612,,,1682878231
cancel,17687,,,1682878231
cancel,19066,,,1682878231
cancel,24999,,,1682878231
newOrder,17686,0,30831,1682878261
newOrder,19066,1,30831,1682878261
newOrder,10611,0,85681,1682878261
newOrder,24999,1,85681,1682878261
cancel,10611,,,1682878831
cancel,17686,,,1682878831
cancel,19066,,,1682878831
cancel,24999,,,1682878831
newOrder,17685,0,30927,1682878859
newOrder,19066,1,30927,1682878859
newOrder,10611,0,158307,1682878859
newOrder,24999,1,158307,1682878859
cancel,10611,,,1682879431
cancel,17685,,,1682879431
cancel,19066,,,1682879431
cancel,24999,,,1682879431
newOrder,17686,0,31039,1682879463
newOrder,19066,1,31039,1682879463
newOrder,10612,0,105897,1682879463
newOrder,24999,1,105897,1682879463
cancel,10612,,,1682880031
cancel,17686,,,1682880031
cancel,19066,,,1682880031
cancel,24999,,,1682880031
newOrder,17685,0,31129,1682880061
newOrder,19066,1,31129,1682880061
newOrder,10611,0,130271,1682880061
newOrder,24999,1,130271,1682880061
cancel,10611,,,1682880631
cancel,17685,,,1682880631
cancel,19066,,,1682880631
cancel,24999,,,1682880631
newOrder,17685,0,31234,1682880660
newOrder,19066,1,31234,1682880660
newOrder,10611,0,86368,1682880660
newOrder,24999,1,86368,1682880660
cancel,10611,,,1682881230
cancel,17685,,,1682881230
cancel,19066,,,1682881230
cancel,24999,,,1682881230
newOrder,17685,0,31339,1682881261
newOrder,19066,1,31339,1682881261
newOrder,11001,0,59690,1682881261
newOrder,24999,1,59690,1682881261
cancel,11001,,,1682881830
cancel,17685,,,1682881830
cancel,19066,,,1682881830
cancel,24999,,,1682881830
newOrder,17709,0,31809,1682881863
newOrder,19066,1,31809,1682881863
newOrder,10625,0,168421,1682881863
newOrder,24999,1,168421,1682881863
cancel,10625,,,1682882431
cancel,17709,,,1682882431
cancel,19066,,,1682882431
cancel,24999,,,1682882431
newOrder,17725,0,32153,1682882469
newOrder,19066,1,32153,1682882469
newOrder,10635,0,125546,1682882469
newOrder,24999,1,125546,1682882469
cancel,10635,,,1682883031
cancel,17725,,,1682883031
cancel,19066,,,1682883031
cancel,24999,,,1682883031
newOrder,17725,0,32270,1682883060
newOrder,19066,1,32270,1682883060
newOrder,10635,0,154336,1682883060
newOrder,24999,1,154336,1682883060
cancel,10635,,,1682883631
cancel,17725,,,1682883631
cancel,19066,,,1682883631
cancel,24999,,,1682883631
newOrder,17725,0,32390,1682883662
newOrder,19066,1,32390,1682883662
newOrder,10635,0,96761,1682883662
newOrder,24999,1,96761,1682883662
cancel,10635,,,1682884232
cancel,17725,,,1682884232
cancel,19066,,,1682884232
cancel,24999,,,1682884232
newOrder,17725,0,32511,1682884263
newOrder,19066,1,32511,1682884263
newOrder,10635,0,102509,1682884263
newOrder,24999,1,102509,1682884263
cancel,10635,,,1682884831
cancel,17725,,,1682884831
cancel,19066,,,1682884831
cancel,24999,,,1682884831
newOrder,17725,0,32633,1682884862
newOrder,19066,1,32633,1682884862
newOrder,10635,0,111351,1682884862
newOrder,24999,1,111351,1682884862
cancel,10635,,,1682885431
cancel,17725,,,1682885431
cancel,19066,,,1682885431
cancel,24999,,,1682885431
newOrder,17725,0,32757,1682885461
newOrder,19066,1,32757,1682885461
newOrder,10635,0,95427,1682885461
newOrder,24999,1,95427,1682885461
cancel,10635,,,1682886031
cancel,17725,,,1682886031
cancel,19066,,,1682886031
cancel,24999,,,1682886031
newOrder,17725,0,32883,1682886062
newOrder,19066,1,32883,1682886062
newOrder,10635,0,73187,1682886062
newOrder,24999,1,73187,1682886062
cancel,10635,,,1682886631
cancel,17725,,,1682886631
cancel,19066,,,1682886631
cancel,24999,,,1682886631
newOrder,17725,0,33011,1682886661
newOrder,19066,1,33011,1682886661
newOrder,12011,0,27998,1682886661
newOrder,21887,1,27998,1682886661
cancel,12011,,,1682887231
cancel,17725,,,1682887231
cancel,19066,,,1682887231
cancel,21887,,,1682887231
newOrder,17725,0,33140,1682887261
newOrder,19066,1,33140,1682887261
newOrder,10635,0,171805,1682887261
newOrder,24999,1,171805,1682887261
cancel,10635,,,1682887832
cancel,17725,,,1682887832
cancel,19066,,,1682887832
cancel,24999,,,1682887832
newOrder,17725,0,33272,1682887862
newOrder,19066,1,33272,1682887862
newOrder,10635,0,100634,1682887862
newOrder,24999,1,100634,1682887862
cancel,10635,,,1682888431
cancel,17725,,,1682888431
cancel,19066,,,1682888431
cancel,24999,,,1682888431
newOrder,17725,0,33405,1682888462
newOrder,19066,1,33405,1682888462
newOrder,10635,0,70503,1682888462
newOrder,24999,1,70503,1682888462
cancel,10635,,,1682889031
cancel,17725,,,1682889031
cancel,19066,,,1682889031
cancel,24999,,,1682889031
newOrder,17725,0,33540,1682889061
newOrder,19066,1,33540,1682889061
newOrder,10635,0,130406,1682889061
newOrder,24999,1,130406,1682889061
cancel,10635,,,1682889631
cancel,17725,,,1682889631
cancel,19066,,,1682889631
cancel,24999,,,1682889631
newOrder,17673,0,32705,1682889661
newOrder,19066,1,32705,1682889661
newOrder,10604,0,147262,1682889661
newOrder,24999,1,147262,1682889661
cancel,10604,,,1682890231
cancel,17673,,,1682890231
cancel,19066,,,1682890231
cancel,24999,,,1682890231
newOrder,17673,0,32828,1682890261
newOrder,19066,1,32828,1682890261
newOrder,10604,0,132261,1682890261
newOrder,24999,1,132261,1682890261
cancel,10604,,,1682890831
cancel,17673,,,1682890831
cancel,19066,,,1682890831
cancel,24999,,,1682890831
newOrder,17673,0,32954,1682890862
newOrder,19066,1,32954,1682890862
newOrder,11604,0,49332,1682890862
newOrder,24957,1,49332,1682890862
cancel,11604,,,1682891431
cancel,17673,,,1682891431
cancel,19066,,,1682891431
cancel,24957,,,1682891431
newOrder,17672,0,33069,1682891460
newOrder,19066,1,33069,1682891460
newOrder,10603,0,176206,1682891460
newOrder,24999,1,176206,1682891460
cancel,10603,,,1682892031
cancel,17672,,,1682892031
cancel,19066,,,1682892031
cancel,24999,,,1682892031
cancel,10602,,,1682894431
cancel,17670,,,1682894431
cancel,19066,,,1682894431
cancel,24999,,,1682894431
newOrder,17671,0,33684,1682894459
newOrder,19066,1,33684,1682894459
newOrder,10602,0,180816,1682894459
newOrder,24999,1,180816,1682894459
cancel,10602,,,1682895031
cancel,17671,,,1682895031
cancel,19066,,,1682895031
cancel,24999,,,1682895031
newOrder,17670,0,33797,1682895060
newOrder,19066,1,33797,1682895060
newOrder,11604,0,53807,1682895060
newOrder,24957,1,53807,1682895060
cancel,11604,,,1682895631
cancel,17670,,,1682895631
cancel,19066,,,1682895631
cancel,24957,,,1682895631
newOrder,17672,0,33977,1682895660
newOrder,19066,1,33977,1682895660
newOrder,10603,0,98839,1682895660
newOrder,24999,1,98839,1682895660
cancel,10603,,,1682896231
cancel,17672,,,1682896231
cancel,19066,,,1682896231
cancel,24999,,,1682896231
newOrder,17671,0,34112,1682896260
newOrder,19066,1,34112,1682896260
newOrder,10603,0,74244,1682896260
newOrder,24999,1,74244,1682896260
cancel,10603,,,1682896831
cancel,17671,,,1682896831
cancel,19066,,,1682896831
cancel,24999,,,1682896831
newOrder,17673,0,34295,1682896862
newOrder,19066,1,34295,1682896862
newOrder,10604,0,96123,1682896862
newOrder,24999,1,96123,1682896862
cancel,10604,,,1682897431
cancel,17673,,,1682897431
cancel,19066,,,1682897431
cancel,24999,,,1682897431
newOrder,17673,0,34436,1682897460
newOrder,19066,1,34436,1682897460
newOrder,10604,0,95812,1682897460
newOrder,24999,1,95812,1682897460
cancel,10604,,,1682898031
cancel,17673,,,1682898031
cancel,19066,,,1682898031
cancel,24999,,,1682898031
newOrder,17674,0,34617,1682898060
newOrder,19066,1,34617,1682898060
newOrder,10605,0,120489,1682898060
newOrder,24999,1,120489,1682898060
cancel,10605,,,1682898632
cancel,17674,,,1682898632
cancel,19066,,,1682898632
cancel,24999,,,1682898632
newOrder,17671,0,34670,1682898662
newOrder,19066,1,34670,1682898662
newOrder,10602,0,127873,1682898662
newOrder,24999,1,127873,1682898662
cancel,10602,,,1682899232
cancel,17671,,,1682899232
cancel,19066,,,1682899232
cancel,24999,,,1682899232
newOrder,17671,0,34819,1682899261
newOrder,19066,1,34819,1682899261
newOrder,11604,0,53532,1682899261
newOrder,24957,1,53532,1682899261
cancel,11604,,,1682899831
cancel,17671,,,1682899831
cancel,19066,,,1682899831
cancel,24957,,,1682899831
newOrder,17671,0,34995,1682899859
newOrder,19066,1,34995,1682899859
newOrder,10603,0,186736,1682899859
newOrder,24999,1,186736,1682899859
cancel,10603,,,1682900431
cancel,17671,,,1682900431
cancel,19066,,,1682900431
cancel,24999,,,1682900431
newOrder,17673,0,35183,1682900461
newOrder,19066,1,35183,1682900461
newOrder,10604,0,146584,1682900461
newOrder,24999,1,146584,1682900461
cancel,10604,,,1682901031
cancel,17673,,,1682901031
cancel,19066,,,1682901031
cancel,24999,,,1682901031
newOrder,17664,0,35074,1682901062
newOrder,19066,1,35074,1682901062
newOrder,11604,0,49148,1682901062
newOrder,24957,1,49148,1682901062
cancel,11604,,,1682901631
cancel,17664,,,1682901631
cancel,19066,,,1682901631
cancel,24957,,,1682901631
newOrder,17664,0,35228,1682901660
newOrder,19066,1,35228,1682901660
newOrder,10598,0,111823,1682901660
newOrder,24999,1,111823,1682901660
cancel,10598,,,1682902232
cancel,17664,,,1682902232
cancel,19066,,,1682902232
cancel,24999,,,1682902232
newOrder,17662,0,35334,1682902260
newOrder,19066,1,35334,1682902260
newOrder,10597,0,102133,1682902260
newOrder,24999,1,102133,1682902260
cancel,10597,,,1682902831
cancel,17662,,,1682902831
cancel,19066,,,1682902831
cancel,24999,,,1682902831
newOrder,17663,0,35522,1682902860
newOrder,19066,1,35522,1682902860
newOrder,10598,0,158126,1682902860
newOrder,24999,1,158126,1682902860
cancel,10598,,,1682903431
cancel,17663,,,1682903431
cancel,19066,,,1682903431
cancel,24999,,,1682903431
newOrder,17662,0,35657,1682903462
newOrder,19066,1,35657,1682903462
newOrder,10597,0,110472,1682903462
newOrder,24999,1,110472,1682903462
cancel,10597,,,1682904031
cancel,17662,,,1682904031
cancel,19066,,,1682904031
cancel,24999,,,1682904031
newOrder,17654,0,35540,1682904060
newOrder,19066,1,35540,1682904060
newOrder,10592,0,165319,1682904060
newOrder,24999,1,165319,1682904060
cancel,10592,,,1682904631
cancel,17654,,,1682904631
cancel,19066,,,1682904631
cancel,24999,,,1682904631
newOrder,17653,0,35662,1682904660
newOrder,19066,1,35662,1682904660
newOrder,10592,0,98744,1682904660
newOrder,24999,1,98744,1682904660
cancel,10592,,,1682905231
cancel,17653,,,1682905231
cancel,19066,,,1682905231
cancel,24999,,,1682905231
newOrder,17652,0,35812,1682905261
newOrder,19066,1,35812,1682905261
newOrder,10591,0,143637,1682905261
newOrder,24999,1,143637,1682905261
cancel,10591,,,1682905831
cancel,17652,,,1682905831
cancel,19066,,,1682905831
cancel,24999,,,1682905831
newOrder,17669,0,36565,1682905860
newOrder,19066,1,36565,1682905860
newOrder,12011,0,25708,1682905860
newOrder,21887,1,25708,1682905860
cancel,12011,,,1682906431
cancel,17669,,,1682906431
cancel,19066,,,1682906431
cancel,21887,,,1682906431
newOrder,17669,0,36742,1682906460
newOrder,19066,1,36742,1682906460
newOrder,10601,0,146790,1682906460
newOrder,24999,1,146790,1682906460
cancel,10601,,,1682907031
cancel,17669,,,1682907031
cancel,19066,,,1682907031
cancel,24999,,,1682907031
newOrder,17669,0,36921,1682907060
newOrder,19066,1,36921,1682907060
newOrder,10601,0,125045,1682907060
newOrder,24999,1,125045,1682907060
cancel,10601,,,1682907632
cancel,17669,,,1682907632
cancel,19066,,,1682907632
cancel,24999,,,1682907632
newOrder,17669,0,37104,1682907661
newOrder,19066,1,37104,1682907661
newOrder,12011,0,37834,1682907661
newOrder,24957,1,37834,1682907661
cancel,12011,,,1682908231
cancel,17669,,,1682908231
cancel,19066,,,1682908231
cancel,24957,,,1682908231
newOrder,17669,0,37289,1682908260
newOrder,19066,1,37289,1682908260
newOrder,11286,0,63267,1682908260
newOrder,24999,1,63267,1682908260
cancel,11286,,,1682908832
cancel,17669,,,1682908832
cancel,19066,,,1682908832
cancel,24999,,,1682908832
newOrder,17669,0,37477,1682908860
newOrder,19066,1,37477,1682908860
newOrder,10601,0,91589,1682908860
newOrder,24999,1,91589,1682908860
cancel,10601,,,1682909431
cancel,17669,,,1682909431
cancel,19066,,,1682909431
cancel,24999,,,1682909431
newOrder,17669,0,37667,1682909460
newOrder,19066,1,37667,1682909460
newOrder,10601,0,104765,1682909460
newOrder,24999,1,104765,1682909460
cancel,10601,,,1682910031
cancel,17669,,,1682910031
cancel,19066,,,1682910031
cancel,24999,,,1682910031
newOrder,17669,0,37861,1682910064
newOrder,19066,1,37861,1682910064
newOrder,10601,0,107334,1682910064
newOrder,24999,1,107334,1682910064
cancel,10601,,,1682910631
cancel,17669,,,1682910631
cancel,19066,,,1682910631
cancel,24999,,,1682910631
newOrder,17669,0,38057,1682910660
newOrder,19066,1,38057,1682910660
newOrder,10601,0,186263,1682910660
newOrder,24999,1,186263,1682910660
cancel,10601,,,1682911231
cancel,17669,,,1682911231
cancel,19066,,,1682911231
cancel,24999,,,1682911231
newOrder,17669,0,38257,1682911260
newOrder,19066,1,38257,1682911260
newOrder,10601,0,162398,1682911260
newOrder,24999,1,162398,1682911260
cancel,10601,,,1682911831
cancel,17669,,,1682911831
cancel,19066,,,1682911831
cancel,24999,,,1682911831
newOrder,17669,0,38459,1682911860
newOrder,19066,1,38459,1682911860
newOrder,10601,0,176293,1682911860
newOrder,24999,1,176293,1682911860
cancel,10601,,,1682912431
cancel,17669,,,1682912431
cancel,19066,,,1682912431
cancel,24999,,,1682912431
newOrder,17669,0,38665,1682912461
newOrder,19066,1,38665,1682912461
newOrder,10601,0,161510,1682912461
newOrder,24999,1,161510,1682912461
cancel,10601,,,1682913030
cancel,17669,,,1682913030
cancel,19066,,,1682913030
cancel,24999,,,1682913030
newOrder,17669,0,38872,1682913060
newOrder,19066,1,38872,1682913060
newOrder,10601,0,206498,1682913060
newOrder,24999,1,206498,1682913060
cancel,10601,,,1682913631
cancel,17669,,,1682913631
cancel,19066,,,1682913631
cancel,24999,,,1682913631
newOrder,17669,0,39084,1682913661
newOrder,19066,1,39084,1682913661
newOrder,10601,0,190503,1682913661
newOrder,24999,1,190503,1682913661
cancel,10601,,,1682914231
cancel,17669,,,1682914231
cancel,19066,,,1682914231
cancel,24999,,,1682914231
newOrder,17611,0,36270,1682914261
newOrder,19066,1,36270,1682914261
newOrder,10567,0,93467,1682914261
newOrder,24999,1,93467,1682914261
cancel,10567,,,1682914831
cancel,17611,,,1682914831
cancel,19066,,,1682914831
cancel,24999,,,1682914831
newOrder,17611,0,36389,1682914862
newOrder,19066,1,36389,1682914862
newOrder,10566,0,144993,1682914862
newOrder,24999,1,144993,1682914862
cancel,10566,,,1682915431
cancel,17611,,,1682915431
cancel,19066,,,1682915431
cancel,24999,,,1682915431
newOrder,17611,0,36505,1682915461
newOrder,19066,1,36505,1682915461
newOrder,10566,0,107998,1682915461
newOrder,24999,1,107998,1682915461
cancel,10566,,,1682916032
cancel,17611,,,1682916032
cancel,19066,,,1682916032
cancel,24999,,,1682916032
newOrder,17611,0,36641,1682916062
newOrder,19066,1,36641,1682916062
newOrder,10566,0,128054,1682916062
newOrder,24999,1,128054,1682916062
cancel,10566,,,1682916631
cancel,17611,,,1682916631
cancel,19066,,,1682916631
cancel,24999,,,1682916631
newOrder,17611,0,36775,1682916660
newOrder,19066,1,36775,1682916660
newOrder,10566,0,144123,1682916660
newOrder,24999,1,144123,1682916660
cancel,10566,,,1682917231
cancel,17611,,,1682917231
cancel,19066,,,1682917231
cancel,24999,,,1682917231
newOrder,17611,0,36897,1682917260
newOrder,19066,1,36897,1682917260
newOrder,10566,0,66713,1682917260
newOrder,24999,1,66713,1682917260
cancel,10566,,,1682917831
cancel,17611,,,1682917831
cancel,19066,,,1682917831
cancel,24999,,,1682917831
newOrder,17611,0,37022,1682917860
newOrder,19066,1,37022,1682917860
newOrder,10566,0,132493,1682917860
newOrder,24999,1,132493,1682917860
cancel,10566,,,1682918431
cancel,17611,,,1682918431
cancel,19066,,,1682918431
cancel,24999,,,1682918431
newOrder,17611,0,37144,1682918461
newOrder,19066,1,37144,1682918461
newOrder,11604,0,57050,1682918461
newOrder,24957,1,57050,1682918461
cancel,11604,,,1682919031
cancel,17611,,,1682919031
cancel,19066,,,1682919031
cancel,24957,,,1682919031
newOrder,17611,0,37269,1682919061
newOrder,19066,1,37269,1682919061
newOrder,10566,0,87441,1682919061
newOrder,24999,1,87441,1682919061
cancel,10566,,,1682919631
cancel,17611,,,1682919631
cancel,19066,,,1682919631
cancel,24999,,,1682919631
newOrder,17611,0,37396,1682919661
newOrder,19066,1,37396,1682919661
newOrder,12011,0,23418,1682919661
newOrder,21887,1,23418,1682919661
cancel,12011,,,1682920232
cancel,17611,,,1682920232
cancel,19066,,,1682920232
cancel,21887,,,1682920232
newOrder,17612,0,37621,1682920261
newOrder,19066,1,37621,1682920261
newOrder,11286,0,61523,1682920261
newOrder,24957,1,61523,1682920261
cancel,11286,,,1682920832
cancel,17612,,,1682920832
cancel,19066,,,1682920832
cancel,24957,,,1682920832
newOrder,17612,0,37730,1682920860
newOrder,19066,1,37730,1682920860
newOrder,10567,0,188833,1682920860
newOrder,24999,1,188833,1682920860
cancel,10567,,,1682921431
cancel,17612,,,1682921431
cancel,19066,,,1682921431
cancel,24999,,,1682921431
newOrder,17612,0,37832,1682921459
newOrder,19066,1,37832,1682921459
newOrder,10567,0,136077,1682921459
newOrder,24999,1,136077,1682921459
cancel,10567,,,1682922031
cancel,17612,,,1682922031
cancel,19066,,,1682922031
cancel,24999,,,1682922031
newOrder,17610,0,37766,1682922061
newOrder,19066,1,37766,1682922061
newOrder,12011,0,36621,1682922061
newOrder,21887,1,36621,1682922061
cancel,12011,,,1682922631
cancel,17610,,,1682922631
cancel,19066,,,1682922631
cancel,21887,,,1682922631
newOrder,17610,0,37818,1682922660
newOrder,19066,1,37818,1682922660
newOrder,10566,0,128545,1682922660
newOrder,24999,1,128545,1682922660
cancel,10566,,,1682923231
cancel,17610,,,1682923231
cancel,19066,,,1682923231
cancel,24999,,,1682923231
newOrder,17609,0,37783,1682923260
newOrder,19066,1,37783,1682923260
newOrder,11604,0,46301,1682923260
newOrder,24957,1,46301,1682923260
cancel,11604,,,1682923831
cancel,17609,,,1682923831
cancel,19066,,,1682923831
cancel,24957,,,1682923831
newOrder,17612,0,38119,1682923860
newOrder,19066,1,38119,1682923860
newOrder,10567,0,196222,1682923860
newOrder,24999,1,196222,1682923860
cancel,10567,,,1682924431
cancel,17612,,,1682924431
cancel,19066,,,1682924431
cancel,24999,,,1682924431
newOrder,17610,0,38001,1682924463
newOrder,19066,1,38001,1682924463
newOrder,10566,0,114408,1682924463
newOrder,24999,1,114408,1682924463
cancel,10566,,,1682925031
cancel,17610,,,1682925031
cancel,19066,,,1682925031
cancel,24999,,,1682925031
newOrder,17611,0,38123,1682925060
newOrder,19066,1,38123,1682925060
newOrder,10567,0,174556,1682925060
newOrder,24999,1,174556,1682925060
cancel,10567,,,1682925631
cancel,17611,,,1682925631
cancel,19066,,,1682925631
cancel,24999,,,1682925631
newOrder,17610,0,38010,1682925660
newOrder,19066,1,38010,1682925660
newOrder,10566,0,176746,1682925660
newOrder,24999,1,176746,1682925660
cancel,10566,,,1682926231
cancel,17610,,,1682926231
cancel,19066,,,1682926231
cancel,24999,,,1682926231
newOrder,17611,0,38162,1682926260
newOrder,19066,1,38162,1682926260
newOrder,10567,0,170836,1682926260
newOrder,24999,1,170836,1682926260
cancel,10567,,,1682926831
cancel,17611,,,1682926831
cancel,19066,,,1682926831
cancel,24999,,,1682926831
newOrder,17612,0,38144,1682926860
newOrder,19066,1,38144,1682926860
newOrder,10567,0,179682,1682926860
newOrder,24999,1,179682,1682926860
cancel,10567,,,1682927431
cancel,17612,,,1682927431
cancel,19066,,,1682927431
cancel,24999,,,1682927431
newOrder,17612,0,38091,1682927459
newOrder,19066,1,38091,1682927459
newOrder,10567,0,129784,1682927459
newOrder,24999,1,129784,1682927459
cancel,10567,,,1682928031
cancel,17612,,,1682928031
cancel,19066,,,1682928031
cancel,24999,,,1682928031
newOrder,17611,0,37905,1682928060
newOrder,19066,1,37905,1682928060
newOrder,10566,0,191975,1682928060
newOrder,24999,1,191975,1682928060
cancel,10566,,,1682928631
cancel,17611,,,1682928631
cancel,19066,,,1682928631
cancel,24999,,,1682928631
newOrder,17611,0,37873,1682928660
newOrder,19066,1,37873,1682928660
newOrder,10567,0,163706,1682928660
newOrder,24999,1,163706,1682928660
cancel,10567,,,1682929231
cancel,17611,,,1682929231
cancel,19066,,,1682929231
cancel,24999,,,1682929231
newOrder,17610,0,37491,1682929262
newOrder,19066,1,37491,1682929262
newOrder,12011,0,23900,1682929262
newOrder,21887,1,23900,1682929262
cancel,12011,,,1682929831
cancel,17610,,,1682929831
cancel,19066,,,1682929831
cancel,21887,,,1682929831
newOrder,17610,0,37269,1682929860
newOrder,19066,1,37269,1682929860
newOrder,10566,0,119463,1682929860
newOrder,24999,1,119463,1682929860
cancel,10566,,,1682930432
cancel,17610,,,1682930432
cancel,19066,,,1682930432
cancel,24999,,,1682930432
newOrder,17611,0,37105,1682930461
newOrder,19066,1,37105,1682930461
newOrder,10566,0,176877,1682930461
newOrder,24999,1,176877,1682930461
cancel,10566,,,1682931031
cancel,17611,,,1682931031
cancel,19066,,,1682931031
cancel,24999,,,1682931031
newOrder,17611,0,36761,1682931062
newOrder,19066,1,36761,1682931062
newOrder,10566,0,181384,1682931062
newOrder,24999,1,181384,1682931062
cancel,10566,,,1682931631
cancel,17611,,,1682931631
cancel,19066,,,1682931631
cancel,24999,,,1682931631
newOrder,17610,0,36274,1682931662
newOrder,19066,1,36274,1682931662
newOrder,12011,0,26038,1682931662
newOrder,21887,1,26038,1682931662
cancel,12011,,,1682932231
cancel,17610,,,1682932231
cancel,19066,,,1682932231
cancel,21887,,,1682932231
newOrder,17611,0,35823,1682932261
newOrder,19066,1,35823,1682932261
newOrder,10566,0,171615,1682932261
newOrder,24999,1,171615,1682932261
cancel,10566,,,1682932831
cancel,17611,,,1682932831
cancel,19066,,,1682932831
cancel,24999,,,1682932831
newOrder,17610,0,35059,1682932860
newOrder,19066,1,35059,1682932860
newOrder,10566,0,133526,1682932860
newOrder,24999,1,133526,1682932860
cancel,10566,,,1682933431
cancel,17610,,,1682933431
cancel,19066,,,1682933431
cancel,24999,,,1682933431
newOrder,17593,0,31692,1682933462
newOrder,19066,1,31692,1682933462
newOrder,11604,0,49180,1682933462
newOrder,24957,1,49180,1682933462
cancel,11604,,,1682934031
cancel,17593,,,1682934031
cancel,19066,,,1682934031
cancel,24957,,,1682934031
newOrder,17593,0,30620,1682934062
newOrder,19066,1,30620,1682934062
newOrder,10556,0,119337,1682934062
newOrder,24999,1,119337,1682934062
cancel,10556,,,1682934631
cancel,17593,,,1682934631
cancel,19066,,,1682934631
cancel,24999,,,1682934631
newOrder,17593,0,29448,1682934660
newOrder,19066,1,29448,1682934660
newOrder,10556,0,139915,1682934660
newOrder,24999,1,139915,1682934660
cancel,10556,,,1682935231
cancel,17593,,,1682935231
cancel,19066,,,1682935231
cancel,24999,,,1682935231
newOrder,17592,0,27922,1682935262
newOrder,19066,1,27922,1682935262
newOrder,10555,0,92516,1682935262
newOrder,24999,1,92516,1682935262
cancel,10555,,,1682935831
cancel,17592,,,1682935831
cancel,19066,,,1682935831
cancel,24999,,,1682935831
newOrder,17594,0,26681,1682935860
newOrder,19066,1,26681,1682935860
newOrder,10556,0,56131,1682935860
newOrder,24999,1,56131,1682935860
cancel,10556,,,1682936431
cancel,17594,,,1682936431
cancel,19066,,,1682936431
cancel,24999,,,1682936431
newOrder,17593,0,24670,1682936460
newOrder,19066,1,24670,1682936460
newOrder,11286,0,48665,1682936460
newOrder,24957,1,48665,1682936460
cancel,11286,,,1682937031
cancel,17593,,,1682937031
cancel,19066,,,1682937031
cancel,24957,,,1682937031
newOrder,17595,0,22833,1682937060
newOrder,19066,1,22833,1682937060
newOrder,11604,0,33473,1682937060
newOrder,24957,1,33473,1682937060
cancel,11604,,,1682937631
cancel,17595,,,1682937631
cancel,19066,,,1682937631
cancel,24957,,,1682937631
newOrder,17593,0,20075,1682937660
newOrder,19066,1,20075,1682937660
newOrder,10556,0,78991,1682937660
newOrder,24999,1,78991,1682937660
cancel,10556,,,1682938231
cancel,17593,,,1682938231
cancel,19066,,,1682938231
cancel,24999,,,1682938231
newOrder,17557,0,12852,1682938260
newOrder,19066,1,12852,1682938260
newOrder,11604,0,31200,1682938260
newOrder,24957,1,31200,1682938260
cancel,11604,,,1682938831
cancel,17557,,,1682938831
cancel,19066,,,1682938831
cancel,24957,,,1682938831
newOrder,17557,0,10560,1682938861
newOrder,19066,1,10560,1682938861
newOrder,12011,0,6558,1682938861
newOrder,21887,1,6558,1682938861
cancel,12011,,,1682939431
cancel,17557,,,1682939431
cancel,19066,,,1682939431
cancel,21887,,,1682939431
newOrder,17556,0,8525,1682939460
newOrder,19066,1,8525,1682939460
newOrder,11001,0,36060,1682939460
newOrder,24999,1,36060,1682939460
cancel,11001,,,1682940032
cancel,17556,,,1682940032
cancel,19066,,,1682940032
cancel,24999,,,1682940032
newOrder,17557,0,6995,1682940060
newOrder,19066,1,6995,1682940060
newOrder,11286,0,34125,1682940060
newOrder,24999,1,34125,1682940060
cancel,11286,,,1682940631
cancel,17557,,,1682940631
cancel,19066,,,1682940631
cancel,24999,,,1682940631
newOrder,17558,0,6115,1682940661
newOrder,19066,1,6115,1682940661
newOrder,11604,0,23786,1682940661
newOrder,24957,1,23786,1682940661
cancel,11604,,,1682941231
cancel,17558,,,1682941231
cancel,19066,,,1682941231
cancel,24957,,,1682941231
newOrder,17551,0,5861,1682941261
newOrder,19066,1,5861,1682941261
newOrder,11604,0,27474,1682941261
newOrder,24957,1,27474,1682941261
cancel,11604,,,1682941831
cancel,17551,,,1682941831
cancel,19066,,,1682941831
cancel,24957,,,1682941831
newOrder,17551,0,5855,1682941862
newOrder,19066,1,5855,1682941862
newOrder,11286,0,28304,1682941862
newOrder,24957,1,28304,1682941862
cancel,11286,,,1682942431
cancel,17551,,,1682942431
cancel,19066,,,1682942431
cancel,24957,,,1682942431
newOrder,17551,0,5856,1682942460
newOrder,19066,1,5856,1682942460
newOrder,11604,0,14922,1682942460
newOrder,24957,1,14922,1682942460
cancel,11604,,,1682943031
cancel,17551,,,1682943031
cancel,19066,,,1682943031
cancel,24957,,,1682943031
newOrder,17551,0,5856,1682943060
newOrder,19066,1,5856,1682943060
newOrder,12011,0,6209,1682943060
newOrder,21999,1,6209,1682943060
cancel,12011,,,1682943631
cancel,17551,,,1682943631
cancel,19066,,,1682943631
cancel,21999,,,1682943631
newOrder,17551,0,5857,1682943660
newOrder,19066,1,5857,1682943660
newOrder,11604,0,15699,1682943660
newOrder,24957,1,15699,1682943660
cancel,11604,,,1682944232
cancel,17551,,,1682944232
cancel,19066,,,1682944232
cancel,24957,,,1682944232
newOrder,17551,0,5857,1682944262
newOrder,19066,1,5857,1682944262
newOrder,12001,0,9053,1682944262
newOrder,24957,1,9053,1682944262
cancel,12001,,,1682944830
cancel,17551,,,1682944830
cancel,19066,,,1682944830
cancel,24957,,,1682944830
newOrder,17553,0,5858,1682944860
newOrder,19066,1,5858,1682944860
newOrder,11604,0,17116,1682944860
newOrder,24957,1,17116,1682944860
cancel,11604,,,1682945431
cancel,17553,,,1682945431
cancel,19066,,,1682945431
cancel,24957,,,1682945431
newOrder,17542,0,5856,1682945461
newOrder,19066,1,5856,1682945461
newOrder,11286,0,31288,1682945461
newOrder,24999,1,31288,1682945461
cancel,11286,,,1682946030
cancel,17542,,,1682946030
cancel,19066,,,1682946030
cancel,24999,,,1682946030
newOrder,17553,0,5860,1682946061
newOrder,19066,1,5860,1682946061
newOrder,11604,0,27887,1682946061
newOrder,24957,1,27887,1682946061
cancel,11604,,,1682946631
cancel,17553,,,1682946631
cancel,19066,,,1682946631
cancel,24957,,,1682946631
newOrder,17552,0,5860,1682946661
newOrder,19066,1,5860,1682946661
newOrder,12001,0,7624,1682946661
newOrder,24957,1,7624,1682946661
cancel,12001,,,1682947231
cancel,17552,,,1682947231
cancel,19066,,,1682947231
cancel,24957,,,1682947231
newOrder,17552,0,5860,1682947260
newOrder,19066,1,5860,1682947260
newOrder,11604,0,22582,1682947260
newOrder,24957,1,22582,1682947260
cancel,11604,,,1682947831
cancel,17552,,,1682947831
cancel,19066,,,1682947831
cancel,24957,,,1682947831
newOrder,17551,0,5861,1682947861
newOrder,19066,1,5861,1682947861
newOrder,11604,0,21021,1682947861
newOrder,24957,1,21021,1682947861
cancel,11604,,,1682948431
cancel,17551,,,1682948431
cancel,19066,,,1682948431
cancel,24957,,,1682948431
newOrder,17552,0,5862,1682948460
newOrder,19066,1,5862,1682948460
newOrder,11604,0,20745,1682948460
newOrder,24957,1,20745,1682948460
cancel,11604,,,1682949032
cancel,17552,,,1682949032
cancel,19066,,,1682949032
cancel,24957,,,1682949032
newOrder,17552,0,5862,1682949060
newOrder,19066,1,5862,1682949060
newOrder,11604,0,25628,1682949060
newOrder,24957,1,25628,1682949060
cancel,11604,,,1682949632
cancel,17552,,,1682949632
cancel,19066,,,1682949632
cancel,24957,,,1682949632
newOrder,17542,0,5860,1682949664
newOrder,19066,1,5860,1682949664
newOrder,12001,0,8176,1682949664
newOrder,24957,1,8176,1682949664
cancel,12001,,,1682950231
cancel,17542,,,1682950231
cancel,19066,,,1682950231
cancel,24957,,,1682950231
newOrder,17552,0,5864,1682950261
newOrder,19066,1,5864,1682950261
newOrder,11286,0,29777,1682950261
newOrder,24957,1,29777,1682950261
cancel,11286,,,1682950831
cancel,17552,,,1682950831
cancel,19066,,,1682950831
cancel,24957,,,1682950831
newOrder,17548,0,5863,1682950861
newOrder,19066,1,5863,1682950861
newOrder,11286,0,30533,1682950861
newOrder,24957,1,30533,1682950861
cancel,11286,,,1682951431
cancel,17548,,,1682951431
cancel,19066,,,1682951431
cancel,24957,,,1682951431
newOrder,17548,0,5864,1682951461
newOrder,19066,1,5864,1682951461
newOrder,11604,0,9657,1682951461
newOrder,24957,1,9657,1682951461
cancel,11604,,,1682952032
cancel,17548,,,1682952032
cancel,19066,,,1682952032
cancel,24957,,,1682952032
newOrder,17551,0,5865,1682952061
newOrder,19066,1,5865,1682952061
newOrder,12011,0,4402,1682952061
newOrder,21887,1,4402,1682952061
cancel,12011,,,1682952631
cancel,17551,,,1682952631
cancel,19066,,,1682952631
cancel,21887,,,1682952631
newOrder,17550,0,5865,1682952660
newOrder,19066,1,5865,1682952660
newOrder,11604,0,25076,1682952660
newOrder,24957,1,25076,1682952660
cancel,11604,,,1682953231
cancel,17550,,,1682953231
cancel,19066,,,1682953231
cancel,24957,,,1682953231
newOrder,17549,0,5866,1682953261
newOrder,19066,1,5866,1682953261
newOrder,11286,0,28746,1682953261
newOrder,24957,1,28746,1682953261
cancel,11286,,,1682953831
cancel,17549,,,1682953831
cancel,19066,,,1682953831
cancel,24957,,,1682953831
newOrder,17549,0,5866,1682953861
newOrder,19066,1,5866,1682953861
newOrder,11604,0,26590,1682953861
newOrder,24957,1,26590,1682953861