instruction,price,side,qty,time
cancel,11151,,,1682079261
cancel,18585,,,1682079261
cancel,19066,,,1682079261
cancel,24999,,,1682079261
newOrder,18585,0,12071,1682079290
newOrder,19066,1,12071,1682079290
newOrder,18154,0,8295,1682079290
newOrder,21899,1,8295,1682079290
cancel,18154,,,1682079861
cancel,18585,,,1682079861
cancel,19066,,,1682079861
cancel,21899,,,1682079861
newOrder,18585,0,12073,1682079891
newOrder,19066,1,12073,1682079891
newOrder,12101,0,24869,1682079891
newOrder,24999,1,24869,1682079891
cancel,12101,,,1682080461
cancel,18585,,,1682080461
cancel,19066,,,1682080461
cancel,24999,,,1682080461
newOrder,18585,0,12076,1682080491
newOrder,19066,1,12076,1682080491
newOrder,11151,0,64226,1682080491
newOrder,24999,1,64226,1682080491
cancel,11151,,,1682081061
cancel,18585,,,1682081061
cancel,19066,,,1682081061
cancel,24999,,,1682081061
newOrder,18585,0,12079,1682081092
newOrder,19066,1,12079,1682081092
newOrder,11151,0,61449,1682081092
newOrder,24999,1,61449,1682081092
cancel,11151,,,1682081661
cancel,18585,,,1682081661
cancel,19066,,,1682081661
cancel,24999,,,1682081661
newOrder,18585,0,12081,1682081691
newOrder,19066,1,12081,1682081691
newOrder,11151,0,48640,1682081691
newOrder,24999,1,48640,1682081691
cancel,11151,,,1682082261
cancel,18585,,,1682082261
cancel,19066,,,1682082261
cancel,24999,,,1682082261
newOrder,18585,0,12084,1682082292
newOrder,19066,1,12084,1682082292
newOrder,15106,0,16769,1682082292
newOrder,24999,1,16769,1682082292
cancel,15106,,,1682082861
cancel,18585,,,1682082861
cancel,19066,,,1682082861
cancel,24999,,,1682082861
newOrder,18585,0,12087,1682082893
newOrder,19066,1,12087,1682082893
newOrder,15001,0,20950,1682082893
newOrder,24999,1,20950,1682082893
cancel,15001,,,1682083461
cancel,18585,,,1682083461
cancel,19066,,,1682083461
cancel,24999,,,1682083461
newOrder,18585,0,12090,1682083491
newOrder,19066,1,12090,1682083491
newOrder,11151,0,37106,1682083491
newOrder,24999,1,37106,1682083491
cancel,11151,,,1682084061
cancel,18585,,,1682084061
cancel,19066,,,1682084061
cancel,24999,,,1682084061
newOrder,18585,0,12092,1682084091
newOrder,19066,1,12092,1682084091
newOrder,18154,0,8819,1682084091
newOrder,21899,1,8819,1682084091
cancel,18154,,,1682084661
cancel,18585,,,1682084661
cancel,19066,,,1682084661
cancel,21899,,,1682084661
newOrder,18585,0,12095,1682084691
newOrder,19066,1,12095,1682084691
newOrder,12001,0,33491,1682084691
newOrder,24999,1,33491,1682084691
cancel,12001,,,1682085260
cancel,18585,,,1682085260
cancel,19066,,,1682085260
cancel,24999,,,1682085260
newOrder,18585,0,12098,1682085290
newOrder,19066,1,12098,1682085290
newOrder,11151,0,39206,1682085290
newOrder,24999,1,39206,1682085290
cancel,11151,,,1682085861
cancel,18585,,,1682085861
cancel,19066,,,1682085861
cancel,24999,,,1682085861
newOrder,18585,0,12100,1682085891
newOrder,19066,1,12100,1682085891
newOrder,15001,0,21108,1682085891
newOrder,24999,1,21108,1682085891
cancel,15001,,,1682086459
cancel,18585,,,1682086459
cancel,19066,,,1682086459
cancel,24999,,,1682086459
newOrder,18585,0,12103,1682086492
newOrder,19066,1,12103,1682086492
newOrder,12101,0,25727,1682086492
newOrder,24999,1,25727,1682086492
cancel,12101,,,1682087061
cancel,18585,,,1682087061
cancel,19066,,,1682087061
cancel,24999,,,1682087061
newOrder,18585,0,12106,1682087091
newOrder,19066,1,12106,1682087091
newOrder,18154,0,13316,1682087091
newOrder,24499,1,13316,1682087091
cancel,18154,,,1682087661
cancel,18585,,,1682087661
cancel,19066,,,1682087661
cancel,24499,,,1682087661
newOrder,18617,0,12075,1682087692
newOrder,19066,1,12075,1682087692
newOrder,15106,0,14657,1682087692
newOrder,24999,1,14657,1682087692
cancel,15106,,,1682088261
cancel,18617,,,1682088261
cancel,19066,,,1682088261
cancel,24999,,,1682088261
newOrder,18617,0,12077,1682088291
newOrder,19066,1,12077,1682088291
newOrder,15106,0,19602,1682088291
newOrder,24999,1,19602,1682088291
cancel,15106,,,1682088860
cancel,18617,,,1682088860
cancel,19066,,,1682088860
cancel,24999,,,1682088860
newOrder,18617,0,12080,1682088892
newOrder,19066,1,12080,1682088892
newOrder,18154,0,9503,1682088892
newOrder,21899,1,9503,1682088892
cancel,18154,,,1682089460
cancel,18617,,,1682089460
cancel,19066,,,1682089460
cancel,21899,,,1682089460
newOrder,18617,0,12083,1682089491
newOrder,19066,1,12083,1682089491
newOrder,15001,0,21017,1682089491
newOrder,24999,1,21017,1682089491
cancel,15001,,,1682090060
cancel,18617,,,1682090060
cancel,19066,,,1682090060
cancel,24999,,,1682090060
newOrder,18617,0,12085,1682090091
newOrder,19066,1,12085,1682090091
newOrder,11170,0,58906,1682090091
newOrder,24999,1,58906,1682090091
cancel,11170,,,1682090661
cancel,18617,,,1682090661
cancel,19066,,,1682090661
cancel,24999,,,1682090661
newOrder,18617,0,12088,1682090691
newOrder,19066,1,12088,1682090691
newOrder,15106,0,17885,1682090691
newOrder,24999,1,17885,1682090691
cancel,15106,,,1682091260
cancel,18617,,,1682091260
cancel,19066,,,1682091260
cancel,24999,,,1682091260
newOrder,18617,0,12091,1682091291
newOrder,19066,1,12091,1682091291
newOrder,12001,0,33566,1682091291
newOrder,24999,1,33566,1682091291
cancel,12001,,,1682091861
cancel,18617,,,1682091861
cancel,19066,,,1682091861
cancel,24999,,,1682091861
newOrder,18617,0,12093,1682091891
newOrder,19066,1,12093,1682091891
newOrder,13597,0,21465,1682091891
newOrder,24999,1,21465,1682091891
cancel,13597,,,1682092461
cancel,18617,,,1682092461
cancel,19066,,,1682092461
cancel,24999,,,1682092461
newOrder,18617,0,12096,1682092495
newOrder,19066,1,12096,1682092495
newOrder,18154,0,9901,1682092495
newOrder,21899,1,9901,1682092495
cancel,18154,,,1682093061
cancel,18617,,,1682093061
cancel,19066,,,1682093061
cancel,21899,,,1682093061
newOrder,18617,0,12099,1682093092
newOrder,19066,1,12099,1682093092
newOrder,12003,0,29219,1682093092
newOrder,24999,1,29219,1682093092
cancel,12003,,,1682093661
cancel,18617,,,1682093661
cancel,19066,,,1682093661
cancel,24999,,,1682093661
newOrder,18617,0,12101,1682093693
newOrder,19066,1,12101,1682093693
newOrder,12101,0,25042,1682093693
newOrder,24999,1,25042,1682093693
cancel,12101,,,1682094261
cancel,18617,,,1682094261
cancel,19066,,,1682094261
cancel,24999,,,1682094261
newOrder,18617,0,12104,1682094292
newOrder,19066,1,12104,1682094292
newOrder,11170,0,65229,1682094292
newOrder,24999,1,65229,1682094292
cancel,11170,,,1682094860
cancel,18617,,,1682094860
cancel,19066,,,1682094860
cancel,24999,,,1682094860
newOrder,18617,0,12107,1682094889
newOrder,19066,1,12107,1682094889
newOrder,11170,0,43514,1682094889
newOrder,24999,1,43514,1682094889
cancel,11170,,,1682095460
cancel,18617,,,1682095460
cancel,19066,,,1682095460
cancel,24999,,,1682095460
newOrder,18617,0,12109,1682095493
newOrder,19066,1,12109,1682095493
newOrder,15106,0,19119,1682095493
newOrder,24999,1,19119,1682095493
cancel,15106,,,1682096061
cancel,18617,,,1682096061
cancel,19066,,,1682096061
cancel,24999,,,1682096061
newOrder,18617,0,12112,1682096092
newOrder,19066,1,12112,1682096092
newOrder,11170,0,47899,1682096092
newOrder,24999,1,47899,1682096092
cancel,11170,,,1682096660
cancel,18617,,,1682096660
cancel,19066,,,1682096660
cancel,24999,,,1682096660
newOrder,18617,0,12115,1682096690
newOrder,19066,1,12115,1682096690
newOrder,11170,0,57653,1682096690
newOrder,24999,1,57653,1682096690
cancel,11170,,,1682097261
cancel,18617,,,1682097261
cancel,19066,,,1682097261
cancel,24999,,,1682097261
newOrder,18934,0,11628,1682097291
newOrder,19126,1,11628,1682097291
newOrder,11360,0,50612,1682097291
newOrder,24999,1,50612,1682097291
cancel,11360,,,1682097861
cancel,18934,,,1682097861
cancel,19126,,,1682097861
cancel,24999,,,1682097861
newOrder,18876,0,11799,1682097891
newOrder,19066,1,11799,1682097891
newOrder,11325,0,39974,1682097891
newOrder,24999,1,39974,1682097891
cancel,11325,,,1682098461
cancel,18876,,,1682098461
cancel,19066,,,1682098461
cancel,24999,,,1682098461
newOrder,18836,0,11855,1682098491
newOrder,19066,1,11855,1682098491
newOrder,11302,0,59144,1682098491
newOrder,24999,1,59144,1682098491
cancel,11302,,,1682099061
cancel,18836,,,1682099061
cancel,19066,,,1682099061
cancel,24999,,,1682099061
newOrder,18836,0,11858,1682099092
newOrder,19066,1,11858,1682099092
newOrder,12001,0,31723,1682099092
newOrder,24999,1,31723,1682099092
cancel,12001,,,1682099659
cancel,18836,,,1682099659
cancel,19066,,,1682099659
cancel,24999,,,1682099659
newOrder,18836,0,11860,1682099694
newOrder,19066,1,11860,1682099694
newOrder,11302,0,50064,1682099694
newOrder,24999,1,50064,1682099694
cancel,11302,,,1682100261
cancel,18836,,,1682100261
cancel,19066,,,1682100261
cancel,24999,,,1682100261
newOrder,18836,0,11863,1682100291
newOrder,19066,1,11863,1682100291
newOrder,18154,0,12583,1682100291
newOrder,24499,1,12583,1682100291
cancel,18154,,,1682100861
cancel,18836,,,1682100861
cancel,19066,,,1682100861
cancel,24499,,,1682100861
newOrder,18836,0,11865,1682100891
newOrder,19066,1,11865,1682100891
newOrder,12101,0,27075,1682100891
newOrder,24999,1,27075,1682100891
cancel,12101,,,1682101461
cancel,18836,,,1682101461
cancel,19066,,,1682101461
cancel,24999,,,1682101461
newOrder,18836,0,11868,1682101491
newOrder,19066,1,11868,1682101491
newOrder,15102,0,19620,1682101491
newOrder,24999,1,19620,1682101491
cancel,15102,,,1682102061
cancel,18836,,,1682102061
cancel,19066,,,1682102061
cancel,24999,,,1682102061
newOrder,18766,0,11962,1682102091
newOrder,19066,1,11962,1682102091
newOrder,11259,0,43293,1682102091
newOrder,24999,1,43293,1682102091
cancel,11259,,,1682102661
cancel,18766,,,1682102661
cancel,19066,,,1682102661
cancel,24999,,,1682102661
newOrder,18766,0,11965,1682102690
newOrder,19066,1,11965,1682102690
newOrder,11259,0,47925,1682102690
newOrder,24999,1,47925,1682102690
cancel,11259,,,1682103261
cancel,18766,,,1682103261
cancel,19066,,,1682103261
cancel,24999,,,1682103261
newOrder,18766,0,11967,1682103291
newOrder,19066,1,11967,1682103291
newOrder,12001,0,33744,1682103291
newOrder,24999,1,33744,1682103291
cancel,12001,,,1682103860
cancel,18766,,,1682103860
cancel,19066,,,1682103860
cancel,24999,,,1682103860
newOrder,18766,0,11970,1682103895
newOrder,19066,1,11970,1682103895
newOrder,11259,0,38184,1682103895
newOrder,24999,1,38184,1682103895
cancel,11259,,,1682104461
cancel,18766,,,1682104461
cancel,19066,,,1682104461
cancel,24999,,,1682104461
newOrder,18766,0,11973,1682104494
newOrder,19066,1,11973,1682104494
newOrder,18154,0,9561,1682104494
newOrder,21899,1,9561,1682104494
cancel,18154,,,1682105061
cancel,18766,,,1682105061
cancel,19066,,,1682105061
cancel,21899,,,1682105061
newOrder,18766,0,11975,1682105090
newOrder,19066,1,11975,1682105090
newOrder,15106,0,17414,1682105090
newOrder,24999,1,17414,1682105090
cancel,15106,,,1682105660
cancel,18766,,,1682105660
cancel,19066,,,1682105660
cancel,24999,,,1682105660
newOrder,18766,0,11978,1682105692
newOrder,19066,1,11978,1682105692
newOrder,11259,0,37826,1682105692
newOrder,24999,1,37826,1682105692
cancel,11259,,,1682106261
cancel,18766,,,1682106261
cancel,19066,,,1682106261
cancel,24999,,,1682106261
newOrder,18766,0,11981,1682106292
newOrder,19066,1,11981,1682106292
newOrder,11259,0,56494,1682106292
newOrder,24999,1,56494,1682106292
cancel,11259,,,1682106861
cancel,18766,,,1682106861
cancel,19066,,,1682106861
cancel,24999,,,1682106861
newOrder,18766,0,11983,1682106893
newOrder,19066,1,11983,1682106893
newOrder,11259,0,47024,1682106893
newOrder,24999,1,47024,1682106893
cancel,11259,,,1682107461
cancel,18766,,,1682107461
cancel,19066,,,1682107461
cancel,24999,,,1682107461
newOrder,18766,0,11986,1682107495
newOrder,19066,1,11986,1682107495
newOrder,15106,0,13857,1682107495
newOrder,24499,1,13857,1682107495
cancel,15106,,,1682108060
cancel,18766,,,1682108060
cancel,19066,,,1682108060
cancel,24499,,,1682108060
newOrder,18766,0,11988,1682108091
newOrder,19066,1,11988,1682108091
newOrder,12001,0,33156,1682108091
newOrder,24999,1,33156,1682108091
cancel,12001,,,1682108661
cancel,18766,,,1682108661
cancel,19066,,,1682108661
cancel,24999,,,1682108661
newOrder,18766,0,11991,1682108692
newOrder,19066,1,11991,1682108692
newOrder,15106,0,17222,1682108692
newOrder,24999,1,17222,1682108692
cancel,15106,,,1682109261
cancel,18766,,,1682109261
cancel,19066,,,1682109261
cancel,24999,,,1682109261
newOrder,18766,0,11994,1682109292
newOrder,19066,1,11994,1682109292
newOrder,11259,0,54750,1682109292
newOrder,24999,1,54750,1682109292
cancel,11259,,,1682109699
cancel,19066,,,1682109699
cancel,24999,,,1682109699
newOrder,18694,0,12077,1682109706
newOrder,19073,1,12077,1682109706
newOrder,18154,0,11741,1682109706
newOrder,21899,1,11741,1682109706
cancel,18154,,,1682109860
cancel,18694,,,1682109860
cancel,19073,,,1682109860
cancel,21899,,,1682109860
newOrder,18863,0,11867,1682109890
newOrder,19066,1,11867,1682109890
newOrder,11318,0,51133,1682109890
newOrder,24999,1,51133,1682109890
cancel,11318,,,1682110461
cancel,18863,,,1682110461
cancel,19066,,,1682110461
cancel,24999,,,1682110461
newOrder,18863,0,11869,1682110491
newOrder,19066,1,11869,1682110491
newOrder,15106,0,16864,1682110491
newOrder,24999,1,16864,1682110491
cancel,15106,,,1682111061
cancel,18863,,,1682111061
cancel,19066,,,1682111061
cancel,24999,,,1682111061
newOrder,18863,0,11872,1682111094
newOrder,19066,1,11872,1682111094
newOrder,13597,0,20175,1682111094
newOrder,24999,1,20175,1682111094
cancel,13597,,,1682111661
cancel,18863,,,1682111661
cancel,19066,,,1682111661
cancel,24999,,,1682111661
cancel,11318,,,1682114660
cancel,18863,,,1682114660
cancel,19066,,,1682114660
cancel,24999,,,1682114660
newOrder,18863,0,11887,1682114692
newOrder,19066,1,11887,1682114692
newOrder,11318,0,61508,1682114692
newOrder,24999,1,61508,1682114692
cancel,11318,,,1682115259
cancel,18863,,,1682115259
cancel,19066,,,1682115259
cancel,24999,,,1682115259
newOrder,18863,0,11890,1682115293
newOrder,19066,1,11890,1682115293
newOrder,11318,0,53566,1682115293
newOrder,24999,1,53566,1682115293
cancel,11318,,,1682115861
cancel,18863,,,1682115861
cancel,19066,,,1682115861
cancel,24999,,,1682115861
newOrder,18887,0,11858,1682115892
newOrder,19066,1,11858,1682115892
newOrder,11332,0,58821,1682115892
newOrder,24999,1,58821,1682115892
cancel,11332,,,1682116463
cancel,18887,,,1682116463
cancel,19066,,,1682116463
cancel,24999,,,1682116463
newOrder,18863,0,11895,1682116495
newOrder,19066,1,11895,1682116495
newOrder,12101,0,23754,1682116495
newOrder,24999,1,23754,1682116495
cancel,12101,,,1682117061
cancel,18863,,,1682117061
cancel,19066,,,1682117061
cancel,24999,,,1682117061
newOrder,18863,0,11897,1682117091
newOrder,19066,1,11897,1682117091
newOrder,15106,0,13205,1682117091
newOrder,24499,1,13205,1682117091
cancel,15106,,,1682117661
cancel,18863,,,1682117661
cancel,19066,,,1682117661
cancel,24499,,,1682117661
newOrder,18838,0,11934,1682117690
newOrder,19066,1,11934,1682117690
newOrder,12001,0,30093,1682117690
newOrder,24999,1,30093,1682117690
cancel,12001,,,1682118261
cancel,18838,,,1682118261
cancel,19066,,,1682118261
cancel,24999,,,1682118261
newOrder,18838,0,11936,1682118291
newOrder,19066,1,11936,1682118291
newOrder,15106,0,15885,1682118291
newOrder,24999,1,15885,1682118291
cancel,15106,,,1682118861
cancel,18838,,,1682118861
cancel,19066,,,1682118861
cancel,24999,,,1682118861
newOrder,18838,0,11939,1682118892
newOrder,19066,1,11939,1682118892
newOrder,11303,0,50975,1682118892
newOrder,24999,1,50975,1682118892
cancel,11303,,,1682119461
cancel,18838,,,1682119461
cancel,19066,,,1682119461
cancel,24999,,,1682119461
newOrder,18838,0,11941,1682119491
newOrder,19066,1,11941,1682119491
newOrder,11303,0,40084,1682119491
newOrder,24999,1,40084,1682119491
cancel,11303,,,1682120061
cancel,18838,,,1682120061
cancel,19066,,,1682120061
cancel,24999,,,1682120061
newOrder,18831,0,11954,1682120091
newOrder,19066,1,11954,1682120091
newOrder,12101,0,23427,1682120091
newOrder,24999,1,23427,1682120091
cancel,12101,,,1682120660
cancel,18831,,,1682120660
cancel,19066,,,1682120660
cancel,24999,,,1682120660
newOrder,18838,0,11946,1682120690
newOrder,19066,1,11946,1682120690
newOrder,11303,0,46255,1682120690
newOrder,24999,1,46255,1682120690
cancel,11303,,,1682121261
cancel,18838,,,1682121261
cancel,19066,,,1682121261
cancel,24999,,,1682121261
newOrder,18837,0,11951,1682121292
newOrder,19066,1,11951,1682121292
newOrder,11302,0,34457,1682121292
newOrder,24999,1,34457,1682121292
cancel,11302,,,1682121861
cancel,18837,,,1682121861
cancel,19066,,,1682121861
cancel,24999,,,1682121861
newOrder,18758,0,12059,1682121891
newOrder,19066,1,12059,1682121891
newOrder,11255,0,45303,1682121891
newOrder,24999,1,45303,1682121891
cancel,11255,,,1682122460
cancel,18758,,,1682122460
cancel,19066,,,1682122460
cancel,24999,,,1682122460
newOrder,18758,0,12062,1682122490
newOrder,19066,1,12062,1682122490
newOrder,11255,0,57153,1682122490
newOrder,24999,1,57153,1682122490
cancel,11255,,,1682123061
cancel,18758,,,1682123061
cancel,19066,,,1682123061
cancel,24999,,,1682123061
newOrder,18758,0,12064,1682123092
newOrder,19066,1,12064,1682123092
newOrder,18154,0,12555,1682123092
newOrder,24499,1,12555,1682123092
cancel,18154,,,1682123661
cancel,18758,,,1682123661
cancel,19066,,,1682123661
cancel,24499,,,1682123661
newOrder,18758,0,12067,1682123690
newOrder,19066,1,12067,1682123690
newOrder,12001,0,30472,1682123690
newOrder,24999,1,30472,1682123690
cancel,12001,,,1682124260
cancel,18758,,,1682124260
cancel,19066,,,1682124260
cancel,24999,,,1682124260
newOrder,18758,0,12070,1682124293
newOrder,19066,1,12070,1682124293
newOrder,18154,0,9774,1682124293
newOrder,21899,1,9774,1682124293
cancel,18154,,,1682124861
cancel,18758,,,1682124861
cancel,19066,,,1682124861
cancel,21899,,,1682124861
newOrder,18758,0,12072,1682124890
newOrder,19066,1,12072,1682124890
newOrder,18154,0,9523,1682124890
newOrder,21899,1,9523,1682124890
cancel,18154,,,1682125461
cancel,18758,,,1682125461
cancel,19066,,,1682125461
cancel,21899,,,1682125461
newOrder,18766,0,12064,1682125490
newOrder,19066,1,12064,1682125490
newOrder,11260,0,38327,1682125490
newOrder,24999,1,38327,1682125490
cancel,11260,,,1682126061
cancel,18766,,,1682126061
cancel,19066,,,1682126061
cancel,24999,,,1682126061
newOrder,18758,0,12078,1682126093
newOrder,19066,1,12078,1682126093
newOrder,12001,0,31544,1682126093
newOrder,24999,1,31544,1682126093
cancel,12001,,,1682126660
cancel,18758,,,1682126660
cancel,19066,,,1682126660
cancel,24999,,,1682126660
newOrder,18758,0,12081,1682126690
newOrder,19066,1,12081,1682126690
newOrder,11255,0,61934,1682126690
newOrder,24999,1,61934,1682126690
cancel,11255,,,1682127260
cancel,18758,,,1682127260
cancel,19066,,,1682127260
cancel,24999,,,1682127260
newOrder,18758,0,12083,1682127292
newOrder,19066,1,12083,1682127292
newOrder,12003,0,28869,1682127292
newOrder,24999,1,28869,1682127292
cancel,12003,,,1682127861
cancel,18758,,,1682127861
cancel,19066,,,1682127861
cancel,24999,,,1682127861
newOrder,18758,0,12086,1682127892
newOrder,19066,1,12086,1682127892
newOrder,11255,0,51415,1682127892
newOrder,24999,1,51415,1682127892
cancel,11255,,,1682128461
cancel,18758,,,1682128461
cancel,19066,,,1682128461
cancel,24999,,,1682128461
newOrder,18758,0,12089,1682128492
newOrder,19066,1,12089,1682128492
newOrder,11255,0,39611,1682128492
newOrder,24999,1,39611,1682128492
cancel,11255,,,1682129061
cancel,18758,,,1682129061
cancel,19066,,,1682129061
cancel,24999,,,1682129061
newOrder,18758,0,12091,1682129093
newOrder,19066,1,12091,1682129093
newOrder,12101,0,25473,1682129093
newOrder,24999,1,25473,1682129093
cancel,12101,,,1682129661
cancel,18758,,,1682129661
cancel,19066,,,1682129661
cancel,24999,,,1682129661
newOrder,18758,0,12094,1682129691
newOrder,19066,1,12094,1682129691
newOrder,12001,0,33062,1682129691
newOrder,24999,1,33062,1682129691
cancel,12001,,,1682130261
cancel,18758,,,1682130261
cancel,19066,,,1682130261
cancel,24999,,,1682130261
newOrder,18758,0,12097,1682130291
newOrder,19066,1,12097,1682130291
newOrder,11255,0,48565,1682130291
newOrder,24999,1,48565,1682130291
cancel,11255,,,1682130861
cancel,18758,,,1682130861
cancel,19066,,,1682130861
cancel,24999,,,1682130861
newOrder,18758,0,12099,1682130890
newOrder,19066,1,12099,1682130890
newOrder,12001,0,34168,1682130890
newOrder,24999,1,34168,1682130890
cancel,12001,,,1682131461
cancel,18758,,,1682131461
cancel,19066,,,1682131461
cancel,24999,,,1682131461
newOrder,18758,0,12102,1682131493
newOrder,19066,1,12102,1682131493
newOrder,11255,0,53851,1682131493
newOrder,24999,1,53851,1682131493
cancel,11255,,,1682132061
cancel,18758,,,1682132061
cancel,19066,,,1682132061
cancel,24999,,,1682132061
newOrder,18758,0,12105,1682132091
newOrder,19066,1,12105,1682132091
newOrder,18154,0,7378,1682132091
newOrder,21899,1,7378,1682132091
cancel,18154,,,1682132661
cancel,18758,,,1682132661
cancel,19066,,,1682132661
cancel,21899,,,1682132661
newOrder,18758,0,12108,1682132691
newOrder,19066,1,12108,1682132691
newOrder,11255,0,55852,1682132691
newOrder,24999,1,55852,1682132691
cancel,11255,,,1682133261
cancel,18758,,,1682133261
cancel,19066,,,1682133261
cancel,24999,,,1682133261
newOrder,18758,0,12110,1682133291
newOrder,19066,1,12110,1682133291
newOrder,11255,0,41561,1682133291
newOrder,24999,1,41561,1682133291
cancel,11255,,,1682133860
cancel,18758,,,1682133860
cancel,19066,,,1682133860
cancel,24999,,,1682133860
newOrder,18758,0,12113,1682133891
newOrder,19066,1,12113,1682133891
newOrder,12101,0,22605,1682133891
newOrder,24999,1,22605,1682133891
cancel,12101,,,1682134461
cancel,18758,,,1682134461
cancel,19066,,,1682134461
cancel,24999,,,1682134461
newOrder,18758,0,12116,1682134490
newOrder,19066,1,12116,1682134490
newOrder,18154,0,9371,1682134490
newOrder,21899,1,9371,1682134490
cancel,18154,,,1682135060
cancel,18758,,,1682135060
cancel,19066,,,1682135060
cancel,21899,,,1682135060
newOrder,18758,0,12118,1682135091
newOrder,19066,1,12118,1682135091
newOrder,11255,0,58762,1682135091
newOrder,24999,1,58762,1682135091
cancel,11255,,,1682135661
cancel,18758,,,1682135661
cancel,19066,,,1682135661
cancel,24999,,,1682135661
newOrder,18758,0,12121,1682135692
newOrder,19066,1,12121,1682135692
newOrder,12101,0,22573,1682135692
newOrder,24999,1,22573,1682135692
cancel,12101,,,1682136261
cancel,18758,,,1682136261
cancel,19066,,,1682136261
cancel,24999,,,1682136261
newOrder,18758,0,12124,1682136290
newOrder,19066,1,12124,1682136290
newOrder,11255,0,38455,1682136290
newOrder,24999,1,38455,1682136290
cancel,11255,,,1682136861
cancel,18758,,,1682136861
cancel,19066,,,1682136861
cancel,24999,,,1682136861
newOrder,18758,0,12127,1682136891
newOrder,19066,1,12127,1682136891
newOrder,11255,0,63194,1682136891
newOrder,24999,1,63194,1682136891
cancel,11255,,,1682137465
cancel,18758,,,1682137465
cancel,19066,,,1682137465
cancel,24999,,,1682137465
newOrder,18758,0,12129,1682137496
newOrder,19066,1,12129,1682137496
newOrder,12001,0,33458,1682137496
newOrder,24999,1,33458,1682137496
cancel,12001,,,1682138061
cancel,18758,,,1682138061
cancel,19066,,,1682138061
cancel,24999,,,1682138061
newOrder,18758,0,12132,1682138090
newOrder,19066,1,12132,1682138090
newOrder,15106,0,17037,1682138090
newOrder,24999,1,17037,1682138090
cancel,15106,,,1682138660
cancel,18758,,,1682138660
cancel,19066,,,1682138660
cancel,24999,,,1682138660
newOrder,18758,0,12135,1682138690
newOrder,19066,1,12135,1682138690
newOrder,12101,0,23999,1682138690
newOrder,24999,1,23999,1682138690
cancel,12101,,,1682139261
cancel,18758,,,1682139261
cancel,19066,,,1682139261
cancel,24999,,,1682139261
newOrder,18758,0,12138,1682139291
newOrder,19066,1,12138,1682139291
newOrder,11255,0,42065,1682139291
newOrder,24999,1,42065,1682139291
cancel,11255,,,1682139861
cancel,18758,,,1682139861
cancel,19066,,,1682139861
cancel,24999,,,1682139861
newOrder,18758,0,12140,1682139892
newOrder,19066,1,12140,1682139892
newOrder,18154,0,12704,1682139892
newOrder,24499,1,12704,1682139892
cancel,18154,,,1682140460
cancel,18758,,,1682140460
cancel,19066,,,1682140460
cancel,24499,,,1682140460
newOrder,18758,0,12143,1682140490
newOrder,19066,1,12143,1682140490
newOrder,12003,0,26883,1682140490
newOrder,24999,1,26883,1682140490
cancel,12003,,,1682141061
cancel,18758,,,1682141061
cancel,19066,,,1682141061
cancel,24999,,,1682141061
newOrder,18758,0,12146,1682141090
newOrder,19066,1,12146,1682141090
newOrder,11255,0,34968,1682141090
newOrder,24999,1,34968,1682141090
cancel,11255,,,1682141661
cancel,18758,,,1682141661
cancel,19066,,,1682141661
cancel,24999,,,1682141661
newOrder,18758,0,12149,1682141691
newOrder,19066,1,12149,1682141691
newOrder,11255,0,47117,1682141691
newOrder,24999,1,47117,1682141691
cancel,11255,,,1682142261
cancel,18758,,,1682142261
cancel,19066,,,1682142261
cancel,24999,,,1682142261
newOrder,18758,0,12151,1682142292
newOrder,19066,1,12151,1682142292
newOrder,11255,0,56806,1682142292
newOrder,24999,1,56806,1682142292
cancel,11255,,,1682142861
cancel,18758,,,1682142861
cancel,19066,,,1682142861
cancel,24999,,,1682142861
newOrder,18758,0,12154,1682142891
newOrder,19066,1,12154,1682142891
newOrder,11255,0,41473,1682142891
newOrder,24999,1,41473,1682142891
cancel,11255,,,1682143460
cancel,18758,,,1682143460
cancel,19066,,,1682143460
cancel,24999,,,1682143460
newOrder,18758,0,12157,1682143491
newOrder,19066,1,12157,1682143491
newOrder,15106,0,15651,1682143491
newOrder,24999,1,15651,1682143491
cancel,15106,,,1682144060
cancel,18758,,,1682144060
cancel,19066,,,1682144060
cancel,24999,,,1682144060
newOrder,18758,0,12160,1682144090
newOrder,19066,1,12160,1682144090
newOrder,11255,0,52838,1682144090
newOrder,24999,1,52838,1682144090
cancel,11255,,,1682144661
cancel,18758,,,1682144661
cancel,19066,,,1682144661
cancel,24999,,,1682144661
newOrder,18758,0,12162,1682144691
newOrder,19066,1,12162,1682144691
newOrder,15106,0,15973,1682144691
newOrder,24999,1,15973,1682144691
cancel,15106,,,1682145261
cancel,18758,,,1682145261
cancel,19066,,,1682145261
cancel,24999,,,1682145261
newOrder,18758,0,12165,1682145290
newOrder,19066,1,12165,1682145290
newOrder,12003,0,28246,1682145290
newOrder,24999,1,28246,1682145290
cancel,12003,,,1682145861
cancel,18758,,,1682145861
cancel,19066,,,1682145861
cancel,24999,,,1682145861
newOrder,18758,0,12168,1682145890
newOrder,19066,1,12168,1682145890
newOrder,15102,0,18891,1682145890
newOrder,24999,1,18891,1682145890
cancel,15102,,,1682146461
cancel,18758,,,1682146461
cancel,19066,,,1682146461
cancel,24999,,,1682146461
newOrder,18758,0,12171,1682146491
newOrder,19066,1,12171,1682146491
newOrder,12001,0,32812,1682146491
newOrder,24999,1,32812,1682146491
cancel,12001,,,1682147060
cancel,18758,,,1682147060
cancel,19066,,,1682147060
cancel,24999,,,1682147060
newOrder,18758,0,12173,1682147090
newOrder,19066,1,12173,1682147090
newOrder,12101,0,25988,1682147090
newOrder,24999,1,25988,1682147090
cancel,12101,,,1682147660
cancel,18758,,,1682147660
cancel,19066,,,1682147660
cancel,24999,,,1682147660
newOrder,18758,0,12176,1682147691
newOrder,19066,1,12176,1682147691
newOrder,11255,0,36117,1682147691
newOrder,24999,1,36117,1682147691
cancel,11255,,,1682148260
cancel,18758,,,1682148260
cancel,19066,,,1682148260
cancel,24999,,,1682148260
newOrder,18782,0,12146,1682148290
newOrder,19066,1,12146,1682148290
newOrder,13597,0,21054,1682148290
newOrder,24999,1,21054,1682148290
cancel,13597,,,1682148860
cancel,18782,,,1682148860
cancel,19066,,,1682148860
cancel,24999,,,1682148860
newOrder,18799,0,12126,1682148891
newOrder,19066,1,12126,1682148891
newOrder,11279,0,52498,1682148891
newOrder,24999,1,52498,1682148891
cancel,11279,,,1682149461
cancel,18799,,,1682149461
cancel,19066,,,1682149461
cancel,24999,,,1682149461
newOrder,18782,0,12152,1682149491
newOrder,19066,1,12152,1682149491
newOrder,11269,0,61610,1682149491
newOrder,24999,1,61610,1682149491
cancel,11269,,,1682150060
cancel,18782,,,1682150060
cancel,19066,,,1682150060
cancel,24999,,,1682150060
newOrder,18782,0,12155,1682150091
newOrder,19066,1,12155,1682150091
newOrder,12003,0,29148,1682150091
newOrder,24999,1,29148,1682150091
cancel,12003,,,1682150660
cancel,18782,,,1682150660
cancel,19066,,,1682150660
cancel,24999,,,1682150660
newOrder,18782,0,12157,1682150691
newOrder,19066,1,12157,1682150691
newOrder,12101,0,24478,1682150691
newOrder,24999,1,24478,1682150691
cancel,12101,,,1682151260
cancel,18782,,,1682151260
cancel,19066,,,1682151260
cancel,24999,,,1682151260
newOrder,18782,0,12160,1682151291
newOrder,19066,1,12160,1682151291
newOrder,12101,0,23369,1682151291
newOrder,24999,1,23369,1682151291
cancel,12101,,,1682151861
cancel,18782,,,1682151861
cancel,19066,,,1682151861
cancel,24999,,,1682151861
newOrder,18782,0,12163,1682151891
newOrder,19066,1,12163,1682151891
newOrder,11269,0,60617,1682151891
newOrder,24999,1,60617,1682151891
cancel,11269,,,1682152461
cancel,18782,,,1682152461
cancel,19066,,,1682152461
cancel,24999,,,1682152461
newOrder,18782,0,12166,1682152491
newOrder,19066,1,12166,1682152491
newOrder,15106,0,16933,1682152491
newOrder,24999,1,16933,1682152491
cancel,15106,,,1682153061
cancel,18782,,,1682153061
cancel,19066,,,1682153061
cancel,24999,,,1682153061
newOrder,18782,0,12169,1682153090
newOrder,19066,1,12169,1682153090
newOrder,11269,0,56799,1682153090
newOrder,24999,1,56799,1682153090
cancel,11269,,,1682153660
cancel,18782,,,1682153660
cancel,19066,,,1682153660
cancel,24999,,,1682153660
newOrder,18791,0,12159,1682153692
newOrder,19066,1,12159,1682153692
newOrder,11274,0,57951,1682153692
newOrder,24999,1,57951,1682153692
cancel,11274,,,1682154261
cancel,18791,,,1682154261
cancel,19066,,,1682154261
cancel,24999,,,1682154261
newOrder,18742,0,12229,1682154292
newOrder,19066,1,12229,1682154292
newOrder,11245,0,52940,1682154292
newOrder,24999,1,52940,1682154292
cancel,11245,,,1682154862
cancel,18742,,,1682154862
cancel,19066,,,1682154862
cancel,24999,,,1682154862
newOrder,18744,0,12229,1682154896
newOrder,19066,1,12229,1682154896
newOrder,15102,0,19080,1682154896
newOrder,24999,1,19080,1682154896
cancel,15102,,,1682155461
cancel,18744,,,1682155461
cancel,19066,,,1682155461
cancel,24999,,,1682155461
newOrder,18794,0,12163,1682155490
newOrder,19066,1,12163,1682155490
newOrder,12101,0,23443,1682155490
newOrder,24999,1,23443,1682155490
cancel,12101,,,1682156061
cancel,18794,,,1682156061
cancel,19066,,,1682156061
cancel,24999,,,1682156061
newOrder,18766,0,12204,1682156091
newOrder,19066,1,12204,1682156091
newOrder,11260,0,65427,1682156091
newOrder,24999,1,65427,1682156091
cancel,11260,,,1682156661
cancel,18766,,,1682156661
cancel,19066,,,1682156661
cancel,24999,,,1682156661
newOrder,18747,0,12233,1682156691
newOrder,19066,1,12233,1682156691
newOrder,12003,0,27872,1682156691
newOrder,24999,1,27872,1682156691
cancel,12003,,,1682157261
cancel,18747,,,1682157261
cancel,19066,,,1682157261
cancel,24999,,,1682157261
newOrder,18769,0,12206,1682157291
newOrder,19066,1,12206,1682157291
newOrder,11261,0,63050,1682157291
newOrder,24999,1,63050,1682157291
cancel,11261,,,1682157860
cancel,18769,,,1682157860
cancel,19066,,,1682157860
cancel,24999,,,1682157860
newOrder,18759,0,12222,1682157892
newOrder,19066,1,12222,1682157892
newOrder,11256,0,58990,1682157892
newOrder,24999,1,58990,1682157892
cancel,11256,,,1682158460
cancel,18759,,,1682158460
cancel,19066,,,1682158460
cancel,24999,,,1682158460
newOrder,18769,0,12212,1682158492
newOrder,19066,1,12212,1682158492
newOrder,11261,0,65244,1682158492
newOrder,24999,1,65244,1682158492
cancel,11261,,,1682159060
cancel,18769,,,1682159060
cancel,19066,,,1682159060
cancel,24999,,,1682159060
newOrder,18784,0,12193,1682159092
newOrder,19066,1,12193,1682159092
newOrder,11271,0,64686,1682159092
newOrder,24999,1,64686,1682159092
cancel,11271,,,1682159661
cancel,18784,,,1682159661
cancel,19066,,,1682159661
cancel,24999,,,1682159661
newOrder,18769,0,12218,1682159693
newOrder,19066,1,12218,1682159693
newOrder,11261,0,45248,1682159693
newOrder,24999,1,45248,1682159693
cancel,11261,,,1682160261
cancel,18769,,,1682160261
cancel,19066,,,1682160261
cancel,24999,,,1682160261
newOrder,18764,0,12226,1682160291
newOrder,19066,1,12226,1682160291
newOrder,12101,0,23467,1682160291
newOrder,24999,1,23467,1682160291
cancel,12101,,,1682160861
cancel,18764,,,1682160861
cancel,19066,,,1682160861
cancel,24999,,,1682160861
newOrder,18769,0,12223,1682160891
newOrder,19066,1,12223,1682160891
newOrder,11261,0,54426,1682160891
newOrder,24999,1,54426,1682160891
cancel,11261,,,1682161460
cancel,18769,,,1682161460
cancel,19066,,,1682161460
cancel,24999,,,1682161460
newOrder,18789,0,12197,1682161492
newOrder,19066,1,12197,1682161492
newOrder,11274,0,52979,1682161492
newOrder,24999,1,52979,1682161492
cancel,11274,,,1682162060
cancel,18789,,,1682162060
cancel,19066,,,1682162060
cancel,24999,,,1682162060
newOrder,18769,0,12229,1682162091
newOrder,19066,1,12229,1682162091
newOrder,11261,0,55884,1682162091
newOrder,24999,1,55884,1682162091
cancel,11261,,,1682162661
cancel,18769,,,1682162661
cancel,19066,,,1682162661
cancel,24999,,,1682162661
newOrder,18750,0,12257,1682162691
newOrder,19066,1,12257,1682162691
newOrder,15001,0,20293,1682162691
newOrder,24999,1,20293,1682162691
cancel,15001,,,1682163260
cancel,18750,,,1682163260
cancel,19066,,,1682163260
cancel,24999,,,1682163260
newOrder,18769,0,12235,1682163292
newOrder,19066,1,12235,1682163292
newOrder,11261,0,38318,1682163292
newOrder,24999,1,38318,1682163292
cancel,11261,,,1682163861
cancel,18769,,,1682163861
cancel,19066,,,1682163861
cancel,24999,,,1682163861
newOrder,18768,0,12239,1682163891
newOrder,19066,1,12239,1682163891
newOrder,11261,0,43854,1682163891
newOrder,24999,1,43854,1682163891
cancel,11261,,,1682164461
cancel,18768,,,1682164461
cancel,19066,,,1682164461
cancel,24999,,,1682164461
newOrder,18762,0,12250,1682164491
newOrder,19066,1,12250,1682164491
newOrder,15106,0,13060,1682164491
newOrder,24499,1,13060,1682164491
cancel,15106,,,1682165060
cancel,18762,,,1682165060
cancel,19066,,,1682165060
cancel,24499,,,1682165060
newOrder,18769,0,12243,1682165092
newOrder,19066,1,12243,1682165092
newOrder,11261,0,65113,1682165092
newOrder,24999,1,65113,1682165092