instruction,price,side,qty,time
cancel,12198,,,1684843985
cancel,17711,,,1684843985
cancel,19080,,,1684843985
cancel,24957,,,1684843985
newOrder,18183,0,15164,1684844007
newOrder,19080,1,15164,1684844007
newOrder,12195,0,41912,1684844007
newOrder,24999,1,41912,1684844007
cancel,12195,,,1684844584
cancel,18183,,,1684844584
cancel,19080,,,1684844584
cancel,24999,,,1684844584
newOrder,18146,0,15120,1684844607
newOrder,19080,1,15120,1684844607
newOrder,12194,0,47784,1684844607
newOrder,24999,1,47784,1684844607
cancel,12194,,,1684845185
cancel,18146,,,1684845185
cancel,19080,,,1684845185
cancel,24999,,,1684845185
newOrder,18146,0,15124,1684845206
newOrder,19080,1,15124,1684845206
newOrder,12198,0,11131,1684845206
cancel,12198,,,1684845785
cancel,18146,,,1684845785
cancel,19080,,,1684845785
newOrder,18146,0,15129,1684845809
newOrder,19080,1,15129,1684845809
newOrder,12193,0,53112,1684845809
newOrder,24999,1,53112,1684845809
cancel,12193,,,1684846384
cancel,18146,,,1684846384
cancel,19080,,,1684846384
cancel,24999,,,1684846384
newOrder,18119,0,15094,1684846408
newOrder,19080,1,15094,1684846408
newOrder,12193,0,56530,1684846408
newOrder,24999,1,56530,1684846408
cancel,12193,,,1684846984
cancel,18119,,,1684846984
cancel,19080,,,1684846984
cancel,24999,,,1684846984
newOrder,18119,0,15099,1684847007
newOrder,19080,1,15099,1684847007
newOrder,12192,0,65407,1684847007
newOrder,24999,1,65407,1684847007
cancel,12192,,,1684847585
cancel,18119,,,1684847585
cancel,19080,,,1684847585
cancel,24999,,,1684847585
newOrder,18119,0,15103,1684847608
newOrder,19080,1,15103,1684847608
newOrder,12013,0,76638,1684847608
newOrder,24999,1,76638,1684847608
cancel,12013,,,1684848186
cancel,18119,,,1684848186
cancel,19080,,,1684848186
cancel,24999,,,1684848186
newOrder,18119,0,15108,1684848208
newOrder,19080,1,15108,1684848208
newOrder,12194,0,45433,1684848208
newOrder,24999,1,45433,1684848208
cancel,12194,,,1684848784
cancel,18119,,,1684848784
cancel,19080,,,1684848784
cancel,24999,,,1684848784
newOrder,18119,0,15113,1684848808
newOrder,19080,1,15113,1684848808
newOrder,12192,0,69275,1684848808
newOrder,24999,1,69275,1684848808
cancel,12192,,,1684849385
cancel,18119,,,1684849385
cancel,19080,,,1684849385
cancel,24999,,,1684849385
newOrder,18119,0,15117,1684849406
newOrder,19080,1,15117,1684849406
newOrder,10871,0,77375,1684849406
newOrder,24999,1,77375,1684849406
cancel,10871,,,1684849984
cancel,18119,,,1684849984
cancel,19080,,,1684849984
cancel,24999,,,1684849984
newOrder,18075,0,15054,1684849999
newOrder,19080,1,15054,1684849999
newOrder,12198,0,11463,1684849999
cancel,12198,,,1684850586
cancel,18075,,,1684850586
cancel,19080,,,1684850586
newOrder,18121,0,15130,1684850609
newOrder,19080,1,15130,1684850609
newOrder,12194,0,50075,1684850609
newOrder,24999,1,50075,1684850609
cancel,12194,,,1684851185
cancel,18121,,,1684851185
cancel,19080,,,1684851185
cancel,24999,,,1684851185
newOrder,18120,0,15132,1684851209
newOrder,19080,1,15132,1684851209
newOrder,12194,0,47336,1684851209
newOrder,24999,1,47336,1684851209
cancel,12194,,,1684851785
cancel,18120,,,1684851785
cancel,19080,,,1684851785
cancel,24999,,,1684851785
newOrder,18120,0,15137,1684851809
newOrder,19080,1,15137,1684851809
newOrder,12197,0,24979,1684851809
newOrder,24957,1,24979,1684851809
cancel,12197,,,1684852386
cancel,18120,,,1684852386
cancel,19080,,,1684852386
cancel,24957,,,1684852386
newOrder,18120,0,15142,1684852408
newOrder,19080,1,15142,1684852408
newOrder,12195,0,43456,1684852408
newOrder,24999,1,43456,1684852408
cancel,12195,,,1684852985
cancel,18120,,,1684852985
cancel,19080,,,1684852985
cancel,24999,,,1684852985
newOrder,18120,0,15146,1684853007
newOrder,19080,1,15146,1684853007
newOrder,12192,0,58001,1684853007
newOrder,24999,1,58001,1684853007
cancel,12192,,,1684853585
cancel,18120,,,1684853585
cancel,19080,,,1684853585
cancel,24999,,,1684853585
newOrder,18120,0,15151,1684853606
newOrder,19080,1,15151,1684853606
newOrder,12197,0,24121,1684853606
newOrder,24957,1,24121,1684853606
cancel,12197,,,1684854185
cancel,18120,,,1684854185
cancel,19080,,,1684854185
cancel,24957,,,1684854185
newOrder,18120,0,15156,1684854207
newOrder,19080,1,15156,1684854207
newOrder,12198,0,18823,1684854207
newOrder,24957,1,18823,1684854207
cancel,12198,,,1684854785
cancel,18120,,,1684854785
cancel,19080,,,1684854785
cancel,24957,,,1684854785
newOrder,18120,0,15160,1684854808
newOrder,19080,1,15160,1684854808
newOrder,10872,0,80416,1684854808
newOrder,24999,1,80416,1684854808
cancel,10872,,,1684855384
cancel,18120,,,1684855384
cancel,19080,,,1684855384
cancel,24999,,,1684855384
newOrder,18120,0,15165,1684855408
newOrder,19080,1,15165,1684855408
newOrder,12192,0,24601,1684855408
newOrder,24957,1,24601,1684855408
cancel,12192,,,1684855984
cancel,18120,,,1684855984
cancel,19080,,,1684855984
cancel,24957,,,1684855984
newOrder,18120,0,15170,1684856007
newOrder,19080,1,15170,1684856007
newOrder,10872,0,47445,1684856007
newOrder,24999,1,47445,1684856007
cancel,10872,,,1684856585
cancel,18120,,,1684856585
cancel,19080,,,1684856585
cancel,24999,,,1684856585
newOrder,18120,0,15174,1684856611
newOrder,19080,1,15174,1684856611
newOrder,10872,0,64433,1684856611
newOrder,24999,1,64433,1684856611
cancel,10872,,,1684857185
cancel,18120,,,1684857185
cancel,19080,,,1684857185
cancel,24999,,,1684857185
newOrder,18120,0,15179,1684857207
newOrder,19080,1,15179,1684857207
newOrder,10872,0,76165,1684857207
newOrder,24999,1,76165,1684857207
cancel,10872,,,1684857785
cancel,18120,,,1684857785
cancel,19080,,,1684857785
cancel,24999,,,1684857785
newOrder,18120,0,15184,1684857807
newOrder,19080,1,15184,1684857807
newOrder,10872,0,36319,1684857807
newOrder,24957,1,36319,1684857807
cancel,10872,,,1684858384
cancel,18120,,,1684858384
cancel,19080,,,1684858384
cancel,24957,,,1684858384
newOrder,18120,0,15188,1684858406
newOrder,19080,1,15188,1684858406
newOrder,12192,0,14236,1684858406
cancel,12192,,,1684858985
cancel,18120,,,1684858985
cancel,19080,,,1684858985
newOrder,18120,0,15193,1684859008
newOrder,19080,1,15193,1684859008
newOrder,10872,0,81225,1684859008
newOrder,24999,1,81225,1684859008
cancel,10872,,,1684859584
cancel,18120,,,1684859584
cancel,19080,,,1684859584
cancel,24999,,,1684859584
newOrder,18120,0,15198,1684859608
newOrder,19080,1,15198,1684859608
newOrder,10872,0,61219,1684859608
newOrder,24999,1,61219,1684859608
cancel,10872,,,1684860185
cancel,18120,,,1684860185
cancel,19080,,,1684860185
cancel,24999,,,1684860185
newOrder,18120,0,15203,1684860212
newOrder,19080,1,15203,1684860212
newOrder,10872,0,40271,1684860212
newOrder,24957,1,40271,1684860212
cancel,10872,,,1684860785
cancel,18120,,,1684860785
cancel,19080,,,1684860785
cancel,24957,,,1684860785
newOrder,18120,0,15207,1684860810
newOrder,19080,1,15207,1684860810
newOrder,10872,0,38667,1684860810
newOrder,24957,1,38667,1684860810
cancel,10872,,,1684861385
cancel,18120,,,1684861385
cancel,19080,,,1684861385
cancel,24957,,,1684861385
newOrder,18091,0,15168,1684861407
newOrder,19080,1,15168,1684861407
newOrder,10855,0,40874,1684861407
newOrder,24999,1,40874,1684861407
cancel,10855,,,1684861985
cancel,18091,,,1684861985
cancel,19080,,,1684861985
cancel,24999,,,1684861985
newOrder,18091,0,15172,1684862006
newOrder,19080,1,15172,1684862006
newOrder,12192,0,10561,1684862006
cancel,12192,,,1684862584
cancel,18091,,,1684862584
cancel,19080,,,1684862584
newOrder,18091,0,15177,1684862608
newOrder,19080,1,15177,1684862608
newOrder,10855,0,51962,1684862608
newOrder,24999,1,51962,1684862608
cancel,10855,,,1684863185
cancel,18091,,,1684863185
cancel,19080,,,1684863185
cancel,24999,,,1684863185
newOrder,18091,0,15182,1684863210
newOrder,19080,1,15182,1684863210
newOrder,10855,0,35488,1684863210
newOrder,24957,1,35488,1684863210
cancel,10855,,,1684863785
cancel,18091,,,1684863785
cancel,19080,,,1684863785
cancel,24957,,,1684863785
newOrder,18091,0,15187,1684863808
newOrder,19080,1,15187,1684863808
newOrder,10855,0,43066,1684863808
newOrder,24999,1,43066,1684863808
cancel,10855,,,1684864385
cancel,18091,,,1684864385
cancel,19080,,,1684864385
cancel,24999,,,1684864385
newOrder,18091,0,15191,1684864408
newOrder,19080,1,15191,1684864408
newOrder,12192,0,28059,1684864408
newOrder,24957,1,28059,1684864408
cancel,12192,,,1684864984
cancel,18091,,,1684864984
cancel,19080,,,1684864984
cancel,24957,,,1684864984
newOrder,18091,0,15196,1684865007
newOrder,19080,1,15196,1684865007
newOrder,10855,0,73848,1684865007
newOrder,24999,1,73848,1684865007
cancel,10855,,,1684865584
cancel,18091,,,1684865584
cancel,19080,,,1684865584
cancel,24999,,,1684865584
newOrder,18091,0,15201,1684865608
newOrder,19080,1,15201,1684865608
newOrder,12192,0,29113,1684865608
newOrder,24957,1,29113,1684865608
cancel,12192,,,1684866185
cancel,18091,,,1684866185
cancel,19080,,,1684866185
cancel,24957,,,1684866185
newOrder,18091,0,15205,1684866209
newOrder,19080,1,15205,1684866209
newOrder,10855,0,61832,1684866209
newOrder,24999,1,61832,1684866209
cancel,10855,,,1684866785
cancel,18091,,,1684866785
cancel,19080,,,1684866785
cancel,24999,,,1684866785
newOrder,17984,0,15022,1684866808
newOrder,19080,1,15022,1684866808
newOrder,10790,0,65182,1684866808
newOrder,24999,1,65182,1684866808
cancel,10790,,,1684867385
cancel,17984,,,1684867385
cancel,19080,,,1684867385
cancel,24999,,,1684867385
newOrder,17985,0,15028,1684867408
newOrder,19080,1,15028,1684867408
newOrder,10791,0,78261,1684867408
newOrder,24999,1,78261,1684867408
cancel,10791,,,1684867985
cancel,17985,,,1684867985
cancel,19080,,,1684867985
cancel,24999,,,1684867985
newOrder,17909,0,14881,1684868007
newOrder,19080,1,14881,1684868007
newOrder,12192,0,10966,1684868007
cancel,12192,,,1684868584
cancel,17909,,,1684868584
cancel,19080,,,1684868584
newOrder,17937,0,14943,1684868607
newOrder,19080,1,14943,1684868607
newOrder,10762,0,51895,1684868607
newOrder,24999,1,51895,1684868607
cancel,10762,,,1684869184
cancel,17937,,,1684869184
cancel,19080,,,1684869184
cancel,24999,,,1684869184
newOrder,17937,0,14947,1684869210
newOrder,19080,1,14947,1684869210
newOrder,10762,0,36977,1684869210
newOrder,24957,1,36977,1684869210
cancel,10762,,,1684869784
cancel,17937,,,1684869784
cancel,19080,,,1684869784
cancel,24957,,,1684869784
newOrder,17937,0,14952,1684869805
newOrder,19080,1,14952,1684869805
newOrder,12192,0,15012,1684869805
cancel,12192,,,1684870385
cancel,17937,,,1684870385
cancel,19080,,,1684870385
newOrder,17937,0,14956,1684870408
newOrder,19080,1,14956,1684870408
newOrder,10762,0,39714,1684870408
newOrder,24957,1,39714,1684870408
cancel,10762,,,1684870985
cancel,17937,,,1684870985
cancel,19080,,,1684870985
cancel,24957,,,1684870985
newOrder,17874,0,14829,1684871010
newOrder,19080,1,14829,1684871010
newOrder,10725,0,53043,1684871010
newOrder,24999,1,53043,1684871010
cancel,10725,,,1684871585
cancel,17874,,,1684871585
cancel,19080,,,1684871585
cancel,24999,,,1684871585
newOrder,17873,0,14831,1684871607
newOrder,19080,1,14831,1684871607
newOrder,10724,0,71468,1684871607
newOrder,24999,1,71468,1684871607
cancel,10724,,,1684872185
cancel,17873,,,1684872185
cancel,19080,,,1684872185
cancel,24999,,,1684872185
newOrder,17874,0,14837,1684872208
newOrder,19080,1,14837,1684872208
newOrder,12192,0,20042,1684872208
newOrder,24957,1,20042,1684872208
cancel,12192,,,1684872785
cancel,17874,,,1684872785
cancel,19080,,,1684872785
cancel,24957,,,1684872785
newOrder,17873,0,14840,1684872810
newOrder,19080,1,14840,1684872810
newOrder,10724,0,36985,1684872810
newOrder,24957,1,36985,1684872810
cancel,10724,,,1684873385
cancel,17873,,,1684873385
cancel,19080,,,1684873385
cancel,24957,,,1684873385
newOrder,17874,0,14845,1684873410
newOrder,19080,1,14845,1684873410
newOrder,12013,0,33704,1684873410
newOrder,24957,1,33704,1684873410
cancel,12013,,,1684873988
cancel,17874,,,1684873988
cancel,19080,,,1684873988
cancel,24957,,,1684873988
newOrder,17874,0,14849,1684874011
newOrder,19080,1,14849,1684874011
newOrder,10724,0,41045,1684874011
newOrder,24999,1,41045,1684874011
cancel,10724,,,1684874585
cancel,17874,,,1684874585
cancel,19080,,,1684874585
cancel,24999,,,1684874585
newOrder,17874,0,14853,1684874609
newOrder,19080,1,14853,1684874609
newOrder,10724,0,55456,1684874609
newOrder,24999,1,55456,1684874609
cancel,10724,,,1684875185
cancel,17874,,,1684875185
cancel,19080,,,1684875185
cancel,24999,,,1684875185
newOrder,17863,0,14833,1684875209
newOrder,19080,1,14833,1684875209
newOrder,10718,0,46499,1684875209
newOrder,24999,1,46499,1684875209
cancel,10718,,,1684875785
cancel,17863,,,1684875785
cancel,19080,,,1684875785
cancel,24999,,,1684875785
newOrder,17863,0,14839,1684875807
newOrder,19080,1,14839,1684875807
newOrder,10718,0,34995,1684875807
newOrder,24957,1,34995,1684875807
cancel,10718,,,1684876385
cancel,17863,,,1684876385
cancel,19080,,,1684876385
cancel,24957,,,1684876385
newOrder,17862,0,14840,1684876407
newOrder,19080,1,14840,1684876407
newOrder,10717,0,44254,1684876407
newOrder,24999,1,44254,1684876407
cancel,10717,,,1684876986
cancel,17862,,,1684876986
cancel,19080,,,1684876986
cancel,24999,,,1684876986
newOrder,17863,0,14846,1684877009
newOrder,19080,1,14846,1684877009
newOrder,12013,0,33576,1684877009
newOrder,24957,1,33576,1684877009
cancel,12013,,,1684877585
cancel,17863,,,1684877585
cancel,19080,,,1684877585
cancel,24957,,,1684877585
newOrder,17863,0,14850,1684877608
newOrder,19080,1,14850,1684877608
newOrder,10718,0,45014,1684877608
newOrder,24999,1,45014,1684877608
cancel,10718,,,1684878184
cancel,17863,,,1684878184
cancel,19080,,,1684878184
cancel,24999,,,1684878184
newOrder,17863,0,14854,1684878206
newOrder,19080,1,14854,1684878206
newOrder,12192,0,9865,1684878206
cancel,12192,,,1684878786
cancel,17863,,,1684878786
cancel,19080,,,1684878786
newOrder,17862,0,14856,1684878808
newOrder,19080,1,14856,1684878808
newOrder,10717,0,62558,1684878808
newOrder,24999,1,62558,1684878808
cancel,10717,,,1684879385
cancel,17862,,,1684879385
cancel,19080,,,1684879385
cancel,24999,,,1684879385
newOrder,17863,0,14863,1684879408
newOrder,19080,1,14863,1684879408
newOrder,10718,0,60236,1684879408
newOrder,24999,1,60236,1684879408
cancel,10718,,,1684879985
cancel,17863,,,1684879985
cancel,19080,,,1684879985
cancel,24999,,,1684879985
newOrder,17863,0,14867,1684880006
newOrder,19080,1,14867,1684880006
newOrder,10718,0,43492,1684880006
newOrder,24999,1,43492,1684880006
cancel,10718,,,1684880585
cancel,17863,,,1684880585
cancel,19080,,,1684880585
cancel,24999,,,1684880585
newOrder,17863,0,14872,1684880608
newOrder,19080,1,14872,1684880608
newOrder,12192,0,18458,1684880608
newOrder,24957,1,18458,1684880608
cancel,12192,,,1684881185
cancel,17863,,,1684881185
cancel,19080,,,1684881185
cancel,24957,,,1684881185
newOrder,17862,0,14873,1684881208
newOrder,19080,1,14873,1684881208
newOrder,10717,0,76583,1684881208
newOrder,24999,1,76583,1684881208
cancel,10717,,,1684881785
cancel,17862,,,1684881785
cancel,19080,,,1684881785
cancel,24999,,,1684881785
newOrder,17862,0,14877,1684881807
newOrder,19080,1,14877,1684881807
newOrder,12192,0,23618,1684881807
newOrder,24957,1,23618,1684881807
cancel,12192,,,1684882385
cancel,17862,,,1684882385
cancel,19080,,,1684882385
cancel,24957,,,1684882385
newOrder,17861,0,14879,1684882407
newOrder,19080,1,14879,1684882407
newOrder,12192,0,11946,1684882407
cancel,12192,,,1684882985
cancel,17861,,,1684882985
cancel,19080,,,1684882985
newOrder,17861,0,14885,1684883007
newOrder,19080,1,14885,1684883007
newOrder,10717,0,36896,1684883007
newOrder,24957,1,36896,1684883007
cancel,10717,,,1684883585
cancel,17861,,,1684883585
cancel,19080,,,1684883585
cancel,24957,,,1684883585
newOrder,17861,0,14889,1684883607
newOrder,19080,1,14889,1684883607
newOrder,12192,0,16896,1684883607
newOrder,24957,1,16896,1684883607
cancel,12192,,,1684884185
cancel,17861,,,1684884185
cancel,19080,,,1684884185
cancel,24957,,,1684884185
newOrder,17861,0,14892,1684884211
newOrder,19080,1,14892,1684884211
newOrder,10716,0,34509,1684884211
newOrder,24957,1,34509,1684884211
cancel,10716,,,1684884785
cancel,17861,,,1684884785
cancel,19080,,,1684884785
cancel,24957,,,1684884785
newOrder,17861,0,14896,1684884810
newOrder,19080,1,14896,1684884810
newOrder,10717,0,60557,1684884810
newOrder,24999,1,60557,1684884810
cancel,10717,,,1684885385
cancel,17861,,,1684885385
cancel,19080,,,1684885385
cancel,24999,,,1684885385
newOrder,17861,0,14900,1684885407
newOrder,19080,1,14900,1684885407
newOrder,10716,0,51146,1684885407
newOrder,24999,1,51146,1684885407
cancel,10716,,,1684885985
cancel,17861,,,1684885985
cancel,19080,,,1684885985
cancel,24999,,,1684885985
newOrder,17861,0,14906,1684886009
newOrder,19080,1,14906,1684886009
newOrder,10717,0,44084,1684886009
newOrder,24999,1,44084,1684886009
cancel,10717,,,1684886585
cancel,17861,,,1684886585
cancel,19080,,,1684886585
cancel,24999,,,1684886585
newOrder,17861,0,14909,1684886607
newOrder,19080,1,14909,1684886607
newOrder,10717,0,56337,1684886607
newOrder,24999,1,56337,1684886607
cancel,10717,,,1684887185
cancel,17861,,,1684887185
cancel,19080,,,1684887185
cancel,24999,,,1684887185
newOrder,17860,0,14910,1684887207
newOrder,19080,1,14910,1684887207
newOrder,12192,0,20989,1684887207
newOrder,24957,1,20989,1684887207
cancel,12192,,,1684887785
cancel,17860,,,1684887785
cancel,19080,,,1684887785
cancel,24957,,,1684887785
newOrder,17861,0,14917,1684887808
newOrder,19080,1,14917,1684887808
newOrder,10717,0,59194,1684887808
newOrder,24999,1,59194,1684887808
cancel,10717,,,1684888385
cancel,17861,,,1684888385
cancel,19080,,,1684888385
cancel,24999,,,1684888385
newOrder,17860,0,14921,1684888408
newOrder,19080,1,14921,1684888408
newOrder,10716,0,78771,1684888408
newOrder,24999,1,78771,1684888408
cancel,10716,,,1684888986
cancel,17860,,,1684888986
cancel,19080,,,1684888986
cancel,24999,,,1684888986
newOrder,17860,0,14925,1684889008
newOrder,19080,1,14925,1684889008
newOrder,10716,0,57319,1684889008
newOrder,24999,1,57319,1684889008
cancel,10716,,,1684889584
cancel,17860,,,1684889584
cancel,19080,,,1684889584
cancel,24999,,,1684889584
newOrder,17860,0,14927,1684889611
newOrder,19080,1,14927,1684889611
newOrder,12192,0,18104,1684889611
newOrder,24957,1,18104,1684889611
cancel,12192,,,1684890184
cancel,17860,,,1684890184
cancel,19080,,,1684890184
cancel,24957,,,1684890184
newOrder,17860,0,14933,1684890207
newOrder,19080,1,14933,1684890207
newOrder,10716,0,47342,1684890207
newOrder,24999,1,47342,1684890207
cancel,10716,,,1684890785
cancel,17860,,,1684890785
cancel,19080,,,1684890785
cancel,24999,,,1684890785
newOrder,17860,0,14938,1684890808
newOrder,19080,1,14938,1684890808
newOrder,10716,0,63398,1684890808
newOrder,24999,1,63398,1684890808
cancel,10716,,,1684891385
cancel,17860,,,1684891385
cancel,19080,,,1684891385
cancel,24999,,,1684891385
newOrder,17860,0,14942,1684891407
newOrder,19080,1,14942,1684891407
newOrder,12192,0,24835,1684891407
newOrder,24957,1,24835,1684891407
cancel,12192,,,1684891984
cancel,17860,,,1684891984
cancel,19080,,,1684891984
cancel,24957,,,1684891984
newOrder,17860,0,14945,1684892007
newOrder,19080,1,14945,1684892007
newOrder,12192,0,29869,1684892007
newOrder,24957,1,29869,1684892007
cancel,12192,,,1684892585
cancel,17860,,,1684892585
cancel,19080,,,1684892585
cancel,24957,,,1684892585
newOrder,17860,0,14950,1684892609
newOrder,19080,1,14950,1684892609
newOrder,10716,0,59095,1684892609
newOrder,24999,1,59095,1684892609
cancel,10716,,,1684893185
cancel,17860,,,1684893185
cancel,19080,,,1684893185
cancel,24999,,,1684893185
newOrder,17861,0,14957,1684893209
newOrder,19080,1,14957,1684893209
newOrder,10717,0,35293,1684893209
newOrder,24957,1,35293,1684893209
cancel,10717,,,1684893785
cancel,17861,,,1684893785
cancel,19080,,,1684893785
cancel,24957,,,1684893785
newOrder,17860,0,14957,1684893810
newOrder,19080,1,14957,1684893810
newOrder,10716,0,67801,1684893810
newOrder,24999,1,67801,1684893810
cancel,10716,,,1684894385
cancel,17860,,,1684894385
cancel,19080,,,1684894385
cancel,24999,,,1684894385
newOrder,17860,0,14963,1684894407
newOrder,19080,1,14963,1684894407
newOrder,10716,0,44408,1684894407
newOrder,24999,1,44408,1684894407
cancel,10716,,,1684894985
cancel,17860,,,1684894985
cancel,19080,,,1684894985
cancel,24999,,,1684894985
newOrder,17860,0,14965,1684895008
newOrder,19080,1,14965,1684895008
newOrder,10716,0,69754,1684895008
newOrder,24999,1,69754,1684895008
cancel,10716,,,1684895585
cancel,17860,,,1684895585
cancel,19080,,,1684895585
cancel,24999,,,1684895585
newOrder,17860,0,14970,1684895608
newOrder,19080,1,14970,1684895608
newOrder,12192,0,25452,1684895608
newOrder,24957,1,25452,1684895608
cancel,12192,,,1684896185
cancel,17860,,,1684896185
cancel,19080,,,1684896185
cancel,24957,,,1684896185
newOrder,17860,0,14974,1684896207
newOrder,19080,1,14974,1684896207
newOrder,12192,0,10296,1684896207
cancel,12192,,,1684896785
cancel,17860,,,1684896785
cancel,19080,,,1684896785
newOrder,17860,0,14978,1684896809
newOrder,19080,1,14978,1684896809
newOrder,10716,0,65675,1684896809
newOrder,24999,1,65675,1684896809
cancel,10716,,,1684897385
cancel,17860,,,1684897385
cancel,19080,,,1684897385
cancel,24999,,,1684897385
newOrder,17842,0,14940,1684897409
newOrder,19080,1,14940,1684897409
newOrder,12192,0,21431,1684897409
newOrder,24957,1,21431,1684897409
cancel,12192,,,1684897985
cancel,17842,,,1684897985
cancel,19080,,,1684897985
cancel,24957,,,1684897985
newOrder,17842,0,14944,1684898006
newOrder,19080,1,14944,1684898006
newOrder,10705,0,36897,1684898006
newOrder,24957,1,36897,1684898006
cancel,10705,,,1684898585
cancel,17842,,,1684898585
cancel,19080,,,1684898585
cancel,24957,,,1684898585
newOrder,17841,0,14946,1684898608
newOrder,19080,1,14946,1684898608
newOrder,12192,0,15650,1684898608
newOrder,24957,1,15650,1684898608
cancel,12192,,,1684899185
cancel,17841,,,1684899185
cancel,19080,,,1684899185
cancel,24957,,,1684899185
newOrder,17841,0,14951,1684899208
newOrder,19080,1,14951,1684899208
newOrder,10704,0,67155,1684899208
newOrder,24999,1,67155,1684899208
cancel,10704,,,1684899785
cancel,17841,,,1684899785
cancel,19080,,,1684899785
cancel,24999,,,1684899785
newOrder,17841,0,14955,1684899808
newOrder,19080,1,14955,1684899808
newOrder,12192,0,22304,1684899808
newOrder,24957,1,22304,1684899808
cancel,12192,,,1684900384
cancel,17841,,,1684900384
cancel,19080,,,1684900384
cancel,24957,,,1684900384
newOrder,17839,0,14956,1684900408
newOrder,19080,1,14956,1684900408
newOrder,10704,0,41938,1684900408
newOrder,24999,1,41938,1684900408
cancel,10704,,,1684900985
cancel,17839,,,1684900985
cancel,19080,,,1684900985
cancel,24999,,,1684900985
newOrder,17835,0,14950,1684901006
newOrder,19080,1,14950,1684901006
newOrder,10701,0,38494,1684901006
newOrder,24957,1,38494,1684901006
cancel,10701,,,1684901584
cancel,17835,,,1684901584
cancel,19080,,,1684901584
cancel,24957,,,1684901584
newOrder,17836,0,14956,1684901608
newOrder,19080,1,14956,1684901608
newOrder,10701,0,62435,1684901608
newOrder,24999,1,62435,1684901608
cancel,10701,,,1684902185
cancel,17836,,,1684902185
cancel,19080,,,1684902185
cancel,24999,,,1684902185
newOrder,17836,0,14960,1684902207
newOrder,19080,1,14960,1684902207
newOrder,10701,0,44647,1684902207
newOrder,24999,1,44647,1684902207
cancel,10701,,,1684902785
cancel,17836,,,1684902785
cancel,19080,,,1684902785
cancel,24999,,,1684902785
newOrder,17837,0,14967,1684902807
newOrder,19080,1,14967,1684902807
newOrder,10702,0,55511,1684902807
newOrder,24999,1,55511,1684902807
cancel,10702,,,1684903384
cancel,17837,,,1684903384
cancel,19080,,,1684903384
cancel,24999,,,1684903384
newOrder,17836,0,14969,1684903408
newOrder,19080,1,14969,1684903408
newOrder,10702,0,68873,1684903408
newOrder,24999,1,68873,1684903408
cancel,10702,,,1684903984
cancel,17836,,,1684903984
cancel,19080,,,1684903984
cancel,24999,,,1684903984
newOrder,17836,0,14973,1684904007
newOrder,19080,1,14973,1684904007
newOrder,12192,0,9286,1684904007
cancel,12192,,,1684904585
cancel,17836,,,1684904585
cancel,19080,,,1684904585
newOrder,17836,0,14977,1684904609
newOrder,19080,1,14977,1684904609
newOrder,10701,0,64416,1684904609
newOrder,24999,1,64416,1684904609
cancel,10701,,,1684905185
cancel,17836,,,1684905185
cancel,19080,,,1684905185
cancel,24999,,,1684905185
newOrder,17836,0,14981,1684905207
newOrder,19080,1,14981,1684905207
newOrder,10701,0,52026,1684905207
newOrder,24999,1,52026,1684905207
cancel,10701,,,1684905785
cancel,17836,,,1684905785
cancel,19080,,,1684905785
cancel,24999,,,1684905785
newOrder,17837,0,14988,1684905806
newOrder,19080,1,14988,1684905806
newOrder,12192,0,10466,1684905806
cancel,12192,,,1684906384
cancel,17837,,,1684906384
cancel,19080,,,1684906384
newOrder,17835,0,14988,1684906407
newOrder,19080,1,14988,1684906407
newOrder,10701,0,77225,1684906407
newOrder,24999,1,77225,1684906407
cancel,10701,,,1684906985
cancel,17835,,,1684906985
cancel,19080,,,1684906985
cancel,24999,,,1684906985
newOrder,17782,0,14859,1684907009
newOrder,19080,1,14859,1684907009
newOrder,10669,0,46654,1684907009
newOrder,24999,1,46654,1684907009
cancel,10669,,,1684907585
cancel,17782,,,1684907585
cancel,19080,,,1684907585
cancel,24999,,,1684907585
newOrder,17783,0,14865,1684907608
newOrder,19080,1,14865,1684907608
newOrder,10670,0,64313,1684907608
newOrder,24999,1,64313,1684907608
cancel,10670,,,1684908184
cancel,17783,,,1684908184
cancel,19080,,,1684908184
cancel,24999,,,1684908184
newOrder,17775,0,14849,1684908209
newOrder,19080,1,14849,1684908209
newOrder,10665,0,79499,1684908209
newOrder,24999,1,79499,1684908209
cancel,10665,,,1684908785
cancel,17775,,,1684908785
cancel,19080,,,1684908785
cancel,24999,,,1684908785
newOrder,17775,0,14852,1684908806
newOrder,19080,1,14852,1684908806
newOrder,12192,0,18983,1684908806
newOrder,24957,1,18983,1684908806
cancel,12192,,,1684909385
cancel,17775,,,1684909385
cancel,19080,,,1684909385
cancel,24957,,,1684909385
newOrder,17774,0,14855,1684909409
newOrder,19080,1,14855,1684909409
newOrder,12192,0,18272,1684909409
newOrder,24957,1,18272,1684909409
cancel,12192,,,1684909986
cancel,17774,,,1684909986
cancel,19080,,,1684909986
cancel,24957,,,1684909986
newOrder,17774,0,14859,1684910009
newOrder,19080,1,14859,1684910009
newOrder,10664,0,74968,1684910009
newOrder,24999,1,74968,1684910009
cancel,10664,,,1684910585
cancel,17774,,,1684910585
cancel,19080,,,1684910585
cancel,24999,,,1684910585
newOrder,17775,0,14866,1684910609
newOrder,19080,1,14866,1684910609
newOrder,12192,0,20648,1684910609
newOrder,24957,1,20648,1684910609
cancel,12192,,,1684911185
cancel,17775,,,1684911185
cancel,19080,,,1684911185
cancel,24957,,,1684911185
newOrder,17775,0,14870,1684911208
newOrder,19080,1,14870,1684911208
newOrder,12162,0,31813,1684911208
newOrder,24957,1,31813,1684911208
cancel,12162,,,1684911785
cancel,17775,,,1684911785
cancel,19080,,,1684911785
cancel,24957,,,1684911785
newOrder,17774,0,14872,1684911808
newOrder,19080,1,14872,1684911808
newOrder,10664,0,44510,1684911808
newOrder,24999,1,44510,1684911808
cancel,10664,,,1684912385
cancel,17774,,,1684912385
cancel,19080,,,1684912385
cancel,24999,,,1684912385
newOrder,17773,0,14873,1684912408
newOrder,19080,1,14873,1684912408
newOrder,10664,0,71113,1684912408
newOrder,24999,1,71113,1684912408
cancel,10664,,,1684912985
cancel,17773,,,1684912985
cancel,19080,,,1684912985
cancel,24999,,,1684912985
newOrder,17773,0,14878,1684913009
newOrder,19080,1,14878,1684913009
newOrder,10664,0,77534,1684913009
newOrder,24999,1,77534,1684913009
cancel,10664,,,1684913585
cancel,17773,,,1684913585
cancel,19080,,,1684913585
cancel,24999,,,1684913585
newOrder,17773,0,14882,1684913606
newOrder,19080,1,14882,1684913606
newOrder,10664,0,51711,1684913606
newOrder,24999,1,51711,1684913606
cancel,10664,,,1684914185
cancel,17773,,,1684914185
cancel,19080,,,1684914185
cancel,24999,,,1684914185
newOrder,17773,0,14886,1684914210
newOrder,19080,1,14886,1684914210
newOrder,10664,0,60462,1684914210
newOrder,24999,1,60462,1684914210
cancel,10664,,,1684914784
cancel,17773,,,1684914784
cancel,19080,,,1684914784
cancel,24999,,,1684914784
newOrder,17774,0,14892,1684914810
newOrder,19080,1,14892,1684914810
newOrder,10664,0,46796,1684914810
newOrder,24999,1,46796,1684914810
cancel,10664,,,1684915385
cancel,17774,,,1684915385
cancel,19080,,,1684915385
cancel,24999,,,1684915385
newOrder,17774,0,14896,1684915409
newOrder,19080,1,14896,1684915409
newOrder,10664,0,46227,1684915409
newOrder,24999,1,46227,1684915409
cancel,10664,,,1684915986
cancel,17774,,,1684915986
cancel,19080,,,1684915986
cancel,24999,,,1684915986
newOrder,17774,0,14900,1684916010
newOrder,19080,1,14900,1684916010
newOrder,10664,0,63375,1684916010
newOrder,24999,1,63375,1684916010
cancel,10664,,,1684916585
cancel,17774,,,1684916585
cancel,19080,,,1684916585
cancel,24999,,,1684916585
newOrder,17773,0,14902,1684916607
newOrder,19080,1,14902,1684916607
newOrder,12192,0,12763,1684916607
cancel,12192,,,1684917185
cancel,17773,,,1684917185
cancel,19080,,,1684917185
newOrder,17774,0,14909,1684917207
newOrder,19080,1,14909,1684917207
newOrder,12162,0,31771,1684917207
newOrder,24957,1,31771,1684917207
cancel,12162,,,1684917785
cancel,17774,,,1684917785
cancel,19080,,,1684917785
cancel,24957,,,1684917785
newOrder,17775,0,14915,1684917808
newOrder,19080,1,14915,1684917808
newOrder,10665,0,75731,1684917808
newOrder,24999,1,75731,1684917808
cancel,10665,,,1684918385
cancel,17775,,,1684918385
cancel,19080,,,1684918385
cancel,24999,,,1684918385
newOrder,17775,0,14919,1684918407
newOrder,19080,1,14919,1684918407
newOrder,10665,0,58823,1684918407
newOrder,24999,1,58823,1684918407
cancel,10665,,,1684918985
cancel,17775,,,1684918985
cancel,19080,,,1684918985
cancel,24999,,,1684918985
newOrder,17774,0,14921,1684919007
newOrder,19080,1,14921,1684919007
newOrder,10664,0,78212,1684919007
newOrder,24999,1,78212,1684919007
cancel,10664,,,1684919585
cancel,17774,,,1684919585
cancel,19080,,,1684919585
cancel,24999,,,1684919585
newOrder,17775,0,14927,1684919607
newOrder,19080,1,14927,1684919607
newOrder,12192,0,14714,1684919607
cancel,12192,,,1684920184
cancel,17775,,,1684920184
cancel,19080,,,1684920184
newOrder,17774,0,14929,1684920207
newOrder,19080,1,14929,1684920207
newOrder,10664,0,61185,1684920207
newOrder,24999,1,61185,1684920207
cancel,10664,,,1684920784
cancel,17774,,,1684920784
cancel,19080,,,1684920784
cancel,24999,,,1684920784
newOrder,17774,0,14933,1684920806
newOrder,19080,1,14933,1684920806
newOrder,12192,0,9553,1684920806
cancel,12192,,,1684921385
cancel,17774,,,1684921385
cancel,19080,,,1684921385
newOrder,17775,0,14939,1684921408
newOrder,19080,1,14939,1684921408
newOrder,12192,0,13893,1684921408
cancel,12192,,,1684921985
cancel,17775,,,1684921985
cancel,19080,,,1684921985
newOrder,17774,0,14941,1684922007
newOrder,19080,1,14941,1684922007
newOrder,12192,0,25240,1684922007
newOrder,24957,1,25240,1684922007
cancel,12192,,,1684922585
cancel,17774,,,1684922585
cancel,19080,,,1684922585
cancel,24957,,,1684922585
newOrder,17774,0,14945,1684922606
newOrder,19080,1,14945,1684922606
newOrder,12162,0,30637,1684922606
newOrder,24957,1,30637,1684922606
cancel,12162,,,1684923185
cancel,17774,,,1684923185
cancel,19080,,,1684923185
cancel,24957,,,1684923185
newOrder,17774,0,14951,1684923208
newOrder,19080,1,14951,1684923208
newOrder,12192,0,18516,1684923208
newOrder,24957,1,18516,1684923208
cancel,12192,,,1684923785
cancel,17774,,,1684923785
cancel,19080,,,1684923785
cancel,24957,,,1684923785
newOrder,17775,0,14956,1684923809
newOrder,19080,1,14956,1684923809
newOrder,10665,0,53741,1684923809
newOrder,24999,1,53741,1684923809
cancel,10665,,,1684924385
cancel,17775,,,1684924385
cancel,19080,,,1684924385
cancel,24999,,,1684924385
newOrder,17775,0,14960,1684924407
newOrder,19080,1,14960,1684924407
newOrder,12192,0,10633,1684924407
cancel,12192,,,1684924985
cancel,17775,,,1684924985
cancel,19080,,,1684924985
newOrder,17776,0,14968,1684925007
newOrder,19080,1,14968,1684925007
newOrder,10666,0,35924,1684925007
newOrder,24957,1,35924,1684925007
cancel,10666,,,1684925587
cancel,17776,,,1684925587
cancel,19080,,,1684925587
cancel,24957,,,1684925587
newOrder,17775,0,14969,1684925612
newOrder,19080,1,14969,1684925612
newOrder,12192,0,16045,1684925612
newOrder,24957,1,16045,1684925612
cancel,12192,,,1684926185
cancel,17775,,,1684926185
cancel,19080,,,1684926185
cancel,24957,,,1684926185
newOrder,17776,0,14976,1684926211
newOrder,19080,1,14976,1684926211
newOrder,10666,0,67357,1684926211
newOrder,24999,1,67357,1684926211
cancel,10666,,,1684926785
cancel,17776,,,1684926785
cancel,19080,,,1684926785
cancel,24999,,,1684926785
newOrder,17777,0,14982,1684926807
newOrder,19080,1,14982,1684926807
newOrder,10666,0,71098,1684926807
newOrder,24999,1,71098,1684926807
cancel,10666,,,1684927385
cancel,17777,,,1684927385
cancel,19080,,,1684927385
cancel,24999,,,1684927385
newOrder,17717,0,14821,1684927407
newOrder,19080,1,14821,1684927407
newOrder,10630,0,51020,1684927407
newOrder,24999,1,51020,1684927407
cancel,10630,,,1684927985
cancel,17717,,,1684927985
cancel,19080,,,1684927985
cancel,24999,,,1684927985
newOrder,17715,0,14818,1684928039
newOrder,19080,1,14818,1684928039
newOrder,10629,0,61916,1684928039
newOrder,24999,1,61916,1684928039
cancel,10629,,,1684928585
cancel,17715,,,1684928585
cancel,19080,,,1684928585
cancel,24999,,,1684928585
newOrder,17714,0,14819,1684928607
newOrder,19080,1,14819,1684928607
newOrder,10628,0,68185,1684928607
newOrder,24999,1,68185,1684928607
cancel,10628,,,1684929185
cancel,17714,,,1684929185
cancel,19080,,,1684929185
cancel,24999,,,1684929185
newOrder,17713,0,14822,1684929209
newOrder,19080,1,14822,1684929209
newOrder,12126,0,32877,1684929209
newOrder,24957,1,32877,1684929209
cancel,12126,,,1684929783
cancel,17713,,,1684929783
cancel,19080,,,1684929783
cancel,24957,,,1684929783
newOrder,17714,0,14827,1684929809
newOrder,19080,1,14827,1684929809
newOrder,12192,0,15923,1684929809
newOrder,24957,1,15923,1684929809