instruction,price,side,qty,time
newOrder,17612,0,17584,1690202164
newOrder,18075,1,17584,1690202164
newOrder,12303,0,34492,1690202164
newOrder,24999,1,34492,1690202164
cancel,12303,,,1690202259
cancel,17612,,,1690202259
cancel,18075,,,1690202259
cancel,24999,,,1690202259
newOrder,17612,0,17586,1690202297
newOrder,18075,1,17586,1690202297
newOrder,12303,0,41876,1690202297
newOrder,24999,1,41876,1690202297
cancel,12303,,,1690202900
cancel,17612,,,1690202900
cancel,18075,,,1690202900
cancel,24999,,,1690202900
newOrder,17665,0,17615,1690202912
newOrder,18075,1,17615,1690202912
newOrder,12303,0,52847,1690202912
newOrder,24999,1,52847,1690202912
cancel,12303,,,1690202962
cancel,17665,,,1690202962
cancel,18075,,,1690202962
cancel,24999,,,1690202962
newOrder,17625,0,17608,1690203510
newOrder,18075,1,17608,1690203510
newOrder,12303,0,74559,1690203510
newOrder,24999,1,74559,1690203510
cancel,12303,,,1690204101
cancel,17625,,,1690204101
cancel,18075,,,1690204101
cancel,24999,,,1690204101
newOrder,17711,0,17639,1690204115
newOrder,18075,1,17639,1690204115
newOrder,12302,0,77322,1690204115
newOrder,24999,1,77322,1690204115
cancel,12302,,,1690204702
cancel,17711,,,1690204702
cancel,18075,,,1690204702
cancel,24999,,,1690204702
newOrder,17714,0,17648,1690204716
newOrder,18075,1,17648,1690204716
newOrder,12303,0,46903,1690204716
newOrder,24999,1,46903,1690204716
cancel,12303,,,1690205301
cancel,17714,,,1690205301
cancel,18075,,,1690205301
cancel,24999,,,1690205301
newOrder,17679,0,17649,1690205315
newOrder,18075,1,17649,1690205315
newOrder,12303,0,48567,1690205315
newOrder,24999,1,48567,1690205315
cancel,12303,,,1690205901
cancel,17679,,,1690205901
cancel,18075,,,1690205901
cancel,24999,,,1690205901
newOrder,17697,0,17661,1690205915
newOrder,18075,1,17661,1690205915
newOrder,10618,0,49966,1690205915
newOrder,24999,1,49966,1690205915
cancel,10618,,,1690206502
cancel,17697,,,1690206502
cancel,18075,,,1690206502
cancel,24999,,,1690206502
newOrder,17707,0,17670,1690206515
newOrder,18075,1,17670,1690206515
newOrder,12302,0,33288,1690206515
newOrder,24999,1,33288,1690206515
cancel,12302,,,1690207101
cancel,17707,,,1690207101
cancel,18075,,,1690207101
cancel,24999,,,1690207101
newOrder,17712,0,17678,1690207117
newOrder,18075,1,17678,1690207117
newOrder,10627,0,76652,1690207117
newOrder,24999,1,76652,1690207117
cancel,10627,,,1690207702
cancel,17712,,,1690207702
cancel,18075,,,1690207702
cancel,24999,,,1690207702
newOrder,17708,0,17686,1690207715
newOrder,18075,1,17686,1690207715
newOrder,10625,0,67542,1690207715
newOrder,24999,1,67542,1690207715
cancel,10625,,,1690208302
cancel,17708,,,1690208302
cancel,18075,,,1690208302
cancel,24999,,,1690208302
newOrder,17681,0,17689,1690208316
newOrder,18075,1,17689,1690208316
newOrder,10609,0,71073,1690208316
newOrder,24999,1,71073,1690208316
cancel,10609,,,1690208902
cancel,17681,,,1690208902
cancel,18075,,,1690208902
cancel,24999,,,1690208902
newOrder,17678,0,17696,1690208917
newOrder,18075,1,17696,1690208917
newOrder,12302,0,41554,1690208917
newOrder,24999,1,41554,1690208917
cancel,12302,,,1690209503
cancel,17678,,,1690209503
cancel,18075,,,1690209503
cancel,24999,,,1690209503
newOrder,17666,0,17700,1690209517
newOrder,18075,1,17700,1690209517
newOrder,15742,0,26603,1690209517
newOrder,24999,1,26603,1690209517
cancel,15742,,,1690210102
cancel,17666,,,1690210102
cancel,18075,,,1690210102
cancel,24999,,,1690210102
newOrder,17683,0,17712,1690210115
newOrder,18075,1,17712,1690210115
newOrder,15743,0,14851,1690210115
newOrder,19999,1,14851,1690210115
cancel,15743,,,1690210702
cancel,17683,,,1690210702
cancel,18075,,,1690210702
cancel,19999,,,1690210702
newOrder,17639,0,17706,1690210716
newOrder,18075,1,17706,1690210716
newOrder,10583,0,88622,1690210716
newOrder,24999,1,88622,1690210716
cancel,10583,,,1690211302
cancel,17639,,,1690211302
cancel,18075,,,1690211302
cancel,24999,,,1690211302
newOrder,17669,0,17724,1690211317
newOrder,18075,1,17724,1690211317
newOrder,10601,0,59706,1690211317
newOrder,24999,1,59706,1690211317
cancel,10601,,,1690211902
cancel,17669,,,1690211902
cancel,18075,,,1690211902
cancel,24999,,,1690211902
newOrder,17675,0,17734,1690211915
newOrder,18075,1,17734,1690211915
newOrder,10605,0,95135,1690211915
newOrder,24999,1,95135,1690211915
cancel,10605,,,1690212502
cancel,17675,,,1690212502
cancel,18075,,,1690212502
cancel,24999,,,1690212502
newOrder,17678,0,17742,1690212516
newOrder,18075,1,17742,1690212516
newOrder,15743,0,15012,1690212516
newOrder,19999,1,15012,1690212516
cancel,15743,,,1690213101
cancel,17678,,,1690213101
cancel,18075,,,1690213101
cancel,19999,,,1690213101
newOrder,17680,0,17751,1690213115
newOrder,18075,1,17751,1690213115
newOrder,10608,0,75403,1690213115
newOrder,24999,1,75403,1690213115
cancel,10608,,,1690213701
cancel,17680,,,1690213701
cancel,18075,,,1690213701
cancel,24999,,,1690213701
newOrder,17667,0,17755,1690213715
newOrder,18075,1,17755,1690213715
newOrder,10600,0,61115,1690213715
newOrder,24999,1,61115,1690213715
cancel,10600,,,1690214302
cancel,17667,,,1690214302
cancel,18075,,,1690214302
cancel,24999,,,1690214302
newOrder,17674,0,17765,1690214315
newOrder,18075,1,17765,1690214315
newOrder,10604,0,64288,1690214315
newOrder,24999,1,64288,1690214315
cancel,10604,,,1690214902
cancel,17674,,,1690214902
cancel,18075,,,1690214902
cancel,24999,,,1690214902
newOrder,17678,0,17774,1690214915
newOrder,18075,1,17774,1690214915
newOrder,10607,0,57729,1690214915
newOrder,24999,1,57729,1690214915
cancel,10607,,,1690215502
cancel,17678,,,1690215502
cancel,18075,,,1690215502
cancel,24999,,,1690215502
newOrder,17676,0,17781,1690215515
newOrder,18075,1,17781,1690215515
newOrder,12302,0,39238,1690215515
newOrder,24999,1,39238,1690215515
cancel,12302,,,1690216102
cancel,17676,,,1690216102
cancel,18075,,,1690216102
cancel,24999,,,1690216102
newOrder,17660,0,17784,1690216115
newOrder,18075,1,17784,1690216115
newOrder,12302,0,40787,1690216115
newOrder,24999,1,40787,1690216115
cancel,12302,,,1690216702
cancel,17660,,,1690216702
cancel,18075,,,1690216702
cancel,24999,,,1690216702
newOrder,17671,0,17795,1690216715
newOrder,18075,1,17795,1690216715
newOrder,10602,0,56085,1690216715
newOrder,24999,1,56085,1690216715
cancel,10602,,,1690217302
cancel,17671,,,1690217302
cancel,18075,,,1690217302
cancel,24999,,,1690217302
newOrder,17676,0,17805,1690217316
newOrder,18075,1,17805,1690217316
newOrder,10606,0,46883,1690217316
newOrder,24999,1,46883,1690217316
cancel,10606,,,1690217902
cancel,17676,,,1690217902
cancel,18075,,,1690217902
cancel,24999,,,1690217902
newOrder,17679,0,17813,1690217915
newOrder,18075,1,17813,1690217915
newOrder,10607,0,88806,1690217915
newOrder,24999,1,88806,1690217915
cancel,10607,,,1690218502
cancel,17679,,,1690218502
cancel,18075,,,1690218502
cancel,24999,,,1690218502
newOrder,17680,0,17822,1690218515
newOrder,18075,1,17822,1690218515
newOrder,15742,0,25151,1690218515
newOrder,24999,1,25151,1690218515
cancel,15742,,,1690219102
cancel,17680,,,1690219102
cancel,18075,,,1690219102
cancel,24999,,,1690219102
newOrder,17681,0,17830,1690219114
newOrder,18075,1,17830,1690219114
newOrder,15742,0,18579,1690219114
newOrder,19999,1,18579,1690219114
cancel,15742,,,1690219702
cancel,17681,,,1690219702
cancel,18075,,,1690219702
cancel,19999,,,1690219702
newOrder,17681,0,17838,1690219716
newOrder,18075,1,17838,1690219716
newOrder,15743,0,11958,1690219716
newOrder,19999,1,11958,1690219716
cancel,15743,,,1690220301
cancel,17681,,,1690220301
cancel,18075,,,1690220301
cancel,19999,,,1690220301
newOrder,17653,0,17837,1690220314
newOrder,18075,1,17837,1690220314
newOrder,12302,0,36128,1690220314
newOrder,24999,1,36128,1690220314
cancel,12302,,,1690220902
cancel,17653,,,1690220902
cancel,18075,,,1690220902
cancel,24999,,,1690220902
newOrder,17667,0,17850,1690220915
newOrder,18075,1,17850,1690220915
newOrder,15742,0,27134,1690220915
newOrder,24999,1,27134,1690220915
cancel,15742,,,1690221502
cancel,17667,,,1690221502
cancel,18075,,,1690221502
cancel,24999,,,1690221502
newOrder,17655,0,17854,1690221515
newOrder,18075,1,17854,1690221515
newOrder,15742,0,27077,1690221515
newOrder,24999,1,27077,1690221515
cancel,15742,,,1690222101
cancel,17655,,,1690222101
cancel,18075,,,1690222101
cancel,24999,,,1690222101
newOrder,17649,0,17859,1690222115
newOrder,18075,1,17859,1690222115
newOrder,10589,0,65736,1690222115
newOrder,24999,1,65736,1690222115
cancel,10589,,,1690222704
cancel,17649,,,1690222704
cancel,18075,,,1690222704
cancel,24999,,,1690222704
newOrder,17646,0,17866,1690222717
newOrder,18075,1,17866,1690222717
newOrder,15743,0,13342,1690222717
newOrder,19999,1,13342,1690222717
cancel,15743,,,1690223302
cancel,17646,,,1690223302
cancel,18075,,,1690223302
cancel,19999,,,1690223302
newOrder,17644,0,17873,1690223316
newOrder,18075,1,17873,1690223316
newOrder,10587,0,93636,1690223316
newOrder,24999,1,93636,1690223316
cancel,10587,,,1690223902
cancel,17644,,,1690223902
cancel,18075,,,1690223902
cancel,24999,,,1690223902
newOrder,17643,0,17881,1690223915
newOrder,18075,1,17881,1690223915
newOrder,15743,0,17812,1690223915
newOrder,19999,1,17812,1690223915
cancel,15743,,,1690224501
cancel,17643,,,1690224501
cancel,18075,,,1690224501
cancel,19999,,,1690224501
newOrder,17643,0,17889,1690224514
newOrder,18075,1,17889,1690224514
newOrder,15742,0,24229,1690224514
newOrder,24999,1,24229,1690224514
cancel,15742,,,1690225101
cancel,17643,,,1690225101
cancel,18075,,,1690225101
cancel,24999,,,1690225101
newOrder,17556,0,17851,1690225712
newOrder,18075,1,17851,1690225712
newOrder,10533,0,87132,1690225712
newOrder,24999,1,87132,1690225712
cancel,10533,,,1690226302
cancel,17556,,,1690226302
cancel,18075,,,1690226302
cancel,24999,,,1690226302
newOrder,17600,0,17890,1690226315
newOrder,18075,1,17890,1690226315
newOrder,12302,0,40150,1690226315
newOrder,24999,1,40150,1690226315
cancel,12302,,,1690226902
cancel,17600,,,1690226902
cancel,18075,,,1690226902
cancel,24999,,,1690226902
newOrder,17621,0,17911,1690226915
newOrder,18075,1,17911,1690226915
newOrder,10573,0,91475,1690226915
newOrder,24999,1,91475,1690226915
cancel,10573,,,1690227501
cancel,17621,,,1690227501
cancel,18075,,,1690227501
cancel,24999,,,1690227501
newOrder,17632,0,17924,1690227514
newOrder,18075,1,17924,1690227514
newOrder,12302,0,33319,1690227514
newOrder,24999,1,33319,1690227514
cancel,12302,,,1690228102
cancel,17632,,,1690228102
cancel,18075,,,1690228102
cancel,24999,,,1690228102
newOrder,17637,0,17935,1690228114
newOrder,18075,1,17935,1690228114
newOrder,12305,0,31749,1690228114
newOrder,24999,1,31749,1690228114
cancel,12305,,,1690228701
cancel,17637,,,1690228701
cancel,18075,,,1690228701
cancel,24999,,,1690228701
newOrder,17675,0,17957,1690228716
newOrder,18075,1,17957,1690228716
newOrder,10605,0,60897,1690228716
newOrder,24999,1,60897,1690228716
cancel,10605,,,1690229302
cancel,17675,,,1690229302
cancel,18075,,,1690229302
cancel,24999,,,1690229302
newOrder,17675,0,17965,1690229315
newOrder,18075,1,17965,1690229315
newOrder,15742,0,27474,1690229315
newOrder,24999,1,27474,1690229315
cancel,15742,,,1690229903
cancel,17675,,,1690229903
cancel,18075,,,1690229903
cancel,24999,,,1690229903
newOrder,17675,0,17973,1690229916
newOrder,18075,1,17973,1690229916
newOrder,10605,0,90683,1690229916
newOrder,24999,1,90683,1690229916
cancel,10605,,,1690230501
cancel,17675,,,1690230501
cancel,18075,,,1690230501
cancel,24999,,,1690230501
newOrder,17675,0,17981,1690230515
newOrder,18075,1,17981,1690230515
newOrder,12302,0,41099,1690230515
newOrder,24999,1,41099,1690230515
cancel,12302,,,1690231102
cancel,17675,,,1690231102
cancel,18075,,,1690231102
cancel,24999,,,1690231102
newOrder,17675,0,17989,1690231115
newOrder,18075,1,17989,1690231115
newOrder,10605,0,91395,1690231115
newOrder,24999,1,91395,1690231115
cancel,10605,,,1690231702
cancel,17675,,,1690231702
cancel,18075,,,1690231702
cancel,24999,,,1690231702
newOrder,17675,0,17997,1690231715
newOrder,18075,1,17997,1690231715
newOrder,15742,0,26487,1690231715
newOrder,24999,1,26487,1690231715
cancel,15742,,,1690232301
cancel,17675,,,1690232301
cancel,18075,,,1690232301
cancel,24999,,,1690232301
newOrder,17675,0,18006,1690232315
newOrder,18075,1,18006,1690232315
newOrder,15742,0,22910,1690232315
newOrder,24999,1,22910,1690232315
cancel,15742,,,1690232902
cancel,17675,,,1690232902
cancel,18075,,,1690232902
cancel,24999,,,1690232902
newOrder,17675,0,18014,1690232915
newOrder,18075,1,18014,1690232915
newOrder,15742,0,25752,1690232915
newOrder,24999,1,25752,1690232915
cancel,15742,,,1690233501
cancel,17675,,,1690233501
cancel,18075,,,1690233501
cancel,24999,,,1690233501
newOrder,17675,0,18022,1690233515
newOrder,18075,1,18022,1690233515
newOrder,10605,0,48884,1690233515
newOrder,24999,1,48884,1690233515
cancel,10605,,,1690234102
cancel,17675,,,1690234102
cancel,18075,,,1690234102
cancel,24999,,,1690234102
newOrder,17675,0,18030,1690234116
newOrder,18075,1,18030,1690234116
newOrder,10605,0,88428,1690234116
newOrder,24999,1,88428,1690234116
cancel,10605,,,1690234701
cancel,17675,,,1690234701
cancel,18075,,,1690234701
cancel,24999,,,1690234701
newOrder,17675,0,18038,1690234715
newOrder,18075,1,18038,1690234715
newOrder,12162,0,44675,1690234715
newOrder,24999,1,44675,1690234715
cancel,12162,,,1690235301
cancel,17675,,,1690235301
cancel,18075,,,1690235301
cancel,24999,,,1690235301
newOrder,17666,0,18044,1690235314
newOrder,18075,1,18044,1690235314
newOrder,10599,0,60770,1690235314
newOrder,24999,1,60770,1690235314
cancel,10599,,,1690235903
cancel,17666,,,1690235903
cancel,18075,,,1690235903
cancel,24999,,,1690235903
newOrder,17675,0,18055,1690235916
newOrder,18075,1,18055,1690235916
newOrder,15742,0,27103,1690235916
newOrder,24999,1,27103,1690235916
cancel,15742,,,1690236502
cancel,17675,,,1690236502
cancel,18075,,,1690236502
cancel,24999,,,1690236502
newOrder,17685,0,18066,1690236515
newOrder,18075,1,18066,1690236515
newOrder,15743,0,15966,1690236515
newOrder,19999,1,15966,1690236515
cancel,15743,,,1690237102
cancel,17685,,,1690237102
cancel,18075,,,1690237102
cancel,19999,,,1690237102
newOrder,17676,0,18072,1690237115
newOrder,18075,1,18072,1690237115
newOrder,12302,0,35926,1690237115
newOrder,24999,1,35926,1690237115
cancel,12302,,,1690237701
cancel,17676,,,1690237701
cancel,18075,,,1690237701
cancel,24999,,,1690237701
newOrder,17685,0,18083,1690237716
newOrder,18075,1,18083,1690237716
newOrder,10611,0,81125,1690237716
newOrder,24999,1,81125,1690237716
cancel,10611,,,1690238302
cancel,17685,,,1690238302
cancel,18075,,,1690238302
cancel,24999,,,1690238302
newOrder,17685,0,18091,1690238315
newOrder,18075,1,18091,1690238315
newOrder,15745,0,17858,1690238315
newOrder,19999,1,17858,1690238315
cancel,15745,,,1690238902
cancel,17685,,,1690238902
cancel,18075,,,1690238902
cancel,19999,,,1690238902
newOrder,17685,0,18099,1690238915
newOrder,18075,1,18099,1690238915
newOrder,10611,0,81868,1690238915
newOrder,24999,1,81868,1690238915
cancel,10611,,,1690239502
cancel,17685,,,1690239502
cancel,18075,,,1690239502
cancel,24999,,,1690239502
newOrder,17685,0,18108,1690239516
newOrder,18075,1,18108,1690239516
newOrder,10611,0,93753,1690239516
newOrder,24999,1,93753,1690239516
cancel,10611,,,1690240102
cancel,17685,,,1690240102
cancel,18075,,,1690240102
cancel,24999,,,1690240102
newOrder,17685,0,18116,1690240114
newOrder,18075,1,18116,1690240114
newOrder,12162,0,44428,1690240114
newOrder,24999,1,44428,1690240114
cancel,12162,,,1690240702
cancel,17685,,,1690240702
cancel,18075,,,1690240702
cancel,24999,,,1690240702
newOrder,17681,0,18123,1690240715
newOrder,18075,1,18123,1690240715
newOrder,15745,0,15680,1690240715
newOrder,19999,1,15680,1690240715
cancel,15745,,,1690241302
cancel,17681,,,1690241302
cancel,18075,,,1690241302
cancel,19999,,,1690241302
newOrder,17672,0,18129,1690241316
newOrder,18075,1,18129,1690241316
newOrder,15745,0,11885,1690241316
newOrder,19999,1,11885,1690241316
cancel,15745,,,1690241902
cancel,17672,,,1690241902
cancel,18075,,,1690241902
cancel,19999,,,1690241902
newOrder,17668,0,18135,1690241916
newOrder,18075,1,18135,1690241916
newOrder,12303,0,34490,1690241916
newOrder,24999,1,34490,1690241916
cancel,12303,,,1690242502
cancel,17668,,,1690242502
cancel,18075,,,1690242502
cancel,24999,,,1690242502
newOrder,17656,0,18139,1690242515
newOrder,18075,1,18139,1690242515
newOrder,12303,0,46766,1690242515
newOrder,24999,1,46766,1690242515
cancel,12303,,,1690243101
cancel,17656,,,1690243101
cancel,18075,,,1690243101
cancel,24999,,,1690243101
newOrder,17661,0,18150,1690243115
newOrder,18075,1,18150,1690243115
newOrder,15742,0,27808,1690243115
newOrder,24999,1,27808,1690243115
cancel,15742,,,1690243701
cancel,17661,,,1690243701
cancel,18075,,,1690243701
cancel,24999,,,1690243701
newOrder,17664,0,18159,1690243715
newOrder,18075,1,18159,1690243715
newOrder,12303,0,41725,1690243715
newOrder,24999,1,41725,1690243715
cancel,12303,,,1690244302
cancel,17664,,,1690244302
cancel,18075,,,1690244302
cancel,24999,,,1690244302
newOrder,17665,0,18168,1690244316
newOrder,18075,1,18168,1690244316
newOrder,15742,0,21231,1690244316
newOrder,24999,1,21231,1690244316
cancel,15742,,,1690244902
cancel,17665,,,1690244902
cancel,18075,,,1690244902
cancel,24999,,,1690244902
newOrder,17666,0,18177,1690244915
newOrder,18075,1,18177,1690244915
newOrder,10599,0,92375,1690244915
newOrder,24999,1,92375,1690244915
cancel,10599,,,1690245501
cancel,17666,,,1690245501
cancel,18075,,,1690245501
cancel,24999,,,1690245501
newOrder,17660,0,18183,1690245516
newOrder,18075,1,18183,1690245516
newOrder,15742,0,31400,1690245516
newOrder,24999,1,31400,1690245516
cancel,15742,,,1690246101
cancel,17660,,,1690246101
cancel,18075,,,1690246101
cancel,24999,,,1690246101
newOrder,17663,0,18192,1690246115
newOrder,18075,1,18192,1690246115
newOrder,12303,0,39099,1690246115
newOrder,24999,1,39099,1690246115
cancel,12303,,,1690246702
cancel,17663,,,1690246702
cancel,18075,,,1690246702
cancel,24999,,,1690246702
newOrder,17665,0,18201,1690246715
newOrder,18075,1,18201,1690246715
newOrder,12303,0,45228,1690246715
newOrder,24999,1,45228,1690246715
cancel,12303,,,1690247302
cancel,17665,,,1690247302
cancel,18075,,,1690247302
cancel,24999,,,1690247302
newOrder,17666,0,18210,1690247315
newOrder,18075,1,18210,1690247315
newOrder,12303,0,48940,1690247315
newOrder,24999,1,48940,1690247315
cancel,12303,,,1690247901
cancel,17666,,,1690247901
cancel,18075,,,1690247901
cancel,24999,,,1690247901
newOrder,17660,0,18217,1690247914
newOrder,18075,1,18217,1690247914
newOrder,12303,0,56927,1690247914
newOrder,24999,1,56927,1690247914
cancel,12303,,,1690248502
cancel,17660,,,1690248502
cancel,18075,,,1690248502
cancel,24999,,,1690248502
newOrder,17657,0,18224,1690248514
newOrder,18075,1,18224,1690248514
newOrder,12303,0,39126,1690248514
newOrder,24999,1,39126,1690248514
cancel,12303,,,1690249102
cancel,17657,,,1690249102
cancel,18075,,,1690249102
cancel,24999,,,1690249102
newOrder,17662,0,18234,1690249115
newOrder,18075,1,18234,1690249115
newOrder,12305,0,32144,1690249115
newOrder,24999,1,32144,1690249115
cancel,12305,,,1690249702
cancel,17662,,,1690249702
cancel,18075,,,1690249702
cancel,24999,,,1690249702
newOrder,17664,0,18244,1690249716
newOrder,18075,1,18244,1690249716
newOrder,12302,0,77416,1690249716
newOrder,24999,1,77416,1690249716
cancel,12302,,,1690250302
cancel,17664,,,1690250302
cancel,18075,,,1690250302
cancel,24999,,,1690250302
newOrder,17659,0,18250,1690250315
newOrder,18075,1,18250,1690250315
newOrder,12162,0,87462,1690250315
newOrder,24999,1,87462,1690250315
cancel,12162,,,1690250903
cancel,17659,,,1690250903
cancel,18075,,,1690250903
cancel,24999,,,1690250903
newOrder,17663,0,18260,1690250917
newOrder,18075,1,18260,1690250917
newOrder,15745,0,14122,1690250917
newOrder,19999,1,14122,1690250917
cancel,15745,,,1690251501
cancel,17663,,,1690251501
cancel,18075,,,1690251501
cancel,19999,,,1690251501
newOrder,17654,0,18265,1690251515
newOrder,18075,1,18265,1690251515
newOrder,12302,0,78966,1690251515
newOrder,24999,1,78966,1690251515
cancel,12302,,,1690252101
cancel,17654,,,1690252101
cancel,18075,,,1690252101
cancel,24999,,,1690252101
newOrder,17660,0,18276,1690252114
newOrder,18075,1,18276,1690252114
newOrder,15742,0,19631,1690252114
newOrder,21999,1,19631,1690252114
cancel,15742,,,1690252702
cancel,17660,,,1690252702
cancel,18075,,,1690252702
cancel,21999,,,1690252702
newOrder,17663,0,18286,1690252715
newOrder,18075,1,18286,1690252715
newOrder,12303,0,50380,1690252715
newOrder,24999,1,50380,1690252715
cancel,12303,,,1690253302
cancel,17663,,,1690253302
cancel,18075,,,1690253302
cancel,24999,,,1690253302
newOrder,17664,0,18295,1690253314
newOrder,18075,1,18295,1690253314
newOrder,15742,0,26228,1690253314
newOrder,24999,1,26228,1690253314
cancel,15742,,,1690253901
cancel,17664,,,1690253901
cancel,18075,,,1690253901
cancel,24999,,,1690253901
newOrder,17654,0,18299,1690253914
newOrder,18075,1,18299,1690253914
newOrder,15742,0,27693,1690253914
newOrder,24999,1,27693,1690253914
cancel,15742,,,1690254501
cancel,17654,,,1690254501
cancel,18075,,,1690254501
cancel,24999,,,1690254501
newOrder,17660,0,18310,1690254515
newOrder,18075,1,18310,1690254515
newOrder,12303,0,74111,1690254515
newOrder,24999,1,74111,1690254515
cancel,12303,,,1690255101
cancel,17660,,,1690255101
cancel,18075,,,1690255101
cancel,24999,,,1690255101
newOrder,17663,0,18320,1690255115
newOrder,18075,1,18320,1690255115
newOrder,12303,0,66569,1690255115
newOrder,24999,1,66569,1690255115
cancel,12303,,,1690255702
cancel,17663,,,1690255702
cancel,18075,,,1690255702
cancel,24999,,,1690255702
newOrder,17665,0,18329,1690255714
newOrder,18075,1,18329,1690255714
newOrder,15742,0,28345,1690255714
newOrder,24999,1,28345,1690255714
cancel,15742,,,1690256302
cancel,17665,,,1690256302
cancel,18075,,,1690256302
cancel,24999,,,1690256302
newOrder,17666,0,18338,1690256315
newOrder,18075,1,18338,1690256315
newOrder,10599,0,93273,1690256315
newOrder,24999,1,93273,1690256315
cancel,10599,,,1690259006
cancel,17666,,,1690259006
cancel,18075,,,1690259006
cancel,24999,,,1690259006
newOrder,17666,0,18377,1690259020
newOrder,18075,1,18377,1690259020
newOrder,12303,0,34341,1690259020
newOrder,24999,1,34341,1690259020
cancel,12303,,,1690259609
cancel,17666,,,1690259609
cancel,18075,,,1690259609
cancel,24999,,,1690259609
newOrder,17666,0,18386,1690259624
newOrder,18075,1,18386,1690259624
newOrder,10600,0,92790,1690259624
newOrder,24999,1,92790,1690259624
cancel,10600,,,1690260207
cancel,17666,,,1690260207
cancel,18075,,,1690260207
cancel,24999,,,1690260207
newOrder,17666,0,18395,1690260221
newOrder,18075,1,18395,1690260221
newOrder,12303,0,51354,1690260221
newOrder,24999,1,51354,1690260221
cancel,12303,,,1690260808
cancel,17666,,,1690260808
cancel,18075,,,1690260808
cancel,24999,,,1690260808
newOrder,17666,0,18404,1690260821
newOrder,18075,1,18404,1690260821
newOrder,12303,0,42654,1690260821
newOrder,24999,1,42654,1690260821
cancel,12303,,,1690261408
cancel,17666,,,1690261408
cancel,18075,,,1690261408
cancel,24999,,,1690261408
newOrder,17666,0,18412,1690261419
newOrder,18075,1,18412,1690261419
newOrder,15742,0,27428,1690261419
newOrder,24999,1,27428,1690261419
cancel,15742,,,1690262009
cancel,17666,,,1690262009
cancel,18075,,,1690262009
cancel,24999,,,1690262009
newOrder,17666,0,18421,1690262023
newOrder,18075,1,18421,1690262023
newOrder,15742,0,19518,1690262023
newOrder,21899,1,19518,1690262023
cancel,15742,,,1690262608
cancel,17666,,,1690262608
cancel,18075,,,1690262608
cancel,21899,,,1690262608
newOrder,17666,0,18430,1690262620
newOrder,18075,1,18430,1690262620
newOrder,15745,0,12611,1690262620
newOrder,19999,1,12611,1690262620
cancel,15745,,,1690263208
cancel,17666,,,1690263208
cancel,18075,,,1690263208
cancel,19999,,,1690263208
newOrder,17655,0,18434,1690263221
newOrder,18075,1,18434,1690263221
newOrder,15745,0,17880,1690263221
newOrder,19999,1,17880,1690263221
cancel,15745,,,1690263808
cancel,17655,,,1690263808
cancel,18075,,,1690263808
cancel,19999,,,1690263808
newOrder,17661,0,18445,1690263821
newOrder,18075,1,18445,1690263821
newOrder,15742,0,22699,1690263821
newOrder,24999,1,22699,1690263821
cancel,15742,,,1690264408
cancel,17661,,,1690264408
cancel,18075,,,1690264408
cancel,24999,,,1690264408
newOrder,17664,0,18455,1690264422
newOrder,18075,1,18455,1690264422
newOrder,12303,0,48034,1690264422
newOrder,24999,1,48034,1690264422
cancel,12303,,,1690265008
cancel,17664,,,1690265008
cancel,18075,,,1690265008
cancel,24999,,,1690265008
newOrder,17665,0,18465,1690265021
newOrder,18075,1,18465,1690265021
newOrder,15742,0,31816,1690265021
newOrder,24999,1,31816,1690265021
cancel,15742,,,1690265608
cancel,17665,,,1690265608
cancel,18075,,,1690265608
cancel,24999,,,1690265608
newOrder,17666,0,18474,1690265621
newOrder,18075,1,18474,1690265621
newOrder,15742,0,21019,1690265621
newOrder,24999,1,21019,1690265621
cancel,15742,,,1690266208
cancel,17666,,,1690266208
cancel,18075,,,1690266208
cancel,24999,,,1690266208
newOrder,17666,0,18483,1690266222
newOrder,18075,1,18483,1690266222
newOrder,12303,0,69640,1690266222
newOrder,24999,1,69640,1690266222
cancel,12303,,,1690266807
cancel,17666,,,1690266807
cancel,18075,,,1690266807
cancel,24999,,,1690266807
newOrder,17666,0,18491,1690266821
newOrder,18075,1,18491,1690266821
newOrder,12303,0,38362,1690266821
newOrder,24999,1,38362,1690266821
cancel,12303,,,1690267408
cancel,17666,,,1690267408
cancel,18075,,,1690267408
cancel,24999,,,1690267408
newOrder,17660,0,18498,1690267421
newOrder,18075,1,18498,1690267421
newOrder,10596,0,97439,1690267421
newOrder,24999,1,97439,1690267421
cancel,10596,,,1690268011
cancel,17660,,,1690268011
cancel,18075,,,1690268011
cancel,24999,,,1690268011
newOrder,17657,0,18505,1690268028
newOrder,18075,1,18505,1690268028
newOrder,12303,0,56732,1690268028
newOrder,24999,1,56732,1690268028
cancel,12303,,,1690268608
cancel,17657,,,1690268608
cancel,18075,,,1690268608
cancel,24999,,,1690268608
newOrder,17662,0,18516,1690268621
newOrder,18075,1,18516,1690268621
newOrder,12302,0,84566,1690268621
newOrder,24999,1,84566,1690268621
cancel,12302,,,1690269208
cancel,17662,,,1690269208
cancel,18075,,,1690269208
cancel,24999,,,1690269208
newOrder,17664,0,18526,1690269222
newOrder,18075,1,18526,1690269222
newOrder,12303,0,67669,1690269222
newOrder,24999,1,67669,1690269222
cancel,12303,,,1690269808
cancel,17664,,,1690269808
cancel,18075,,,1690269808
cancel,24999,,,1690269808
newOrder,17665,0,18535,1690269823
newOrder,18075,1,18535,1690269823
newOrder,12302,0,85378,1690269823
newOrder,24999,1,85378,1690269823
cancel,12302,,,1690270408
cancel,17665,,,1690270408
cancel,18075,,,1690270408
cancel,24999,,,1690270408
newOrder,17666,0,18544,1690270421
newOrder,18075,1,18544,1690270421
newOrder,12303,0,70854,1690270421
newOrder,24999,1,70854,1690270421
cancel,12303,,,1690271008
cancel,17666,,,1690271008
cancel,18075,,,1690271008
cancel,24999,,,1690271008
newOrder,17666,0,18554,1690271021
newOrder,18075,1,18554,1690271021
newOrder,10600,0,96151,1690271021
newOrder,24999,1,96151,1690271021
cancel,10600,,,1690271608
cancel,17666,,,1690271608
cancel,18075,,,1690271608
cancel,24999,,,1690271608
newOrder,17666,0,18562,1690271620
newOrder,18075,1,18562,1690271620
newOrder,12303,0,47163,1690271620
newOrder,24999,1,47163,1690271620
cancel,12303,,,1690272208
cancel,17666,,,1690272208
cancel,18075,,,1690272208
cancel,24999,,,1690272208
newOrder,17666,0,18571,1690272220
newOrder,18075,1,18571,1690272220
newOrder,12302,0,83629,1690272220
newOrder,24999,1,83629,1690272220
cancel,12302,,,1690272808
cancel,17666,,,1690272808
cancel,18075,,,1690272808
cancel,24999,,,1690272808
newOrder,17666,0,18580,1690272820
newOrder,18075,1,18580,1690272820
newOrder,15745,0,12445,1690272820
newOrder,19999,1,12445,1690272820
cancel,15745,,,1690273408
cancel,17666,,,1690273408
cancel,18075,,,1690273408
cancel,19999,,,1690273408
newOrder,17666,0,18589,1690273421
newOrder,18075,1,18589,1690273421
newOrder,12303,0,56393,1690273421
newOrder,24999,1,56393,1690273421
cancel,12303,,,1690274008
cancel,17666,,,1690274008
cancel,18075,,,1690274008
cancel,24999,,,1690274008
newOrder,17666,0,18598,1690274021
newOrder,18075,1,18598,1690274021
newOrder,12302,0,80654,1690274021
newOrder,24999,1,80654,1690274021
cancel,12302,,,1690274607
cancel,17666,,,1690274607
cancel,18075,,,1690274607
cancel,24999,,,1690274607
newOrder,17666,0,18607,1690274621
newOrder,18075,1,18607,1690274621
newOrder,10600,0,99484,1690274621
newOrder,24999,1,99484,1690274621
cancel,10600,,,1690275208
cancel,17666,,,1690275208
cancel,18075,,,1690275208
cancel,24999,,,1690275208
newOrder,17666,0,18616,1690275221
newOrder,18075,1,18616,1690275221
newOrder,12303,0,57028,1690275221
newOrder,24999,1,57028,1690275221
cancel,12303,,,1690275808
cancel,17666,,,1690275808
cancel,18075,,,1690275808
cancel,24999,,,1690275808
newOrder,17666,0,18625,1690275821
newOrder,18075,1,18625,1690275821
newOrder,12302,0,86657,1690275821
newOrder,24999,1,86657,1690275821
cancel,12302,,,1690276408
cancel,17666,,,1690276408
cancel,18075,,,1690276408
cancel,24999,,,1690276408
newOrder,17716,0,18650,1690276422
newOrder,18075,1,18650,1690276422
newOrder,15745,0,17474,1690276422
newOrder,19999,1,17474,1690276422
cancel,15745,,,1690277008
cancel,17716,,,1690277008
cancel,18075,,,1690277008
cancel,19999,,,1690277008
newOrder,17715,0,18659,1690277021
newOrder,18075,1,18659,1690277021
newOrder,12304,0,46292,1690277021
newOrder,24999,1,46292,1690277021
cancel,12304,,,1690277608
cancel,17715,,,1690277608
cancel,18075,,,1690277608
cancel,24999,,,1690277608
newOrder,17705,0,18666,1690277620
newOrder,18075,1,18666,1690277620
newOrder,10623,0,92538,1690277620
newOrder,24999,1,92538,1690277620
cancel,10623,,,1690278208
cancel,17705,,,1690278208
cancel,18075,,,1690278208
cancel,24999,,,1690278208
newOrder,17689,0,18671,1690278220
newOrder,18075,1,18671,1690278220
newOrder,12302,0,78185,1690278220
newOrder,24999,1,78185,1690278220
cancel,12302,,,1690278808
cancel,17689,,,1690278808
cancel,18075,,,1690278808
cancel,24999,,,1690278808
newOrder,17677,0,18675,1690278821
newOrder,18075,1,18675,1690278821
newOrder,15742,0,24543,1690278821
newOrder,24999,1,24543,1690278821
cancel,15742,,,1690279408
cancel,17677,,,1690279408
cancel,18075,,,1690279408
cancel,24999,,,1690279408
newOrder,17675,0,18684,1690279421
newOrder,18075,1,18684,1690279421
newOrder,10605,0,93978,1690279421
newOrder,24999,1,93978,1690279421
cancel,10605,,,1690280007
cancel,17675,,,1690280007
cancel,18075,,,1690280007
cancel,24999,,,1690280007
newOrder,17674,0,18692,1690280020
newOrder,18075,1,18692,1690280020
newOrder,12304,0,38000,1690280020
newOrder,24999,1,38000,1690280020
cancel,12304,,,1690280608
cancel,17674,,,1690280608
cancel,18075,,,1690280608
cancel,24999,,,1690280608
newOrder,17674,0,18701,1690280621
newOrder,18075,1,18701,1690280621
newOrder,15742,0,23667,1690280621
newOrder,24999,1,23667,1690280621
cancel,15742,,,1690281209
cancel,17674,,,1690281209
cancel,18075,,,1690281209
cancel,24999,,,1690281209
newOrder,17674,0,18711,1690281222
newOrder,18075,1,18711,1690281222
newOrder,15742,0,19792,1690281222
newOrder,19999,1,19792,1690281222
cancel,15742,,,1690281807
cancel,17674,,,1690281807
cancel,18075,,,1690281807
cancel,19999,,,1690281807
newOrder,17687,0,18725,1690281821
newOrder,18075,1,18725,1690281821
newOrder,10612,0,48516,1690281821
newOrder,24999,1,48516,1690281821
cancel,10612,,,1690282408
cancel,17687,,,1690282408
cancel,18075,,,1690282408
cancel,24999,,,1690282408
newOrder,17693,0,18736,1690282421
newOrder,18075,1,18736,1690282421
newOrder,10616,0,77252,1690282421
newOrder,24999,1,77252,1690282421
cancel,10616,,,1690283008
cancel,17693,,,1690283008
cancel,18075,,,1690283008
cancel,24999,,,1690283008
newOrder,17696,0,18746,1690283021
newOrder,18075,1,18746,1690283021
newOrder,12302,0,36284,1690283021
newOrder,24999,1,36284,1690283021
cancel,12302,,,1690283608
cancel,17696,,,1690283608
cancel,18075,,,1690283608
cancel,24999,,,1690283608
newOrder,17698,0,18756,1690283621
newOrder,18075,1,18756,1690283621
newOrder,15742,0,27562,1690283621
newOrder,24999,1,27562,1690283621
cancel,15742,,,1690284208
cancel,17698,,,1690284208
cancel,18075,,,1690284208
cancel,24999,,,1690284208
newOrder,17704,0,18767,1690284221
newOrder,18075,1,18767,1690284221
newOrder,10622,0,47676,1690284221
newOrder,24999,1,47676,1690284221
cancel,10622,,,1690284808
cancel,17704,,,1690284808
cancel,18075,,,1690284808
cancel,24999,,,1690284808
newOrder,17707,0,18777,1690284822
newOrder,18075,1,18777,1690284822
newOrder,15742,0,26460,1690284822
newOrder,24999,1,26460,1690284822
cancel,15742,,,1690285407
cancel,17707,,,1690285407
cancel,18075,,,1690285407
cancel,24999,,,1690285407
newOrder,17708,0,18786,1690285420
newOrder,18075,1,18786,1690285420
newOrder,15742,0,30301,1690285420
newOrder,24999,1,30301,1690285420
cancel,15742,,,1690286008
cancel,17708,,,1690286008
cancel,18075,,,1690286008
cancel,24999,,,1690286008
newOrder,17709,0,18796,1690286021
newOrder,18075,1,18796,1690286021
newOrder,12302,0,35950,1690286021
newOrder,24999,1,35950,1690286021
cancel,12302,,,1690286608
cancel,17709,,,1690286608
cancel,18075,,,1690286608
cancel,24999,,,1690286608
newOrder,17709,0,18805,1690286621
newOrder,18075,1,18805,1690286621
newOrder,10625,0,71826,1690286621
newOrder,24999,1,71826,1690286621