instruction,price,side,qty,time
cancel,10527,,,1688732142
cancel,17413,,,1688732142
cancel,18075,,,1688732142
cancel,24999,,,1688732142
newOrder,17434,0,9898,1688732167
newOrder,18075,1,9898,1688732167
newOrder,12501,0,10947,1688732167
newOrder,19999,1,10947,1688732167
cancel,12501,,,1688732743
cancel,17434,,,1688732743
cancel,18075,,,1688732743
cancel,19999,,,1688732743
newOrder,17442,0,9898,1688732766
newOrder,18075,1,9898,1688732766
newOrder,10527,0,38904,1688732766
newOrder,24999,1,38904,1688732766
cancel,10527,,,1688733343
cancel,17442,,,1688733343
cancel,18075,,,1688733343
cancel,24999,,,1688733343
newOrder,17467,0,9898,1688733366
newOrder,18075,1,9898,1688733366
newOrder,10527,0,45062,1688733366
newOrder,24999,1,45062,1688733366
cancel,10527,,,1688733946
cancel,17467,,,1688733946
cancel,18075,,,1688733946
cancel,24999,,,1688733946
newOrder,17467,0,9899,1688733969
newOrder,18075,1,9899,1688733969
newOrder,10527,0,44101,1688733969
newOrder,24999,1,44101,1688733969
cancel,10527,,,1688734543
cancel,17467,,,1688734543
cancel,18075,,,1688734543
cancel,24999,,,1688734543
newOrder,17467,0,9901,1688734565
newOrder,18075,1,9901,1688734565
newOrder,10528,0,25111,1688734565
newOrder,24999,1,25111,1688734565
cancel,10528,,,1688735142
cancel,17467,,,1688735142
cancel,18075,,,1688735142
cancel,24999,,,1688735142
newOrder,17467,0,9902,1688735165
newOrder,18075,1,9902,1688735165
newOrder,12204,0,17024,1688735165
newOrder,24999,1,17024,1688735165
cancel,12204,,,1688735741
cancel,17467,,,1688735741
cancel,18075,,,1688735741
cancel,24999,,,1688735741
newOrder,17475,0,9903,1688735764
newOrder,18075,1,9903,1688735764
newOrder,10527,0,48043,1688735764
newOrder,24999,1,48043,1688735764
cancel,10527,,,1688736341
cancel,17475,,,1688736341
cancel,18075,,,1688736341
cancel,24999,,,1688736341
newOrder,17475,0,9904,1688736364
newOrder,18075,1,9904,1688736364
newOrder,12162,0,19665,1688736364
newOrder,24999,1,19665,1688736364
cancel,12162,,,1688736942
cancel,17475,,,1688736942
cancel,18075,,,1688736942
cancel,24999,,,1688736942
newOrder,17475,0,9906,1688736964
newOrder,18075,1,9906,1688736964
newOrder,12204,0,18181,1688736964
newOrder,24999,1,18181,1688736964
cancel,12204,,,1688737542
cancel,17475,,,1688737542
cancel,18075,,,1688737542
cancel,24999,,,1688737542
newOrder,17350,0,9913,1688737564
newOrder,18075,1,9913,1688737564
newOrder,10527,0,48807,1688737564
newOrder,24999,1,48807,1688737564
cancel,10527,,,1688738141
cancel,17350,,,1688738141
cancel,18075,,,1688738141
cancel,24999,,,1688738141
newOrder,17359,0,9915,1688738164
newOrder,18075,1,9915,1688738164
newOrder,10528,0,30233,1688738164
newOrder,24999,1,30233,1688738164
cancel,10528,,,1688738742
cancel,17359,,,1688738742
cancel,18075,,,1688738742
cancel,24999,,,1688738742
newOrder,17359,0,9916,1688738765
newOrder,18075,1,9916,1688738765
newOrder,12204,0,17485,1688738765
newOrder,24999,1,17485,1688738765
cancel,12204,,,1688739341
cancel,17359,,,1688739341
cancel,18075,,,1688739341
cancel,24999,,,1688739341
newOrder,17359,0,9917,1688739365
newOrder,18075,1,9917,1688739365
newOrder,10527,0,47027,1688739365
newOrder,24999,1,47027,1688739365
cancel,10527,,,1688739942
cancel,17359,,,1688739942
cancel,18075,,,1688739942
cancel,24999,,,1688739942
newOrder,17359,0,9919,1688739964
newOrder,18075,1,9919,1688739964
newOrder,12013,0,22797,1688739964
newOrder,24999,1,22797,1688739964
cancel,12013,,,1688740542
cancel,17359,,,1688740542
cancel,18075,,,1688740542
cancel,24999,,,1688740542
newOrder,17388,0,9920,1688740568
newOrder,18075,1,9920,1688740568
newOrder,10527,0,41791,1688740568
newOrder,24999,1,41791,1688740568
cancel,10527,,,1688741142
cancel,17388,,,1688741142
cancel,18075,,,1688741142
cancel,24999,,,1688741142
newOrder,17388,0,9921,1688741165
newOrder,18075,1,9921,1688741165
newOrder,10528,0,32080,1688741165
newOrder,24999,1,32080,1688741165
cancel,10528,,,1688741742
cancel,17388,,,1688741742
cancel,18075,,,1688741742
cancel,24999,,,1688741742
newOrder,17388,0,9922,1688741765
newOrder,18075,1,9922,1688741765
newOrder,12204,0,15682,1688741765
newOrder,24999,1,15682,1688741765
cancel,12204,,,1688742344
cancel,17388,,,1688742344
cancel,18075,,,1688742344
cancel,24999,,,1688742344
newOrder,17409,0,9923,1688742370
newOrder,18075,1,9923,1688742370
newOrder,10527,0,52536,1688742370
newOrder,24999,1,52536,1688742370
cancel,10527,,,1688742942
cancel,17409,,,1688742942
cancel,18075,,,1688742942
cancel,24999,,,1688742942
newOrder,17409,0,9924,1688742967
newOrder,18075,1,9924,1688742967
newOrder,10527,0,44843,1688742967
newOrder,24999,1,44843,1688742967
cancel,10527,,,1688743542
cancel,17409,,,1688743542
cancel,18075,,,1688743542
cancel,24999,,,1688743542
newOrder,17409,0,9926,1688743564
newOrder,18075,1,9926,1688743564
newOrder,10527,0,49255,1688743564
newOrder,24999,1,49255,1688743564
cancel,10527,,,1688744143
cancel,17409,,,1688744143
cancel,18075,,,1688744143
cancel,24999,,,1688744143
newOrder,17401,0,9928,1688744167
newOrder,18075,1,9928,1688744167
newOrder,10527,0,51754,1688744167
newOrder,24999,1,51754,1688744167
cancel,10527,,,1688744742
cancel,17401,,,1688744742
cancel,18075,,,1688744742
cancel,24999,,,1688744742
newOrder,17401,0,9929,1688744766
newOrder,18075,1,9929,1688744766
newOrder,10528,0,32296,1688744766
newOrder,24999,1,32296,1688744766
cancel,10528,,,1688745342
cancel,17401,,,1688745342
cancel,18075,,,1688745342
cancel,24999,,,1688745342
newOrder,17401,0,9930,1688745367
newOrder,18075,1,9930,1688745367
newOrder,12162,0,20629,1688745367
newOrder,24999,1,20629,1688745367
cancel,12162,,,1688745952
cancel,17401,,,1688745952
cancel,18075,,,1688745952
cancel,24999,,,1688745952
newOrder,17401,0,9932,1688745976
newOrder,18075,1,9932,1688745976
newOrder,10527,0,37947,1688745976
newOrder,24999,1,37947,1688745976
cancel,10527,,,1688746543
cancel,17401,,,1688746543
cancel,18075,,,1688746543
cancel,24999,,,1688746543
newOrder,17401,0,9933,1688746569
newOrder,18075,1,9933,1688746569
newOrder,12204,0,15315,1688746569
newOrder,24999,1,15315,1688746569
cancel,12204,,,1688747142
cancel,17401,,,1688747142
cancel,18075,,,1688747142
cancel,24999,,,1688747142
newOrder,17401,0,9935,1688747165
newOrder,18075,1,9935,1688747165
newOrder,12204,0,18358,1688747165
newOrder,24999,1,18358,1688747165
cancel,12204,,,1688747459
cancel,18075,,,1688747459
cancel,24999,,,1688747459
newOrder,17321,0,9936,1688747470
newOrder,18083,1,9936,1688747470
newOrder,10527,0,41519,1688747470
newOrder,24999,1,41519,1688747470
cancel,10527,,,1688747492
cancel,18083,,,1688747492
cancel,24999,,,1688747492
newOrder,17234,0,9933,1688747503
newOrder,18090,1,9933,1688747503
newOrder,12204,0,14875,1688747503
newOrder,24999,1,14875,1688747503
cancel,12204,,,1688747523
cancel,17234,,,1688747523
cancel,18090,,,1688747523
cancel,24999,,,1688747523
newOrder,17140,0,9923,1688747530
newOrder,18098,1,9923,1688747530
newOrder,10527,0,34970,1688747530
newOrder,24999,1,34970,1688747530
cancel,10527,,,1688747576
cancel,17140,,,1688747576
cancel,18098,,,1688747576
cancel,24999,,,1688747576
newOrder,17040,0,9906,1688747586
newOrder,18106,1,9906,1688747586
newOrder,10527,0,48584,1688747586
newOrder,24999,1,48584,1688747586
cancel,10527,,,1688747742
cancel,17040,,,1688747742
cancel,18106,,,1688747742
cancel,24999,,,1688747742
newOrder,16974,0,9883,1688747765
newOrder,18075,1,9883,1688747765
newOrder,12204,0,18008,1688747765
newOrder,24999,1,18008,1688747765
cancel,12204,,,1688748343
cancel,16974,,,1688748343
cancel,18075,,,1688748343
cancel,24999,,,1688748343
newOrder,16975,0,9884,1688748366
newOrder,18075,1,9884,1688748366
newOrder,10527,0,41190,1688748366
newOrder,24999,1,41190,1688748366
cancel,10527,,,1688748942
cancel,16975,,,1688748942
cancel,18075,,,1688748942
cancel,24999,,,1688748942
newOrder,16975,0,9886,1688748970
newOrder,18075,1,9886,1688748970
newOrder,10528,0,23203,1688748970
newOrder,24999,1,23203,1688748970
cancel,10528,,,1688749542
cancel,16975,,,1688749542
cancel,18075,,,1688749542
cancel,24999,,,1688749542
newOrder,16975,0,9887,1688749565
newOrder,18075,1,9887,1688749565
newOrder,10527,0,48670,1688749565
newOrder,24999,1,48670,1688749565
cancel,10527,,,1688750142
cancel,16975,,,1688750142
cancel,18075,,,1688750142
cancel,24999,,,1688750142
newOrder,16975,0,9888,1688750164
newOrder,18075,1,9888,1688750164
newOrder,10527,0,38865,1688750164
newOrder,24999,1,38865,1688750164
cancel,10527,,,1688750742
cancel,16975,,,1688750742
cancel,18075,,,1688750742
cancel,24999,,,1688750742
newOrder,16975,0,9890,1688750765
newOrder,18075,1,9890,1688750765
newOrder,10527,0,42272,1688750765
newOrder,24999,1,42272,1688750765
cancel,10527,,,1688751342
cancel,16975,,,1688751342
cancel,18075,,,1688751342
cancel,24999,,,1688751342
newOrder,16975,0,9891,1688751364
newOrder,18075,1,9891,1688751364
newOrder,10528,0,22748,1688751364
newOrder,24999,1,22748,1688751364
cancel,10528,,,1688751944
cancel,16975,,,1688751944
cancel,18075,,,1688751944
cancel,24999,,,1688751944
newOrder,16975,0,9893,1688751969
newOrder,18075,1,9893,1688751969
newOrder,10527,0,46580,1688751969
newOrder,24999,1,46580,1688751969
cancel,10527,,,1688752542
cancel,16975,,,1688752542
cancel,18075,,,1688752542
cancel,24999,,,1688752542
newOrder,16975,0,9894,1688752568
newOrder,18075,1,9894,1688752568
newOrder,12162,0,20393,1688752568
newOrder,24999,1,20393,1688752568
cancel,12162,,,1688753142
cancel,16975,,,1688753142
cancel,18075,,,1688753142
cancel,24999,,,1688753142
newOrder,16975,0,9895,1688753168
newOrder,18075,1,9895,1688753168
newOrder,10527,0,39139,1688753168
newOrder,24999,1,39139,1688753168
cancel,10527,,,1688753743
cancel,16975,,,1688753743
cancel,18075,,,1688753743
cancel,24999,,,1688753743
newOrder,16975,0,9897,1688753770
newOrder,18075,1,9897,1688753770
newOrder,12162,0,20019,1688753770
newOrder,24999,1,20019,1688753770
cancel,12162,,,1688754342
cancel,16975,,,1688754342
cancel,18075,,,1688754342
cancel,24999,,,1688754342
newOrder,16975,0,9898,1688754364
newOrder,18075,1,9898,1688754364
newOrder,10527,0,43972,1688754364
newOrder,24999,1,43972,1688754364
cancel,10527,,,1688754944
cancel,16975,,,1688754944
cancel,18075,,,1688754944
cancel,24999,,,1688754944
newOrder,16975,0,9899,1688754969
newOrder,18075,1,9899,1688754969
newOrder,10527,0,45402,1688754969
newOrder,24999,1,45402,1688754969
cancel,10527,,,1688755542
cancel,16975,,,1688755542
cancel,18075,,,1688755542
cancel,24999,,,1688755542
newOrder,16975,0,9901,1688755570
newOrder,18075,1,9901,1688755570
newOrder,12162,0,20538,1688755570
newOrder,24999,1,20538,1688755570
cancel,12162,,,1688756142
cancel,16975,,,1688756142
cancel,18075,,,1688756142
cancel,24999,,,1688756142
newOrder,16975,0,9902,1688756164
newOrder,18075,1,9902,1688756164
newOrder,10528,0,27808,1688756164
newOrder,24999,1,27808,1688756164
cancel,10528,,,1688756742
cancel,16975,,,1688756742
cancel,18075,,,1688756742
cancel,24999,,,1688756742
newOrder,16975,0,9903,1688756765
newOrder,18075,1,9903,1688756765
newOrder,10528,0,27588,1688756765
newOrder,24999,1,27588,1688756765
cancel,10528,,,1688757342
cancel,16975,,,1688757342
cancel,18075,,,1688757342
cancel,24999,,,1688757342
newOrder,16975,0,9905,1688757365
newOrder,18075,1,9905,1688757365
newOrder,10528,0,27175,1688757365
newOrder,24999,1,27175,1688757365
cancel,10528,,,1688757943
cancel,16975,,,1688757943
cancel,18075,,,1688757943
cancel,24999,,,1688757943
newOrder,16975,0,9906,1688757968
newOrder,18075,1,9906,1688757968
newOrder,10527,0,33514,1688757968
newOrder,24999,1,33514,1688757968
cancel,10527,,,1688758542
cancel,16975,,,1688758542
cancel,18075,,,1688758542
cancel,24999,,,1688758542
newOrder,16975,0,9907,1688758565
newOrder,18075,1,9907,1688758565
newOrder,10527,0,40156,1688758565
newOrder,24999,1,40156,1688758565
cancel,10527,,,1688759142
cancel,16975,,,1688759142
cancel,18075,,,1688759142
cancel,24999,,,1688759142
newOrder,16975,0,9909,1688759165
newOrder,18075,1,9909,1688759165
newOrder,14002,0,8723,1688759165
newOrder,19999,1,8723,1688759165
cancel,14002,,,1688759742
cancel,16975,,,1688759742
cancel,18075,,,1688759742
cancel,19999,,,1688759742
newOrder,16975,0,9910,1688759765
newOrder,18075,1,9910,1688759765
newOrder,10528,0,27426,1688759765
newOrder,24999,1,27426,1688759765
cancel,10528,,,1688760342
cancel,16975,,,1688760342
cancel,18075,,,1688760342
cancel,24999,,,1688760342
newOrder,16975,0,9911,1688760365
newOrder,18075,1,9911,1688760365
newOrder,10527,0,42079,1688760365
newOrder,24999,1,42079,1688760365
cancel,10527,,,1688760941
cancel,16975,,,1688760941
cancel,18075,,,1688760941
cancel,24999,,,1688760941
newOrder,16975,0,9913,1688760968
newOrder,18075,1,9913,1688760968
newOrder,10528,0,30781,1688760968
newOrder,24999,1,30781,1688760968
cancel,10528,,,1688761542
cancel,16975,,,1688761542
cancel,18075,,,1688761542
cancel,24999,,,1688761542
newOrder,16975,0,9914,1688761565
newOrder,18075,1,9914,1688761565
newOrder,12204,0,18174,1688761565
newOrder,24999,1,18174,1688761565
cancel,12204,,,1688762142
cancel,16975,,,1688762142
cancel,18075,,,1688762142
cancel,24999,,,1688762142
newOrder,16975,0,9915,1688762166
newOrder,18075,1,9915,1688762166
newOrder,12162,0,20853,1688762166
newOrder,24999,1,20853,1688762166
cancel,12162,,,1688762742
cancel,16975,,,1688762742
cancel,18075,,,1688762742
cancel,24999,,,1688762742
newOrder,16975,0,9917,1688762765
newOrder,18075,1,9917,1688762765
newOrder,10528,0,24977,1688762765
newOrder,24999,1,24977,1688762765
cancel,10528,,,1688763342
cancel,16975,,,1688763342
cancel,18075,,,1688763342
cancel,24999,,,1688763342
newOrder,16975,0,9918,1688763364
newOrder,18075,1,9918,1688763364
newOrder,10527,0,35583,1688763364
newOrder,24999,1,35583,1688763364
cancel,10527,,,1688763942
cancel,16975,,,1688763942
cancel,18075,,,1688763942
cancel,24999,,,1688763942
newOrder,16975,0,9920,1688763965
newOrder,18075,1,9920,1688763965
newOrder,10527,0,45333,1688763965
newOrder,24999,1,45333,1688763965
cancel,10527,,,1688764542
cancel,16975,,,1688764542
cancel,18075,,,1688764542
cancel,24999,,,1688764542
newOrder,16975,0,9921,1688764565
newOrder,18075,1,9921,1688764565
newOrder,12204,0,17054,1688764565
newOrder,24999,1,17054,1688764565
cancel,12204,,,1688765142
cancel,16975,,,1688765142
cancel,18075,,,1688765142
cancel,24999,,,1688765142
newOrder,16975,0,9922,1688765166
newOrder,18075,1,9922,1688765166
newOrder,14002,0,6526,1688765166
newOrder,19999,1,6526,1688765166
cancel,14002,,,1688765743
cancel,16975,,,1688765743
cancel,18075,,,1688765743
cancel,19999,,,1688765743
newOrder,16975,0,9924,1688765764
newOrder,18075,1,9924,1688765764
newOrder,10528,0,23929,1688765764
newOrder,24999,1,23929,1688765764
cancel,10528,,,1688766343
cancel,16975,,,1688766343
cancel,18075,,,1688766343
cancel,24999,,,1688766343
newOrder,16975,0,9925,1688766366
newOrder,18075,1,9925,1688766366
newOrder,10527,0,34431,1688766366
newOrder,24999,1,34431,1688766366
cancel,10527,,,1688766943
cancel,16975,,,1688766943
cancel,18075,,,1688766943
cancel,24999,,,1688766943
newOrder,16975,0,9926,1688766965
newOrder,18075,1,9926,1688766965
newOrder,10528,0,22726,1688766965
newOrder,24999,1,22726,1688766965
cancel,10528,,,1688767541
cancel,16975,,,1688767541
cancel,18075,,,1688767541
cancel,24999,,,1688767541
newOrder,16975,0,9928,1688767565
newOrder,18075,1,9928,1688767565
newOrder,12204,0,15662,1688767565
newOrder,24999,1,15662,1688767565
cancel,12204,,,1688768142
cancel,16975,,,1688768142
cancel,18075,,,1688768142
cancel,24999,,,1688768142
newOrder,16975,0,9929,1688768164
newOrder,18075,1,9929,1688768164
newOrder,10527,0,39508,1688768164
newOrder,24999,1,39508,1688768164
cancel,10527,,,1688768743
cancel,16975,,,1688768743
cancel,18075,,,1688768743
cancel,24999,,,1688768743
newOrder,16983,0,9933,1688768766
newOrder,18075,1,9933,1688768766
newOrder,10527,0,37767,1688768766
newOrder,24999,1,37767,1688768766
cancel,10527,,,1688769342
cancel,16983,,,1688769342
cancel,18075,,,1688769342
cancel,24999,,,1688769342
newOrder,16983,0,9934,1688769367
newOrder,18075,1,9934,1688769367
newOrder,12162,0,19671,1688769367
newOrder,24999,1,19671,1688769367
cancel,12162,,,1688769942
cancel,16983,,,1688769942
cancel,18075,,,1688769942
cancel,24999,,,1688769942
newOrder,16983,0,9936,1688769965
newOrder,18075,1,9936,1688769965
newOrder,10527,0,35959,1688769965
newOrder,24999,1,35959,1688769965
cancel,10527,,,1688770542
cancel,16983,,,1688770542
cancel,18075,,,1688770542
cancel,24999,,,1688770542
newOrder,16983,0,9937,1688770566
newOrder,18075,1,9937,1688770566
newOrder,10527,0,47738,1688770566
newOrder,24999,1,47738,1688770566
cancel,10527,,,1688771141
cancel,16983,,,1688771141
cancel,18075,,,1688771141
cancel,24999,,,1688771141
newOrder,16983,0,9938,1688771165
newOrder,18075,1,9938,1688771165
newOrder,10527,0,48924,1688771165
newOrder,24999,1,48924,1688771165
cancel,10527,,,1688771742
cancel,16983,,,1688771742
cancel,18075,,,1688771742
cancel,24999,,,1688771742
newOrder,16983,0,9940,1688771767
newOrder,18075,1,9940,1688771767
newOrder,10528,0,29318,1688771767
newOrder,24999,1,29318,1688771767
cancel,10528,,,1688772343
cancel,16983,,,1688772343
cancel,18075,,,1688772343
cancel,24999,,,1688772343
newOrder,16983,0,9941,1688772367
newOrder,18075,1,9941,1688772367
newOrder,15401,0,9977,1688772367
newOrder,19999,1,9977,1688772367
cancel,15401,,,1688772942
cancel,16983,,,1688772942
cancel,18075,,,1688772942
cancel,19999,,,1688772942
newOrder,16983,0,9942,1688772965
newOrder,18075,1,9942,1688772965
newOrder,10527,0,38930,1688772965
newOrder,24999,1,38930,1688772965
cancel,10527,,,1688773542
cancel,16983,,,1688773542
cancel,18075,,,1688773542
cancel,24999,,,1688773542
newOrder,16983,0,9944,1688773565
newOrder,18075,1,9944,1688773565
newOrder,10527,0,43376,1688773565
newOrder,24999,1,43376,1688773565
cancel,10527,,,1688774142
cancel,16983,,,1688774142
cancel,18075,,,1688774142
cancel,24999,,,1688774142
newOrder,16983,0,9945,1688774167
newOrder,18075,1,9945,1688774167
newOrder,12013,0,22088,1688774167
newOrder,24999,1,22088,1688774167
cancel,12013,,,1688774742
cancel,16983,,,1688774742
cancel,18075,,,1688774742
cancel,24999,,,1688774742
newOrder,16983,0,9946,1688774766
newOrder,18075,1,9946,1688774766
newOrder,12162,0,21478,1688774766
newOrder,24999,1,21478,1688774766
cancel,12162,,,1688775342
cancel,16983,,,1688775342
cancel,18075,,,1688775342
cancel,24999,,,1688775342
newOrder,16983,0,9948,1688775364
newOrder,18075,1,9948,1688775364
newOrder,10527,0,52967,1688775364
newOrder,24999,1,52967,1688775364
cancel,10527,,,1688775942
cancel,16983,,,1688775942
cancel,18075,,,1688775942
cancel,24999,,,1688775942
newOrder,17018,0,9959,1688775965
newOrder,18075,1,9959,1688775965
newOrder,10528,0,27225,1688775965
newOrder,24999,1,27225,1688775965
cancel,10528,,,1688776542
cancel,17018,,,1688776542
cancel,18075,,,1688776542
cancel,24999,,,1688776542
newOrder,17018,0,9960,1688776563
newOrder,18075,1,9960,1688776563
newOrder,10528,0,24938,1688776563
newOrder,24999,1,24938,1688776563
cancel,10528,,,1688777142
cancel,17018,,,1688777142
cancel,18075,,,1688777142
cancel,24999,,,1688777142
newOrder,17018,0,9962,1688777164
newOrder,18075,1,9962,1688777164
newOrder,10527,0,45016,1688777164
newOrder,24999,1,45016,1688777164
cancel,10527,,,1688777743
cancel,17018,,,1688777743
cancel,18075,,,1688777743
cancel,24999,,,1688777743
newOrder,17018,0,9963,1688777764
newOrder,18075,1,9963,1688777764
newOrder,10527,0,44032,1688777764
newOrder,24999,1,44032,1688777764
cancel,10527,,,1688778342
cancel,17018,,,1688778342
cancel,18075,,,1688778342
cancel,24999,,,1688778342
newOrder,17018,0,9965,1688778366
newOrder,18075,1,9965,1688778366
newOrder,10527,0,49328,1688778366
newOrder,24999,1,49328,1688778366
cancel,10527,,,1688778942
cancel,17018,,,1688778942
cancel,18075,,,1688778942
cancel,24999,,,1688778942
newOrder,17018,0,9966,1688778964
newOrder,18075,1,9966,1688778964
newOrder,10527,0,39351,1688778964
newOrder,24999,1,39351,1688778964
cancel,10527,,,1688779542
cancel,17018,,,1688779542
cancel,18075,,,1688779542
cancel,24999,,,1688779542
newOrder,17018,0,9967,1688779565
newOrder,18075,1,9967,1688779565
newOrder,10528,0,29137,1688779565
newOrder,24999,1,29137,1688779565
cancel,10528,,,1688780142
cancel,17018,,,1688780142
cancel,18075,,,1688780142
cancel,24999,,,1688780142
newOrder,17018,0,9969,1688780165
newOrder,18075,1,9969,1688780165
newOrder,10527,0,38013,1688780165
newOrder,24999,1,38013,1688780165
cancel,10527,,,1688780742
cancel,17018,,,1688780742
cancel,18075,,,1688780742
cancel,24999,,,1688780742
newOrder,17018,0,9970,1688780765
newOrder,18075,1,9970,1688780765
newOrder,10527,0,40395,1688780765
newOrder,24999,1,40395,1688780765
cancel,10527,,,1688781342
cancel,17018,,,1688781342
cancel,18075,,,1688781342
cancel,24999,,,1688781342
newOrder,17018,0,9971,1688781364
newOrder,18075,1,9971,1688781364
newOrder,10528,0,29559,1688781364
newOrder,24999,1,29559,1688781364
cancel,10528,,,1688781942
cancel,17018,,,1688781942
cancel,18075,,,1688781942
cancel,24999,,,1688781942
newOrder,17018,0,9973,1688781966
newOrder,18075,1,9973,1688781966
newOrder,10527,0,41710,1688781966
newOrder,24999,1,41710,1688781966
cancel,10527,,,1688782543
cancel,17018,,,1688782543
cancel,18075,,,1688782543
cancel,24999,,,1688782543
newOrder,17018,0,9974,1688782566
newOrder,18075,1,9974,1688782566
newOrder,10527,0,47419,1688782566
newOrder,24999,1,47419,1688782566
cancel,10527,,,1688783142
cancel,17018,,,1688783142
cancel,18075,,,1688783142
cancel,24999,,,1688783142
newOrder,17018,0,9976,1688783165
newOrder,18075,1,9976,1688783165
newOrder,10528,0,31422,1688783165
newOrder,24999,1,31422,1688783165
cancel,10528,,,1688783742
cancel,17018,,,1688783742
cancel,18075,,,1688783742
cancel,24999,,,1688783742
newOrder,17018,0,9977,1688783765
newOrder,18075,1,9977,1688783765
newOrder,10527,0,45169,1688783765
newOrder,24999,1,45169,1688783765
cancel,10527,,,1688784342
cancel,17018,,,1688784342
cancel,18075,,,1688784342
cancel,24999,,,1688784342
newOrder,17018,0,9978,1688784365
newOrder,18075,1,9978,1688784365
newOrder,10527,0,50730,1688784365
newOrder,24999,1,50730,1688784365
cancel,10527,,,1688784943
cancel,17018,,,1688784943
cancel,18075,,,1688784943
cancel,24999,,,1688784943
newOrder,17018,0,9980,1688784966
newOrder,18075,1,9980,1688784966
newOrder,10527,0,37323,1688784966
newOrder,24999,1,37323,1688784966
cancel,10527,,,1688785542
cancel,17018,,,1688785542
cancel,18075,,,1688785542
cancel,24999,,,1688785542
newOrder,17018,0,9981,1688785565
newOrder,18075,1,9981,1688785565
newOrder,12162,0,20473,1688785565
newOrder,24999,1,20473,1688785565
cancel,12162,,,1688786142
cancel,17018,,,1688786142
cancel,18075,,,1688786142
cancel,24999,,,1688786142
newOrder,17018,0,9983,1688786165
newOrder,18075,1,9983,1688786165
newOrder,15401,0,9292,1688786165
newOrder,19999,1,9292,1688786165
cancel,15401,,,1688786742
cancel,17018,,,1688786742
cancel,18075,,,1688786742
cancel,19999,,,1688786742
newOrder,17018,0,9984,1688786764
newOrder,18075,1,9984,1688786764
newOrder,10527,0,50826,1688786764
newOrder,24999,1,50826,1688786764
cancel,10527,,,1688787343
cancel,17018,,,1688787343
cancel,18075,,,1688787343
cancel,24999,,,1688787343
newOrder,17078,0,10000,1688787366
newOrder,18075,1,10000,1688787366
newOrder,10528,0,29466,1688787366
newOrder,24999,1,29466,1688787366
cancel,10528,,,1688787942
cancel,17078,,,1688787942
cancel,18075,,,1688787942
cancel,24999,,,1688787942
newOrder,17078,0,10002,1688787963
newOrder,18075,1,10002,1688787963
newOrder,12204,0,17087,1688787963
newOrder,24999,1,17087,1688787963
cancel,12204,,,1688788542
cancel,17078,,,1688788542
cancel,18075,,,1688788542
cancel,24999,,,1688788542
newOrder,17078,0,10003,1688788564
newOrder,18075,1,10003,1688788564
newOrder,10527,0,34511,1688788564
newOrder,24999,1,34511,1688788564
cancel,10527,,,1688789142
cancel,17078,,,1688789142
cancel,18075,,,1688789142
cancel,24999,,,1688789142
newOrder,17078,0,10004,1688789165
newOrder,18075,1,10004,1688789165
newOrder,10527,0,46596,1688789165
newOrder,24999,1,46596,1688789165
cancel,10527,,,1688789742
cancel,17078,,,1688789742
cancel,18075,,,1688789742
cancel,24999,,,1688789742
newOrder,17078,0,10006,1688789764
newOrder,18075,1,10006,1688789764
newOrder,10528,0,30091,1688789764
newOrder,24999,1,30091,1688789764
cancel,10528,,,1688790342
cancel,17078,,,1688790342
cancel,18075,,,1688790342
cancel,24999,,,1688790342
newOrder,17078,0,10007,1688790365
newOrder,18075,1,10007,1688790365
newOrder,10528,0,25046,1688790365
newOrder,24999,1,25046,1688790365
cancel,10528,,,1688790942
cancel,17078,,,1688790942
cancel,18075,,,1688790942
cancel,24999,,,1688790942
newOrder,17078,0,10009,1688790964
newOrder,18075,1,10009,1688790964
newOrder,15401,0,9106,1688790964
newOrder,19999,1,9106,1688790964
cancel,15401,,,1688791542
cancel,17078,,,1688791542
cancel,18075,,,1688791542
cancel,19999,,,1688791542
newOrder,17078,0,10010,1688791565
newOrder,18075,1,10010,1688791565
newOrder,10527,0,53612,1688791565
newOrder,24999,1,53612,1688791565
cancel,10527,,,1688792142
cancel,17078,,,1688792142
cancel,18075,,,1688792142
cancel,24999,,,1688792142
newOrder,17078,0,10011,1688792164
newOrder,18075,1,10011,1688792164
newOrder,10527,0,37744,1688792164
newOrder,24999,1,37744,1688792164
cancel,10527,,,1688792742
cancel,17078,,,1688792742
cancel,18075,,,1688792742
cancel,24999,,,1688792742
newOrder,17078,0,10013,1688792765
newOrder,18075,1,10013,1688792765
newOrder,10528,0,24322,1688792765
newOrder,24999,1,24322,1688792765
cancel,10528,,,1688793341
cancel,17078,,,1688793341
cancel,18075,,,1688793341
cancel,24999,,,1688793341
newOrder,17061,0,10010,1688793364
newOrder,18075,1,10010,1688793364
newOrder,10528,0,32432,1688793364
newOrder,24999,1,32432,1688793364
cancel,10528,,,1688793942
cancel,17061,,,1688793942
cancel,18075,,,1688793942
cancel,24999,,,1688793942
newOrder,17061,0,10012,1688793966
newOrder,18075,1,10012,1688793966
newOrder,10527,0,39950,1688793966
newOrder,24999,1,39950,1688793966
cancel,10527,,,1688794542
cancel,17061,,,1688794542
cancel,18075,,,1688794542
cancel,24999,,,1688794542
newOrder,17061,0,10013,1688794565
newOrder,18075,1,10013,1688794565
newOrder,10527,0,42663,1688794565
newOrder,24999,1,42663,1688794565
cancel,10527,,,1688795142
cancel,17061,,,1688795142
cancel,18075,,,1688795142
cancel,24999,,,1688795142
newOrder,17061,0,10015,1688795166
newOrder,18075,1,10015,1688795166
newOrder,12204,0,17930,1688795166
newOrder,24999,1,17930,1688795166
cancel,12204,,,1688795742
cancel,17061,,,1688795742
cancel,18075,,,1688795742
cancel,24999,,,1688795742
newOrder,17061,0,10016,1688795765
newOrder,18075,1,10016,1688795765
newOrder,10527,0,44461,1688795765
newOrder,24999,1,44461,1688795765
cancel,10527,,,1688796342
cancel,17061,,,1688796342
cancel,18075,,,1688796342
cancel,24999,,,1688796342
newOrder,17061,0,10018,1688796364
newOrder,18075,1,10018,1688796364
newOrder,10527,0,49394,1688796364
newOrder,24999,1,49394,1688796364
cancel,10527,,,1688796941
cancel,17061,,,1688796941
cancel,18075,,,1688796941
cancel,24999,,,1688796941
newOrder,17061,0,10019,1688796963
newOrder,18075,1,10019,1688796963
newOrder,12162,0,21728,1688796963
newOrder,24999,1,21728,1688796963
cancel,12162,,,1688797542
cancel,17061,,,1688797542
cancel,18075,,,1688797542
cancel,24999,,,1688797542
newOrder,17061,0,10020,1688797563
newOrder,18075,1,10020,1688797563
newOrder,12204,0,11977,1688797563
newOrder,24999,1,11977,1688797563
cancel,12204,,,1688798143
cancel,17061,,,1688798143
cancel,18075,,,1688798143
cancel,24999,,,1688798143
newOrder,17061,0,10022,1688798168
newOrder,18075,1,10022,1688798168
newOrder,10527,0,36606,1688798168
newOrder,24999,1,36606,1688798168
cancel,10527,,,1688798743
cancel,17061,,,1688798743
cancel,18075,,,1688798743
cancel,24999,,,1688798743
newOrder,17061,0,10023,1688798767
newOrder,18075,1,10023,1688798767
newOrder,12204,0,16733,1688798767
newOrder,24999,1,16733,1688798767
cancel,12204,,,1688799342
cancel,17061,,,1688799342
cancel,18075,,,1688799342
cancel,24999,,,1688799342
newOrder,17061,0,10025,1688799365
newOrder,18075,1,10025,1688799365
newOrder,15401,0,6762,1688799365
newOrder,19999,1,6762,1688799365
cancel,15401,,,1688799941
cancel,17061,,,1688799941
cancel,18075,,,1688799941
cancel,19999,,,1688799941
newOrder,17061,0,10026,1688799964
newOrder,18075,1,10026,1688799964
newOrder,10527,0,36184,1688799964
newOrder,24999,1,36184,1688799964
cancel,10527,,,1688800541
cancel,17061,,,1688800541
cancel,18075,,,1688800541
cancel,24999,,,1688800541
newOrder,17061,0,10027,1688800565
newOrder,18075,1,10027,1688800565
newOrder,10527,0,34491,1688800565
newOrder,24999,1,34491,1688800565
cancel,10527,,,1688801142
cancel,17061,,,1688801142
cancel,18075,,,1688801142
cancel,24999,,,1688801142
newOrder,17061,0,10029,1688801165
newOrder,18075,1,10029,1688801165
newOrder,10527,0,35194,1688801165
newOrder,24999,1,35194,1688801165
cancel,10527,,,1688801742
cancel,17061,,,1688801742
cancel,18075,,,1688801742
cancel,24999,,,1688801742
newOrder,17061,0,10030,1688801765
newOrder,18075,1,10030,1688801765
newOrder,12204,0,15569,1688801765
newOrder,24999,1,15569,1688801765
cancel,12204,,,1688802342
cancel,17061,,,1688802342
cancel,18075,,,1688802342
cancel,24999,,,1688802342
newOrder,17061,0,10032,1688802365
newOrder,18075,1,10032,1688802365
newOrder,10527,0,43151,1688802365
newOrder,24999,1,43151,1688802365
cancel,10527,,,1688802942
cancel,17061,,,1688802942
cancel,18075,,,1688802942
cancel,24999,,,1688802942
newOrder,17064,0,10034,1688802967
newOrder,18075,1,10034,1688802967
newOrder,10528,0,23403,1688802967
newOrder,24999,1,23403,1688802967
cancel,10528,,,1688803543
cancel,17064,,,1688803543
cancel,18075,,,1688803543
cancel,24999,,,1688803543
newOrder,17089,0,10041,1688803566
newOrder,18075,1,10041,1688803566
newOrder,10527,0,53145,1688803566
newOrder,24999,1,53145,1688803566
cancel,10527,,,1688804142
cancel,17089,,,1688804142
cancel,18075,,,1688804142
cancel,24999,,,1688804142
newOrder,17105,0,10046,1688804165
newOrder,18075,1,10046,1688804165
newOrder,10527,0,42834,1688804165
newOrder,24999,1,42834,1688804165
cancel,10527,,,1688804742
cancel,17105,,,1688804742
cancel,18075,,,1688804742
cancel,24999,,,1688804742
newOrder,17105,0,10047,1688804767
newOrder,18075,1,10047,1688804767
newOrder,10527,0,49599,1688804767
newOrder,24999,1,49599,1688804767
cancel,10527,,,1688805342
cancel,17105,,,1688805342
cancel,18075,,,1688805342
cancel,24999,,,1688805342
newOrder,17105,0,10049,1688805363
newOrder,18075,1,10049,1688805363
newOrder,10528,0,26512,1688805363
newOrder,24999,1,26512,1688805363
cancel,10528,,,1688805942
cancel,17105,,,1688805942
cancel,18075,,,1688805942
cancel,24999,,,1688805942
newOrder,17105,0,10050,1688805964
newOrder,18075,1,10050,1688805964
newOrder,10527,0,37987,1688805964
newOrder,24999,1,37987,1688805964
cancel,10527,,,1688806542
cancel,17105,,,1688806542
cancel,18075,,,1688806542
cancel,24999,,,1688806542
newOrder,17105,0,10051,1688806564
newOrder,18075,1,10051,1688806564
newOrder,12204,0,18202,1688806564
newOrder,24999,1,18202,1688806564
cancel,12204,,,1688807142
cancel,17105,,,1688807142
cancel,18075,,,1688807142
cancel,24999,,,1688807142
newOrder,17105,0,10053,1688807164
newOrder,18075,1,10053,1688807164
newOrder,10528,0,25307,1688807164
newOrder,24999,1,25307,1688807164
cancel,10528,,,1688807742
cancel,17105,,,1688807742
cancel,18075,,,1688807742
cancel,24999,,,1688807742
newOrder,17105,0,10054,1688807766
newOrder,18075,1,10054,1688807766
newOrder,10527,0,46365,1688807766
newOrder,24999,1,46365,1688807766
cancel,10527,,,1688808342
cancel,17105,,,1688808342
cancel,18075,,,1688808342
cancel,24999,,,1688808342
newOrder,17105,0,10056,1688808365
newOrder,18075,1,10056,1688808365
newOrder,10527,0,43119,1688808365
newOrder,24999,1,43119,1688808365
cancel,10527,,,1688808942
cancel,17105,,,1688808942
cancel,18075,,,1688808942
cancel,24999,,,1688808942
newOrder,17105,0,10057,1688808965
newOrder,18075,1,10057,1688808965
newOrder,10527,0,34975,1688808965
newOrder,24999,1,34975,1688808965
cancel,10527,,,1688809542
cancel,17105,,,1688809542
cancel,18075,,,1688809542
cancel,24999,,,1688809542
newOrder,17105,0,10059,1688809567
newOrder,18075,1,10059,1688809567
newOrder,12204,0,15606,1688809567
newOrder,24999,1,15606,1688809567
cancel,12204,,,1688810141
cancel,17105,,,1688810141
cancel,18075,,,1688810141
cancel,24999,,,1688810141
newOrder,17085,0,10056,1688810165
newOrder,18075,1,10056,1688810165
newOrder,10527,0,46095,1688810165
newOrder,24999,1,46095,1688810165
cancel,10527,,,1688810741
cancel,17085,,,1688810741
cancel,18075,,,1688810741
cancel,24999,,,1688810741
newOrder,17085,0,10057,1688810764
newOrder,18075,1,10057,1688810764
newOrder,10527,0,53989,1688810764
newOrder,24999,1,53989,1688810764
cancel,10527,,,1688811342
cancel,17085,,,1688811342
cancel,18075,,,1688811342
cancel,24999,,,1688811342
newOrder,17085,0,10059,1688811364
newOrder,18075,1,10059,1688811364
newOrder,12204,0,18739,1688811364
newOrder,24999,1,18739,1688811364
cancel,12204,,,1688811942
cancel,17085,,,1688811942
cancel,18075,,,1688811942
cancel,24999,,,1688811942
newOrder,17085,0,10060,1688811964
newOrder,18075,1,10060,1688811964
newOrder,10527,0,44450,1688811964
newOrder,24999,1,44450,1688811964
cancel,10527,,,1688812542
cancel,17085,,,1688812542
cancel,18075,,,1688812542
cancel,24999,,,1688812542
newOrder,17085,0,10061,1688812564
newOrder,18075,1,10061,1688812564
newOrder,10527,0,39935,1688812564
newOrder,24999,1,39935,1688812564
cancel,10527,,,1688813142
cancel,17085,,,1688813142
cancel,18075,,,1688813142
cancel,24999,,,1688813142
newOrder,17085,0,10063,1688813164
newOrder,18075,1,10063,1688813164
newOrder,12204,0,11918,1688813164
newOrder,24999,1,11918,1688813164
cancel,12204,,,1688813352
cancel,17085,,,1688813352
cancel,18075,,,1688813352
cancel,24999,,,1688813352
newOrder,17006,0,10045,1688813360
newOrder,18083,1,10045,1688813360
newOrder,12204,0,12960,1688813360
newOrder,24999,1,12960,1688813360
cancel,12204,,,1688813496
cancel,17006,,,1688813496
cancel,18083,,,1688813496
cancel,24999,,,1688813496
newOrder,16921,0,10020,1688813505
newOrder,18090,1,10020,1688813505
newOrder,10528,0,30325,1688813505
newOrder,24999,1,30325,1688813505
cancel,10528,,,1688813555
cancel,16921,,,1688813555
cancel,18090,,,1688813555
cancel,24999,,,1688813555
newOrder,16829,0,9987,1688813563
newOrder,18098,1,9987,1688813563
newOrder,12204,0,18919,1688813563
newOrder,24999,1,18919,1688813563
cancel,12204,,,1688813742
cancel,16829,,,1688813742
cancel,18098,,,1688813742
cancel,24999,,,1688813742
newOrder,16839,0,9983,1688813765
newOrder,18075,1,9983,1688813765
newOrder,10528,0,25326,1688813765
newOrder,24999,1,25326,1688813765
cancel,10528,,,1688813933
cancel,18075,,,1688813933
cancel,24999,,,1688813933
newOrder,16761,0,9951,1688813940
newOrder,18083,1,9951,1688813940
newOrder,10528,0,32661,1688813940
newOrder,24999,1,32661,1688813940
cancel,10528,,,1688814342
cancel,16761,,,1688814342
cancel,18083,,,1688814342
cancel,24999,,,1688814342
newOrder,16849,0,9989,1688814364
newOrder,18075,1,9989,1688814364
newOrder,10528,0,25706,1688814364
newOrder,24999,1,25706,1688814364
cancel,10528,,,1688814942
cancel,16849,,,1688814942
cancel,18075,,,1688814942
cancel,24999,,,1688814942
newOrder,16849,0,9990,1688814966
newOrder,18075,1,9990,1688814966
newOrder,10527,0,51986,1688814966
newOrder,24999,1,51986,1688814966
cancel,10527,,,1688815542
cancel,16849,,,1688815542
cancel,18075,,,1688815542
cancel,24999,,,1688815542
newOrder,16849,0,9991,1688815565
newOrder,18075,1,9991,1688815565
newOrder,10527,0,52414,1688815565
newOrder,24999,1,52414,1688815565
cancel,10527,,,1688816143
cancel,16849,,,1688816143
cancel,18075,,,1688816143
cancel,24999,,,1688816143
newOrder,16849,0,9993,1688816168
newOrder,18075,1,9993,1688816168
newOrder,10527,0,50691,1688816168
newOrder,24999,1,50691,1688816168
cancel,10527,,,1688816742
cancel,16849,,,1688816742
cancel,18075,,,1688816742
cancel,24999,,,1688816742
newOrder,16849,0,9994,1688816765
newOrder,18075,1,9994,1688816765
newOrder,10527,0,41507,1688816765
newOrder,24999,1,41507,1688816765
cancel,10527,,,1688817342
cancel,16849,,,1688817342
cancel,18075,,,1688817342
cancel,24999,,,1688817342
newOrder,16849,0,9995,1688817364
newOrder,18075,1,9995,1688817364
newOrder,10527,0,47175,1688817364
newOrder,24999,1,47175,1688817364
cancel,10527,,,1688817943
cancel,16849,,,1688817943
cancel,18075,,,1688817943
cancel,24999,,,1688817943
newOrder,16849,0,9997,1688817967
newOrder,18075,1,9997,1688817967
newOrder,10527,0,37226,1688817967
newOrder,24999,1,37226,1688817967