instruction,price,side,qty,time
cancel,11892,,,1676635828
cancel,19820,,,1676635828
cancel,20632,,,1676635828
cancel,24999,,,1676635828
newOrder,19820,0,26996,1676635837
newOrder,20581,1,26996,1676635837
newOrder,11892,0,107985,1676635837
newOrder,24999,1,107985,1676635837
cancel,11892,,,1676636429
cancel,19820,,,1676636429
cancel,20581,,,1676636429
cancel,24999,,,1676636429
newOrder,19820,0,26698,1676636437
newOrder,20654,1,26698,1676636437
newOrder,11892,0,106791,1676636437
newOrder,24999,1,106791,1676636437
cancel,11892,,,1676637027
cancel,19820,,,1676637027
cancel,20654,,,1676637027
cancel,24999,,,1676637027
newOrder,19820,0,26700,1676637034
newOrder,20654,1,26700,1676637034
newOrder,11892,0,106799,1676637034
newOrder,24999,1,106799,1676637034
cancel,11892,,,1676637627
cancel,19820,,,1676637627
cancel,20654,,,1676637627
cancel,24999,,,1676637627
newOrder,19820,0,26702,1676637636
newOrder,20654,1,26702,1676637636
newOrder,11892,0,106807,1676637636
newOrder,24999,1,106807,1676637636
cancel,11892,,,1676638228
cancel,19820,,,1676638228
cancel,20654,,,1676638228
cancel,24999,,,1676638228
newOrder,19820,0,26704,1676638237
newOrder,20654,1,26704,1676638237
newOrder,11892,0,106815,1676638237
newOrder,24999,1,106815,1676638237
cancel,11892,,,1676638831
cancel,19820,,,1676638831
cancel,20654,,,1676638831
cancel,24999,,,1676638831
newOrder,19820,0,26706,1676638840
newOrder,20654,1,26706,1676638840
newOrder,11892,0,106823,1676638840
newOrder,24999,1,106823,1676638840
cancel,11892,,,1676639434
cancel,19820,,,1676639434
cancel,20654,,,1676639434
cancel,24999,,,1676639434
newOrder,19820,0,26708,1676639440
newOrder,20654,1,26708,1676639440
newOrder,11892,0,106831,1676639440
newOrder,24999,1,106831,1676639440
cancel,11892,,,1676640033
cancel,19820,,,1676640033
cancel,20654,,,1676640033
cancel,24999,,,1676640033
newOrder,19820,0,26710,1676640041
newOrder,20654,1,26710,1676640041
newOrder,11892,0,106839,1676640041
newOrder,24999,1,106839,1676640041
cancel,11892,,,1676640635
cancel,19820,,,1676640635
cancel,20654,,,1676640635
cancel,24999,,,1676640635
newOrder,19820,0,26712,1676640641
newOrder,20654,1,26712,1676640641
newOrder,11892,0,106847,1676640641
newOrder,24999,1,106847,1676640641
cancel,11892,,,1676641234
cancel,19820,,,1676641234
cancel,20654,,,1676641234
cancel,24999,,,1676641234
newOrder,19820,0,26714,1676641240
newOrder,20654,1,26714,1676641240
newOrder,11892,0,106855,1676641240
newOrder,24999,1,106855,1676641240
cancel,11892,,,1676641834
cancel,19820,,,1676641834
cancel,20654,,,1676641834
cancel,24999,,,1676641834
newOrder,19820,0,26716,1676641842
newOrder,20654,1,26716,1676641842
newOrder,11892,0,106863,1676641842
newOrder,24999,1,106863,1676641842
cancel,11892,,,1676642435
cancel,19820,,,1676642435
cancel,20654,,,1676642435
cancel,24999,,,1676642435
newOrder,19820,0,26718,1676642446
newOrder,20654,1,26718,1676642446
newOrder,11892,0,106871,1676642446
newOrder,24999,1,106871,1676642446
cancel,11892,,,1676643034
cancel,19820,,,1676643034
cancel,20654,,,1676643034
cancel,24999,,,1676643034
newOrder,19820,0,26720,1676643043
newOrder,20654,1,26720,1676643043
newOrder,11892,0,106879,1676643043
newOrder,24999,1,106879,1676643043
cancel,11892,,,1676643632
cancel,19820,,,1676643632
cancel,20654,,,1676643632
cancel,24999,,,1676643632
newOrder,19820,0,26722,1676643641
newOrder,20654,1,26722,1676643641
newOrder,11892,0,106887,1676643641
newOrder,24999,1,106887,1676643641
cancel,11892,,,1676644233
cancel,19820,,,1676644233
cancel,20654,,,1676644233
cancel,24999,,,1676644233
newOrder,19820,0,26724,1676644246
newOrder,20654,1,26724,1676644246
newOrder,11892,0,106895,1676644246
newOrder,24999,1,106895,1676644246
cancel,11892,,,1676644835
cancel,19820,,,1676644835
cancel,20654,,,1676644835
cancel,24999,,,1676644835
newOrder,19820,0,26726,1676644840
newOrder,20654,1,26726,1676644840
newOrder,11892,0,106903,1676644840
newOrder,24999,1,106903,1676644840
cancel,11892,,,1676645436
cancel,19820,,,1676645436
cancel,20654,,,1676645436
cancel,24999,,,1676645436
newOrder,19820,0,26728,1676645443
newOrder,20654,1,26728,1676645443
newOrder,11892,0,106911,1676645443
newOrder,24999,1,106911,1676645443
cancel,11892,,,1676646034
cancel,19820,,,1676646034
cancel,20654,,,1676646034
cancel,24999,,,1676646034
newOrder,19820,0,26730,1676646041
newOrder,20654,1,26730,1676646041
newOrder,11892,0,106919,1676646041
newOrder,24999,1,106919,1676646041
cancel,11892,,,1676646633
cancel,19820,,,1676646633
cancel,20654,,,1676646633
cancel,24999,,,1676646633
newOrder,19820,0,26732,1676646643
newOrder,20654,1,26732,1676646643
newOrder,11892,0,106926,1676646643
newOrder,24999,1,106926,1676646643
cancel,11892,,,1676647235
cancel,19820,,,1676647235
cancel,20654,,,1676647235
cancel,24999,,,1676647235
newOrder,19820,0,26734,1676647243
newOrder,20654,1,26734,1676647243
newOrder,11892,0,106934,1676647243
newOrder,24999,1,106934,1676647243
cancel,11892,,,1676647834
cancel,19820,,,1676647834
cancel,20654,,,1676647834
cancel,24999,,,1676647834
newOrder,19820,0,26736,1676647841
newOrder,20654,1,26736,1676647841
newOrder,11892,0,106942,1676647841
newOrder,24999,1,106942,1676647841
cancel,11892,,,1676648434
cancel,19820,,,1676648434
cancel,20654,,,1676648434
cancel,24999,,,1676648434
newOrder,19820,0,26738,1676648442
newOrder,20654,1,26738,1676648442
newOrder,11892,0,106950,1676648442
newOrder,24999,1,106950,1676648442
cancel,11892,,,1676649033
cancel,19820,,,1676649033
cancel,20654,,,1676649033
cancel,24999,,,1676649033
newOrder,19820,0,26740,1676649043
newOrder,20654,1,26740,1676649043
newOrder,11892,0,106958,1676649043
newOrder,24999,1,106958,1676649043
cancel,11892,,,1676649633
cancel,19820,,,1676649633
cancel,20654,,,1676649633
cancel,24999,,,1676649633
newOrder,19820,0,26742,1676649642
newOrder,20654,1,26742,1676649642
newOrder,11892,0,106966,1676649642
newOrder,24999,1,106966,1676649642
cancel,11892,,,1676650234
cancel,19820,,,1676650234
cancel,20654,,,1676650234
cancel,24999,,,1676650234
newOrder,19820,0,26743,1676650243
newOrder,20654,1,26743,1676650243
newOrder,11892,0,106974,1676650243
newOrder,24999,1,106974,1676650243
cancel,11892,,,1676650834
cancel,19820,,,1676650834
cancel,20654,,,1676650834
cancel,24999,,,1676650834
newOrder,19820,0,26745,1676650843
newOrder,20654,1,26745,1676650843
newOrder,11892,0,106982,1676650843
newOrder,24999,1,106982,1676650843
cancel,11892,,,1676651439
cancel,19820,,,1676651439
cancel,20654,,,1676651439
cancel,24999,,,1676651439
newOrder,19820,0,26747,1676651448
newOrder,20654,1,26747,1676651448
newOrder,11892,0,106990,1676651448
newOrder,24999,1,106990,1676651448
cancel,11892,,,1676652039
cancel,19820,,,1676652039
cancel,20654,,,1676652039
cancel,24999,,,1676652039
newOrder,19820,0,26749,1676652052
newOrder,20654,1,26749,1676652052
newOrder,11892,0,106998,1676652052
cancel,11892,,,1676652635
cancel,19820,,,1676652635
cancel,20654,,,1676652635
newOrder,19820,0,26751,1676652640
newOrder,20654,1,26751,1676652640
newOrder,11892,0,107006,1676652640
newOrder,24999,1,107006,1676652640
cancel,11892,,,1676653236
cancel,19820,,,1676653236
cancel,20654,,,1676653236
cancel,24999,,,1676653236
newOrder,19820,0,26753,1676653243
newOrder,20654,1,26753,1676653243
newOrder,11892,0,107013,1676653243
newOrder,24999,1,107013,1676653243
cancel,11892,,,1676653836
cancel,19820,,,1676653836
cancel,20654,,,1676653836
cancel,24999,,,1676653836
newOrder,19820,0,26755,1676653844
newOrder,20654,1,26755,1676653844
newOrder,11892,0,107021,1676653844
newOrder,24999,1,107021,1676653844
cancel,11892,,,1676654434
cancel,19820,,,1676654434
cancel,20654,,,1676654434
cancel,24999,,,1676654434
newOrder,19820,0,26870,1676654441
newOrder,20627,1,26870,1676654441
newOrder,11892,0,107479,1676654441
newOrder,24999,1,107479,1676654441
cancel,11892,,,1676655035
cancel,19820,,,1676655035
cancel,20627,,,1676655035
cancel,24999,,,1676655035
newOrder,19820,0,26872,1676655043
newOrder,20627,1,26872,1676655043
newOrder,11892,0,107487,1676655043
newOrder,24999,1,107487,1676655043
cancel,11892,,,1676655634
cancel,19820,,,1676655634
cancel,20627,,,1676655634
cancel,24999,,,1676655634
newOrder,19820,0,26874,1676655642
newOrder,20627,1,26874,1676655642
newOrder,11892,0,107495,1676655642
newOrder,24999,1,107495,1676655642
cancel,11892,,,1676656235
cancel,19820,,,1676656235
cancel,20627,,,1676656235
cancel,24999,,,1676656235
newOrder,19820,0,26876,1676656247
newOrder,20627,1,26876,1676656247
newOrder,11892,0,107503,1676656247
newOrder,24999,1,107503,1676656247
cancel,11892,,,1676656834
cancel,19820,,,1676656834
cancel,20627,,,1676656834
cancel,24999,,,1676656834
newOrder,19820,0,26878,1676656841
newOrder,20627,1,26878,1676656841
newOrder,11892,0,107511,1676656841
newOrder,24999,1,107511,1676656841
cancel,11892,,,1676657434
cancel,19820,,,1676657434
cancel,20627,,,1676657434
cancel,24999,,,1676657434
newOrder,19820,0,26798,1676657442
newOrder,20646,1,26798,1676657442
newOrder,11892,0,107191,1676657442
newOrder,24999,1,107191,1676657442
cancel,11892,,,1676658034
cancel,19820,,,1676658034
cancel,20646,,,1676658034
cancel,24999,,,1676658034
newOrder,19820,0,26800,1676658042
newOrder,20646,1,26800,1676658042
newOrder,11892,0,107199,1676658042
newOrder,24999,1,107199,1676658042
cancel,11892,,,1676658635
cancel,19820,,,1676658635
cancel,20646,,,1676658635
cancel,24999,,,1676658635
newOrder,19820,0,26802,1676658641
newOrder,20646,1,26802,1676658641
newOrder,11892,0,107207,1676658641
newOrder,24999,1,107207,1676658641
cancel,11892,,,1676659234
cancel,19820,,,1676659234
cancel,20646,,,1676659234
cancel,24999,,,1676659234
newOrder,19820,0,26804,1676659242
newOrder,20646,1,26804,1676659242
newOrder,11892,0,107215,1676659242
newOrder,24999,1,107215,1676659242
cancel,11892,,,1676659835
cancel,19820,,,1676659835
cancel,20646,,,1676659835
cancel,24999,,,1676659835
newOrder,19820,0,26806,1676659845
newOrder,20646,1,26806,1676659845
newOrder,11892,0,107223,1676659845
newOrder,24999,1,107223,1676659845
cancel,11892,,,1676660436
cancel,19820,,,1676660436
cancel,20646,,,1676660436
cancel,24999,,,1676660436
newOrder,19820,0,26808,1676660442
newOrder,20646,1,26808,1676660442
newOrder,11892,0,107231,1676660442
newOrder,24999,1,107231,1676660442
cancel,11892,,,1676661032
cancel,19820,,,1676661032
cancel,20646,,,1676661032
cancel,24999,,,1676661032
newOrder,19820,0,26810,1676661040
newOrder,20646,1,26810,1676661040
newOrder,11892,0,107239,1676661040
newOrder,24999,1,107239,1676661040
cancel,11892,,,1676661636
cancel,19820,,,1676661636
cancel,20646,,,1676661636
cancel,24999,,,1676661636
newOrder,19820,0,26812,1676661643
newOrder,20646,1,26812,1676661643
newOrder,11892,0,107247,1676661643
newOrder,24999,1,107247,1676661643
cancel,11892,,,1676662235
cancel,19820,,,1676662235
cancel,20646,,,1676662235
cancel,24999,,,1676662235
newOrder,19820,0,26814,1676662242
newOrder,20646,1,26814,1676662242
newOrder,11892,0,107255,1676662242
newOrder,24999,1,107255,1676662242
cancel,11892,,,1676662834
cancel,19820,,,1676662834
cancel,20646,,,1676662834
cancel,24999,,,1676662834
newOrder,19820,0,26816,1676662842
newOrder,20646,1,26816,1676662842
newOrder,11892,0,107262,1676662842
newOrder,24999,1,107262,1676662842
cancel,11892,,,1676663436
cancel,19820,,,1676663436
cancel,20646,,,1676663436
cancel,24999,,,1676663436
newOrder,19820,0,26809,1676663442
newOrder,20648,1,26809,1676663442
newOrder,11892,0,107236,1676663442
newOrder,24999,1,107236,1676663442
cancel,11892,,,1676664039
cancel,19820,,,1676664039
cancel,20648,,,1676664039
cancel,24999,,,1676664039
newOrder,19820,0,26811,1676664048
newOrder,20648,1,26811,1676664048
newOrder,11892,0,107244,1676664048
newOrder,24999,1,107244,1676664048
cancel,11892,,,1676664634
cancel,19820,,,1676664634
cancel,20648,,,1676664634
cancel,24999,,,1676664634
newOrder,19820,0,26813,1676664642
newOrder,20648,1,26813,1676664642
newOrder,11892,0,107252,1676664642
newOrder,24999,1,107252,1676664642
cancel,11892,,,1676665236
cancel,19820,,,1676665236
cancel,20648,,,1676665236
cancel,24999,,,1676665236
newOrder,19820,0,26815,1676665244
newOrder,20648,1,26815,1676665244
newOrder,11892,0,107260,1676665244
newOrder,24999,1,107260,1676665244
cancel,11892,,,1676665834
cancel,19820,,,1676665834
cancel,20648,,,1676665834
cancel,24999,,,1676665834
newOrder,19820,0,26817,1676665843
newOrder,20648,1,26817,1676665843
newOrder,11892,0,107268,1676665843
newOrder,24999,1,107268,1676665843
cancel,11892,,,1676666440
cancel,19820,,,1676666440
cancel,20648,,,1676666440
cancel,24999,,,1676666440
newOrder,19820,0,26819,1676666451
newOrder,20648,1,26819,1676666451
newOrder,11892,0,107276,1676666451
cancel,11892,,,1676667035
cancel,19820,,,1676667035
cancel,20648,,,1676667035
newOrder,19820,0,26821,1676667043
newOrder,20648,1,26821,1676667043
newOrder,11892,0,107283,1676667043
newOrder,24999,1,107283,1676667043
cancel,11892,,,1676667636
cancel,19820,,,1676667636
cancel,20648,,,1676667636
cancel,24999,,,1676667636
newOrder,19820,0,26823,1676667642
newOrder,20648,1,26823,1676667642
newOrder,11892,0,107291,1676667642
newOrder,24999,1,107291,1676667642
cancel,11892,,,1676668237
cancel,19820,,,1676668237
cancel,20648,,,1676668237
cancel,24999,,,1676668237
newOrder,19820,0,26825,1676668244
newOrder,20648,1,26825,1676668244
newOrder,11892,0,107299,1676668244
newOrder,24999,1,107299,1676668244
cancel,11892,,,1676668835
cancel,19820,,,1676668835
cancel,20648,,,1676668835
cancel,24999,,,1676668835
newOrder,19820,0,26827,1676668842
newOrder,20648,1,26827,1676668842
newOrder,11892,0,107307,1676668842
newOrder,24999,1,107307,1676668842
cancel,11892,,,1676669437
cancel,19820,,,1676669437
cancel,20648,,,1676669437
cancel,24999,,,1676669437
newOrder,19820,0,26829,1676669445
newOrder,20648,1,26829,1676669445
newOrder,11892,0,107315,1676669445
newOrder,24999,1,107315,1676669445
cancel,11892,,,1676670035
cancel,19820,,,1676670035
cancel,20648,,,1676670035
cancel,24999,,,1676670035
newOrder,19820,0,26831,1676670042
newOrder,20648,1,26831,1676670042
newOrder,11892,0,107323,1676670042
newOrder,24999,1,107323,1676670042
cancel,11892,,,1676670636
cancel,19820,,,1676670636
cancel,20648,,,1676670636
cancel,24999,,,1676670636
newOrder,19820,0,26833,1676670642
newOrder,20648,1,26833,1676670642
newOrder,11892,0,107330,1676670642
newOrder,24999,1,107330,1676670642
cancel,11892,,,1676671234
cancel,19820,,,1676671234
cancel,20648,,,1676671234
cancel,24999,,,1676671234
newOrder,19820,0,26835,1676671243
newOrder,20648,1,26835,1676671243
newOrder,11892,0,107338,1676671243
newOrder,24999,1,107338,1676671243
cancel,11892,,,1676671834
cancel,19820,,,1676671834
cancel,20648,,,1676671834
cancel,24999,,,1676671834
newOrder,19820,0,26837,1676671844
newOrder,20648,1,26837,1676671844
newOrder,11892,0,107346,1676671844
newOrder,24999,1,107346,1676671844
cancel,11892,,,1676672434
cancel,19820,,,1676672434
cancel,20648,,,1676672434
cancel,24999,,,1676672434
newOrder,19820,0,26838,1676672441
newOrder,20648,1,26838,1676672441
newOrder,11892,0,107354,1676672441
newOrder,24999,1,107354,1676672441
cancel,11892,,,1676673036
cancel,19820,,,1676673036
cancel,20648,,,1676673036
cancel,24999,,,1676673036
newOrder,19820,0,26840,1676673044
newOrder,20648,1,26840,1676673044
newOrder,11892,0,107362,1676673044
newOrder,24999,1,107362,1676673044
cancel,11892,,,1676673634
cancel,19820,,,1676673634
cancel,20648,,,1676673634
cancel,24999,,,1676673634
newOrder,19820,0,26842,1676673643
newOrder,20648,1,26842,1676673643
newOrder,11892,0,107370,1676673643
newOrder,24999,1,107370,1676673643
cancel,11892,,,1676674235
cancel,19820,,,1676674235
cancel,20648,,,1676674235
cancel,24999,,,1676674235
newOrder,19820,0,26844,1676674241
newOrder,20648,1,26844,1676674241
newOrder,11892,0,107377,1676674241
newOrder,24999,1,107377,1676674241
cancel,11892,,,1676674834
cancel,19820,,,1676674834
cancel,20648,,,1676674834
cancel,24999,,,1676674834
newOrder,19820,0,26846,1676674843
newOrder,20648,1,26846,1676674843
newOrder,11892,0,107385,1676674843
newOrder,24999,1,107385,1676674843
cancel,11892,,,1676675434
cancel,19820,,,1676675434
cancel,20648,,,1676675434
cancel,24999,,,1676675434
newOrder,19820,0,26848,1676675441
newOrder,20648,1,26848,1676675441
newOrder,11892,0,107393,1676675441
newOrder,24999,1,107393,1676675441
cancel,11892,,,1676676035
cancel,19820,,,1676676035
cancel,20648,,,1676676035
cancel,24999,,,1676676035
newOrder,19820,0,26850,1676676041
newOrder,20648,1,26850,1676676041
newOrder,11892,0,107401,1676676041
newOrder,24999,1,107401,1676676041
cancel,11892,,,1676676633
cancel,19820,,,1676676633
cancel,20648,,,1676676633
cancel,24999,,,1676676633
newOrder,19820,0,26852,1676676640
newOrder,20648,1,26852,1676676640
newOrder,11892,0,107409,1676676640
newOrder,24999,1,107409,1676676640
cancel,11892,,,1676677233
cancel,19820,,,1676677233
cancel,20648,,,1676677233
cancel,24999,,,1676677233
newOrder,19820,0,26854,1676677241
newOrder,20648,1,26854,1676677241
newOrder,11892,0,107417,1676677241
newOrder,24999,1,107417,1676677241
cancel,11892,,,1676677835
cancel,19820,,,1676677835
cancel,20648,,,1676677835
cancel,24999,,,1676677835
newOrder,19820,0,26856,1676677841
newOrder,20648,1,26856,1676677841
newOrder,11892,0,107424,1676677841
newOrder,24999,1,107424,1676677841
cancel,11892,,,1676678436
cancel,19820,,,1676678436
cancel,20648,,,1676678436
cancel,24999,,,1676678436
newOrder,19820,0,26858,1676678447
newOrder,20648,1,26858,1676678447
newOrder,11892,0,107432,1676678447
newOrder,24999,1,107432,1676678447
cancel,11892,,,1676679036
cancel,19820,,,1676679036
cancel,20648,,,1676679036
cancel,24999,,,1676679036
newOrder,19820,0,26860,1676679043
newOrder,20648,1,26860,1676679043
newOrder,11892,0,107440,1676679043
newOrder,24999,1,107440,1676679043
cancel,11892,,,1676679634
cancel,19820,,,1676679634
cancel,20648,,,1676679634
cancel,24999,,,1676679634
newOrder,19820,0,26862,1676679641
newOrder,20648,1,26862,1676679641
newOrder,11892,0,107448,1676679641
newOrder,24999,1,107448,1676679641
cancel,11892,,,1676680234
cancel,19820,,,1676680234
cancel,20648,,,1676680234
cancel,24999,,,1676680234
newOrder,19820,0,26162,1676680243
newOrder,20811,1,26162,1676680243
newOrder,11892,0,104647,1676680243
newOrder,24999,1,104647,1676680243
cancel,11892,,,1676680835
cancel,19820,,,1676680835
cancel,20811,,,1676680835
cancel,24999,,,1676680835
newOrder,19820,0,26163,1676680841
newOrder,20811,1,26163,1676680841
newOrder,11892,0,104653,1676680841
newOrder,24999,1,104653,1676680841
cancel,11892,,,1676681434
cancel,19820,,,1676681434
cancel,20811,,,1676681434
cancel,24999,,,1676681434
newOrder,19820,0,26165,1676681442
newOrder,20811,1,26165,1676681442
newOrder,11892,0,104660,1676681442
newOrder,24999,1,104660,1676681442
cancel,11892,,,1676682037
cancel,19820,,,1676682037
cancel,20811,,,1676682037
cancel,24999,,,1676682037
newOrder,19820,0,26167,1676682044
newOrder,20811,1,26167,1676682044
newOrder,11892,0,104666,1676682044
newOrder,24999,1,104666,1676682044
cancel,11892,,,1676682635
cancel,19820,,,1676682635
cancel,20811,,,1676682635
cancel,24999,,,1676682635
newOrder,19820,0,26168,1676682642
newOrder,20811,1,26168,1676682642
newOrder,11892,0,104672,1676682642
newOrder,24999,1,104672,1676682642
cancel,11892,,,1676683234
cancel,19820,,,1676683234
cancel,20811,,,1676683234
cancel,24999,,,1676683234
newOrder,19820,0,26170,1676683240
newOrder,20811,1,26170,1676683240
newOrder,11892,0,104679,1676683240
newOrder,24999,1,104679,1676683240
cancel,11892,,,1676683836
cancel,19820,,,1676683836
cancel,20811,,,1676683836
cancel,24999,,,1676683836
newOrder,19820,0,26301,1676683842
newOrder,20781,1,26301,1676683842
newOrder,11892,0,105205,1676683842
newOrder,24999,1,105205,1676683842
cancel,11892,,,1676684435
cancel,19820,,,1676684435
cancel,20781,,,1676684435
cancel,24999,,,1676684435
newOrder,19820,0,26308,1676684441
newOrder,20780,1,26308,1676684441
newOrder,11892,0,105233,1676684441
newOrder,24999,1,105233,1676684441
cancel,11892,,,1676685034
cancel,19820,,,1676685034
cancel,20780,,,1676685034
cancel,24999,,,1676685034
newOrder,19820,0,26310,1676685043
newOrder,20780,1,26310,1676685043
newOrder,11892,0,105239,1676685043
newOrder,24999,1,105239,1676685043
cancel,11892,,,1676685635
cancel,19820,,,1676685635
cancel,20780,,,1676685635
cancel,24999,,,1676685635
newOrder,19820,0,26311,1676685646
newOrder,20780,1,26311,1676685646
newOrder,11892,0,105246,1676685646
newOrder,24999,1,105246,1676685646
cancel,11892,,,1676686235
cancel,19820,,,1676686235
cancel,20780,,,1676686235
cancel,24999,,,1676686235
newOrder,19820,0,26313,1676686242
newOrder,20780,1,26313,1676686242
newOrder,11892,0,105252,1676686242
newOrder,24999,1,105252,1676686242
cancel,11892,,,1676686835
cancel,19820,,,1676686835
cancel,20780,,,1676686835
cancel,24999,,,1676686835
newOrder,19820,0,26315,1676686842
newOrder,20780,1,26315,1676686842
newOrder,11892,0,105259,1676686842
newOrder,24999,1,105259,1676686842
cancel,11892,,,1676687434
cancel,19820,,,1676687434
cancel,20780,,,1676687434
cancel,24999,,,1676687434
newOrder,19820,0,26316,1676687442
newOrder,20780,1,26316,1676687442
newOrder,11892,0,105265,1676687442
newOrder,24999,1,105265,1676687442
cancel,11892,,,1676688035
cancel,19820,,,1676688035
cancel,20780,,,1676688035
cancel,24999,,,1676688035
newOrder,19820,0,26318,1676688048
newOrder,20780,1,26318,1676688048
newOrder,11892,0,105272,1676688048
newOrder,24999,1,105272,1676688048
cancel,11892,,,1676688634
cancel,19820,,,1676688634
cancel,20780,,,1676688634
cancel,24999,,,1676688634
newOrder,19820,0,25456,1676688641
newOrder,20977,1,25456,1676688641
newOrder,11892,0,101823,1676688641
newOrder,24999,1,101823,1676688641
cancel,11892,,,1676689236
cancel,19820,,,1676689236
cancel,20977,,,1676689236
cancel,24999,,,1676689236
newOrder,19820,0,25457,1676689246
newOrder,20977,1,25457,1676689246
newOrder,11892,0,101828,1676689246
newOrder,24999,1,101828,1676689246
cancel,11892,,,1676689834
cancel,19820,,,1676689834
cancel,20977,,,1676689834
cancel,24999,,,1676689834
newOrder,19820,0,25458,1676689843
newOrder,20977,1,25458,1676689843
newOrder,11892,0,101832,1676689843
newOrder,24999,1,101832,1676689843
cancel,11892,,,1676690435
cancel,19820,,,1676690435
cancel,20977,,,1676690435
cancel,24999,,,1676690435
newOrder,19820,0,25459,1676690441
newOrder,20977,1,25459,1676690441
newOrder,11892,0,101837,1676690441
newOrder,24999,1,101837,1676690441
cancel,11892,,,1676691034
cancel,19820,,,1676691034
cancel,20977,,,1676691034
cancel,24999,,,1676691034
newOrder,19820,0,25460,1676691040
newOrder,20977,1,25460,1676691040
newOrder,11892,0,101842,1676691040
newOrder,24999,1,101842,1676691040
cancel,11892,,,1676691637
cancel,19820,,,1676691637
cancel,20977,,,1676691637
cancel,24999,,,1676691637
newOrder,19820,0,25462,1676691645
newOrder,20977,1,25462,1676691645
newOrder,11892,0,101847,1676691645
newOrder,24999,1,101847,1676691645
cancel,11892,,,1676692235
cancel,19820,,,1676692235
cancel,20977,,,1676692235
cancel,24999,,,1676692235
newOrder,19820,0,25463,1676692244
newOrder,20977,1,25463,1676692244
newOrder,11892,0,101851,1676692244
newOrder,24999,1,101851,1676692244
cancel,11892,,,1676692834
cancel,19820,,,1676692834
cancel,20977,,,1676692834
cancel,24999,,,1676692834
newOrder,19820,0,25464,1676692840
newOrder,20977,1,25464,1676692840
newOrder,11892,0,101856,1676692840
newOrder,24999,1,101856,1676692840
cancel,11892,,,1676693434
cancel,19820,,,1676693434
cancel,20977,,,1676693434
cancel,24999,,,1676693434
newOrder,19820,0,25465,1676693442
newOrder,20977,1,25465,1676693442
newOrder,11892,0,101861,1676693442
newOrder,24999,1,101861,1676693442
cancel,11892,,,1676694035
cancel,19820,,,1676694035
cancel,20977,,,1676694035
cancel,24999,,,1676694035
newOrder,19820,0,25466,1676694041
newOrder,20977,1,25466,1676694041
newOrder,11892,0,101865,1676694041
newOrder,24999,1,101865,1676694041
cancel,11892,,,1676694635
cancel,19820,,,1676694635
cancel,20977,,,1676694635
cancel,24999,,,1676694635
newOrder,19820,0,25468,1676694642
newOrder,20977,1,25468,1676694642
newOrder,11892,0,101870,1676694642
newOrder,24999,1,101870,1676694642
cancel,11892,,,1676695235
cancel,19820,,,1676695235
cancel,20977,,,1676695235
cancel,24999,,,1676695235
newOrder,19820,0,25469,1676695242
newOrder,20977,1,25469,1676695242
newOrder,11892,0,101875,1676695242
newOrder,24999,1,101875,1676695242
cancel,11892,,,1676695834
cancel,19820,,,1676695834
cancel,20977,,,1676695834
cancel,24999,,,1676695834
newOrder,19820,0,25470,1676695842
newOrder,20977,1,25470,1676695842
newOrder,11892,0,101880,1676695842
newOrder,24999,1,101880,1676695842
cancel,11892,,,1676696437
cancel,19820,,,1676696437
cancel,20977,,,1676696437
cancel,24999,,,1676696437
newOrder,19820,0,25471,1676696442
newOrder,20977,1,25471,1676696442
newOrder,11892,0,101884,1676696442
newOrder,24999,1,101884,1676696442
cancel,11892,,,1676697034
cancel,19820,,,1676697034
cancel,20977,,,1676697034
cancel,24999,,,1676697034
newOrder,19820,0,25472,1676697040
newOrder,20977,1,25472,1676697040
newOrder,11905,0,101889,1676697040
newOrder,24999,1,101889,1676697040
cancel,11905,,,1676697634
cancel,19820,,,1676697634
cancel,20977,,,1676697634
cancel,24999,,,1676697634
newOrder,19820,0,25473,1676697641
newOrder,20977,1,25473,1676697641
newOrder,11905,0,101894,1676697641
newOrder,24999,1,101894,1676697641
cancel,11905,,,1676698235
cancel,19820,,,1676698235
cancel,20977,,,1676698235
cancel,24999,,,1676698235
newOrder,19820,0,25475,1676698240
newOrder,20977,1,25475,1676698240
newOrder,11905,0,101898,1676698240
newOrder,24999,1,101898,1676698240
cancel,11905,,,1676698833
cancel,19820,,,1676698833
cancel,20977,,,1676698833
cancel,24999,,,1676698833
newOrder,19820,0,25476,1676698846
newOrder,20977,1,25476,1676698846
newOrder,12002,0,101903,1676698846
newOrder,24999,1,101903,1676698846
cancel,12002,,,1676699433
cancel,19820,,,1676699433
cancel,20977,,,1676699433
cancel,24999,,,1676699433
newOrder,19820,0,25477,1676699443
newOrder,20977,1,25477,1676699443
newOrder,11892,0,101908,1676699443
newOrder,24999,1,101908,1676699443
cancel,11892,,,1676700033
cancel,19820,,,1676700033
cancel,20977,,,1676700033
cancel,24999,,,1676700033
newOrder,19820,0,25478,1676700041
newOrder,20977,1,25478,1676700041
newOrder,11892,0,101912,1676700041
newOrder,24999,1,101912,1676700041
cancel,11892,,,1676700633
cancel,19820,,,1676700633
cancel,20977,,,1676700633
cancel,24999,,,1676700633
newOrder,19820,0,25479,1676700642
newOrder,20977,1,25479,1676700642
newOrder,11892,0,101917,1676700642
newOrder,24999,1,101917,1676700642
cancel,11892,,,1676701233
cancel,19820,,,1676701233
cancel,20977,,,1676701233
cancel,24999,,,1676701233
newOrder,19820,0,25480,1676701243
newOrder,20977,1,25480,1676701243
newOrder,11892,0,101922,1676701243
newOrder,24999,1,101922,1676701243
cancel,11892,,,1676701836
cancel,19820,,,1676701836
cancel,20977,,,1676701836
cancel,24999,,,1676701836
newOrder,19820,0,25393,1676701843
newOrder,20997,1,25393,1676701843
newOrder,11892,0,101571,1676701843
newOrder,24999,1,101571,1676701843
cancel,11892,,,1676702434
cancel,19820,,,1676702434
cancel,20997,,,1676702434
cancel,24999,,,1676702434
newOrder,19820,0,25394,1676702443
newOrder,20997,1,25394,1676702443
newOrder,11892,0,101575,1676702443
newOrder,24999,1,101575,1676702443
cancel,11892,,,1676703035
cancel,19820,,,1676703035
cancel,20997,,,1676703035
cancel,24999,,,1676703035
newOrder,19820,0,25395,1676703043
newOrder,20997,1,25395,1676703043
newOrder,11892,0,101580,1676703043
newOrder,24999,1,101580,1676703043
cancel,11892,,,1676703634
cancel,19820,,,1676703634
cancel,20997,,,1676703634
cancel,24999,,,1676703634
newOrder,19820,0,25396,1676703641
newOrder,20997,1,25396,1676703641
newOrder,11892,0,101584,1676703641
newOrder,24999,1,101584,1676703641
cancel,11892,,,1676704234
cancel,19820,,,1676704234
cancel,20997,,,1676704234
cancel,24999,,,1676704234
newOrder,19820,0,25397,1676704244
newOrder,20997,1,25397,1676704244
newOrder,11892,0,101588,1676704244
newOrder,24999,1,101588,1676704244
cancel,11892,,,1676704835
cancel,19820,,,1676704835
cancel,20997,,,1676704835
cancel,24999,,,1676704835
newOrder,19820,0,25398,1676704841
newOrder,20997,1,25398,1676704841
newOrder,11892,0,101593,1676704841
newOrder,24999,1,101593,1676704841
cancel,11892,,,1676705435
cancel,19820,,,1676705435
cancel,20997,,,1676705435
cancel,24999,,,1676705435
newOrder,19820,0,25399,1676705442
newOrder,20997,1,25399,1676705442
newOrder,11892,0,101597,1676705442
newOrder,24999,1,101597,1676705442
cancel,11892,,,1676706035
cancel,19820,,,1676706035
cancel,20997,,,1676706035
cancel,24999,,,1676706035
newOrder,19820,0,25400,1676706041
newOrder,20997,1,25400,1676706041
newOrder,11892,0,101602,1676706041
newOrder,24999,1,101602,1676706041
cancel,11892,,,1676706636
cancel,19820,,,1676706636
cancel,20997,,,1676706636
cancel,24999,,,1676706636
newOrder,19820,0,25225,1676706643
newOrder,21037,1,25225,1676706643
newOrder,11892,0,100901,1676706643
newOrder,24999,1,100901,1676706643
cancel,11892,,,1676707234
cancel,19820,,,1676707234
cancel,21037,,,1676707234
cancel,24999,,,1676707234
newOrder,19820,0,25226,1676707242
newOrder,21037,1,25226,1676707242
newOrder,11892,0,100905,1676707242
newOrder,24999,1,100905,1676707242
cancel,11892,,,1676707834
cancel,19820,,,1676707834
cancel,21037,,,1676707834
cancel,24999,,,1676707834
newOrder,19820,0,25227,1676707843
newOrder,21037,1,25227,1676707843
newOrder,11892,0,100909,1676707843
newOrder,24999,1,100909,1676707843
cancel,11892,,,1676708435
cancel,19820,,,1676708435
cancel,21037,,,1676708435
cancel,24999,,,1676708435
newOrder,19820,0,25228,1676708444
newOrder,21037,1,25228,1676708444
newOrder,11892,0,100913,1676708444
newOrder,24999,1,100913,1676708444
cancel,11892,,,1676709034
cancel,19820,,,1676709034
cancel,21037,,,1676709034
cancel,24999,,,1676709034
newOrder,19820,0,25229,1676709070
newOrder,21037,1,25229,1676709070
newOrder,11892,0,100917,1676709070
newOrder,24999,1,100917,1676709070
cancel,11892,,,1676709636
cancel,19820,,,1676709636
cancel,21037,,,1676709636
cancel,24999,,,1676709636
newOrder,19820,0,27218,1676709642
newOrder,20590,1,27218,1676709642
newOrder,11892,0,108872,1676709642
newOrder,24999,1,108872,1676709642
cancel,11892,,,1676710235
cancel,19820,,,1676710235
cancel,20590,,,1676710235
cancel,24999,,,1676710235
newOrder,19820,0,27221,1676710242
newOrder,20589,1,27221,1676710242
newOrder,11892,0,108885,1676710242
newOrder,24999,1,108885,1676710242
cancel,11892,,,1676710835
cancel,19820,,,1676710835
cancel,20589,,,1676710835
cancel,24999,,,1676710835
newOrder,19820,0,27224,1676710842
newOrder,20589,1,27224,1676710842
newOrder,11892,0,108895,1676710842
newOrder,24999,1,108895,1676710842
cancel,11892,,,1676711437
cancel,19820,,,1676711437
cancel,20589,,,1676711437
cancel,24999,,,1676711437
newOrder,19820,0,27226,1676711444
newOrder,20589,1,27226,1676711444
newOrder,11892,0,108904,1676711444
newOrder,24999,1,108904,1676711444
cancel,11892,,,1676712035
cancel,19820,,,1676712035
cancel,20589,,,1676712035
cancel,24999,,,1676712035
newOrder,19820,0,27222,1676712042
newOrder,20590,1,27222,1676712042
newOrder,11892,0,108889,1676712042
newOrder,24999,1,108889,1676712042
cancel,11892,,,1676712633
cancel,19820,,,1676712633
cancel,20590,,,1676712633
cancel,24999,,,1676712633
newOrder,19820,0,27140,1676712642
newOrder,20610,1,27140,1676712642
newOrder,11892,0,108559,1676712642
newOrder,24999,1,108559,1676712642
cancel,11892,,,1676713235
cancel,19820,,,1676713235
cancel,20610,,,1676713235
cancel,24999,,,1676713235
newOrder,19820,0,27226,1676713242
newOrder,20590,1,27226,1676713242
newOrder,11892,0,108905,1676713242
newOrder,24999,1,108905,1676713242
cancel,11892,,,1676713834
cancel,19820,,,1676713834
cancel,20590,,,1676713834
cancel,24999,,,1676713834
newOrder,19820,0,27233,1676713842
newOrder,20589,1,27233,1676713842
newOrder,11892,0,108934,1676713842
newOrder,24999,1,108934,1676713842
cancel,11892,,,1676714433
cancel,19820,,,1676714433
cancel,20589,,,1676714433
cancel,24999,,,1676714433
newOrder,19820,0,27234,1676714440
newOrder,20590,1,27234,1676714440
newOrder,11892,0,108937,1676714440
newOrder,24999,1,108937,1676714440
cancel,11892,,,1676715034
cancel,19820,,,1676715034
cancel,20590,,,1676715034
cancel,24999,,,1676715034
newOrder,19820,0,27236,1676715041
newOrder,20590,1,27236,1676715041
newOrder,11892,0,108943,1676715041
newOrder,24999,1,108943,1676715041
cancel,11892,,,1676715636
cancel,19820,,,1676715636
cancel,20590,,,1676715636
cancel,24999,,,1676715636
newOrder,19820,0,27237,1676715642
newOrder,20590,1,27237,1676715642
newOrder,11892,0,108950,1676715642
newOrder,24999,1,108950,1676715642
cancel,11892,,,1676716230
cancel,19820,,,1676716230
cancel,20590,,,1676716230
cancel,24999,,,1676716230
newOrder,19820,0,27242,1676716237
newOrder,20589,1,27242,1676716237
newOrder,11892,0,108968,1676716237
newOrder,24999,1,108968,1676716237
cancel,11892,,,1676716834
cancel,19820,,,1676716834
cancel,20589,,,1676716834
cancel,24999,,,1676716834
newOrder,19820,0,27244,1676716841
newOrder,20589,1,27244,1676716841
newOrder,11892,0,108974,1676716841
newOrder,24999,1,108974,1676716841
cancel,11892,,,1676717434
cancel,19820,,,1676717434
cancel,20589,,,1676717434
cancel,24999,,,1676717434
newOrder,19820,0,27156,1676717442
newOrder,20610,1,27156,1676717442
newOrder,11892,0,108623,1676717442
newOrder,24999,1,108623,1676717442
cancel,11892,,,1676718034
cancel,19820,,,1676718034
cancel,20610,,,1676718034
cancel,24999,,,1676718034
newOrder,19820,0,27245,1676718042
newOrder,20590,1,27245,1676718042
newOrder,11892,0,108981,1676718042
newOrder,24999,1,108981,1676718042
cancel,11892,,,1676718634
cancel,19820,,,1676718634
cancel,20590,,,1676718634
cancel,24999,,,1676718634
newOrder,19820,0,27252,1676718641
newOrder,20589,1,27252,1676718641
newOrder,11892,0,109010,1676718641
newOrder,24999,1,109010,1676718641
cancel,11892,,,1676719234
cancel,19820,,,1676719234
cancel,20589,,,1676719234
cancel,24999,,,1676719234
newOrder,19820,0,27251,1676719241
newOrder,20590,1,27251,1676719241
newOrder,11892,0,109002,1676719241
newOrder,24999,1,109002,1676719241
cancel,11892,,,1676719833
cancel,19820,,,1676719833
cancel,20590,,,1676719833
cancel,24999,,,1676719833
newOrder,19820,0,27256,1676719840
newOrder,20589,1,27256,1676719840
newOrder,11892,0,109026,1676719840
newOrder,24999,1,109026,1676719840
cancel,11892,,,1676720434
cancel,19820,,,1676720434
cancel,20589,,,1676720434
cancel,24999,,,1676720434
newOrder,19820,0,27257,1676720440
newOrder,20589,1,27257,1676720440
newOrder,11892,0,109027,1676720440
newOrder,24999,1,109027,1676720440
cancel,11892,,,1676721035
cancel,19820,,,1676721035
cancel,20589,,,1676721035
cancel,24999,,,1676721035
newOrder,19820,0,27254,1676721042
newOrder,20590,1,27254,1676721042
newOrder,11892,0,109015,1676721042
newOrder,24999,1,109015,1676721042
cancel,11892,,,1676721636
cancel,19820,,,1676721636
cancel,20590,,,1676721636
cancel,24999,,,1676721636
newOrder,19820,0,27257,1676721642
newOrder,20590,1,27257,1676721642
newOrder,11892,0,109030,1676721642
newOrder,24999,1,109030,1676721642