instruction,price,side,qty,time
cancel,15501,,,1685794467
cancel,15893,,,1685794467
cancel,18075,,,1685794467
newOrder,15894,0,8837,1685794488
newOrder,18075,1,8837,1685794488
newOrder,15501,0,6147,1685794488
cancel,15501,,,1685795067
cancel,15894,,,1685795067
cancel,18075,,,1685795067
newOrder,15893,0,8838,1685795091
newOrder,18075,1,8838,1685795091
newOrder,12304,0,9532,1685795091
newOrder,21899,1,9532,1685795091
cancel,12304,,,1685795667
cancel,15893,,,1685795667
cancel,18075,,,1685795667
cancel,21899,,,1685795667
newOrder,15893,0,8838,1685795691
newOrder,18075,1,8838,1685795691
newOrder,12013,0,16685,1685795691
newOrder,24957,1,16685,1685795691
cancel,12013,,,1685796267
cancel,15893,,,1685796267
cancel,18075,,,1685796267
cancel,24957,,,1685796267
newOrder,15894,0,8839,1685796289
newOrder,18075,1,8839,1685796289
newOrder,9536,0,37037,1685796289
newOrder,24999,1,37037,1685796289
cancel,9536,,,1685796867
cancel,15894,,,1685796867
cancel,18075,,,1685796867
cancel,24999,,,1685796867
newOrder,15893,0,8840,1685796891
newOrder,18075,1,8840,1685796891
newOrder,9536,0,44007,1685796891
newOrder,24999,1,44007,1685796891
cancel,9536,,,1685797467
cancel,15893,,,1685797467
cancel,18075,,,1685797467
cancel,24999,,,1685797467
newOrder,15893,0,8840,1685797490
newOrder,18075,1,8840,1685797490
newOrder,9536,0,28716,1685797490
newOrder,24957,1,28716,1685797490
cancel,9536,,,1685798068
cancel,15893,,,1685798068
cancel,18075,,,1685798068
cancel,24957,,,1685798068
newOrder,15894,0,8841,1685798092
newOrder,18075,1,8841,1685798092
newOrder,12162,0,16259,1685798092
newOrder,24957,1,16259,1685798092
cancel,12162,,,1685798667
cancel,15894,,,1685798667
cancel,18075,,,1685798667
cancel,24957,,,1685798667
newOrder,15875,0,8833,1685798690
newOrder,18075,1,8833,1685798690
newOrder,9525,0,34496,1685798690
newOrder,24999,1,34496,1685798690
cancel,9525,,,1685799266
cancel,15875,,,1685799266
cancel,18075,,,1685799266
cancel,24999,,,1685799266
newOrder,15875,0,8834,1685799291
newOrder,18075,1,8834,1685799291
newOrder,9525,0,46949,1685799291
newOrder,24999,1,46949,1685799291
cancel,9525,,,1685799867
cancel,15875,,,1685799867
cancel,18075,,,1685799867
cancel,24999,,,1685799867
newOrder,15876,0,8835,1685799889
newOrder,18075,1,8835,1685799889
newOrder,9525,0,41630,1685799889
newOrder,24999,1,41630,1685799889
cancel,9525,,,1685800468
cancel,15876,,,1685800468
cancel,18075,,,1685800468
cancel,24999,,,1685800468
newOrder,15875,0,8835,1685800492
newOrder,18075,1,8835,1685800492
newOrder,9525,0,47311,1685800492
newOrder,24999,1,47311,1685800492
cancel,9525,,,1685801067
cancel,15875,,,1685801067
cancel,18075,,,1685801067
cancel,24999,,,1685801067
newOrder,15875,0,8836,1685801092
newOrder,18075,1,8836,1685801092
newOrder,9525,0,32815,1685801092
newOrder,24957,1,32815,1685801092
cancel,9525,,,1685801667
cancel,15875,,,1685801667
cancel,18075,,,1685801667
cancel,24957,,,1685801667
newOrder,15875,0,8837,1685801691
newOrder,18075,1,8837,1685801691
newOrder,9525,0,23487,1685801691
newOrder,24957,1,23487,1685801691
cancel,9525,,,1685802267
cancel,15875,,,1685802267
cancel,18075,,,1685802267
cancel,24957,,,1685802267
newOrder,15828,0,8816,1685802290
newOrder,18075,1,8816,1685802290
newOrder,9497,0,39635,1685802290
newOrder,24999,1,39635,1685802290
cancel,9497,,,1685802867
cancel,15828,,,1685802867
cancel,18075,,,1685802867
cancel,24999,,,1685802867
newOrder,15836,0,8820,1685802890
newOrder,18075,1,8820,1685802890
newOrder,9502,0,41468,1685802890
newOrder,24999,1,41468,1685802890
cancel,9502,,,1685803467
cancel,15836,,,1685803467
cancel,18075,,,1685803467
cancel,24999,,,1685803467
newOrder,15837,0,8821,1685803492
newOrder,18075,1,8821,1685803492
newOrder,9502,0,41282,1685803492
newOrder,24999,1,41282,1685803492
cancel,9502,,,1685804067
cancel,15837,,,1685804067
cancel,18075,,,1685804067
cancel,24999,,,1685804067
newOrder,15836,0,8821,1685804091
newOrder,18075,1,8821,1685804091
newOrder,9502,0,32932,1685804091
newOrder,24957,1,32932,1685804091
cancel,9502,,,1685804670
cancel,15836,,,1685804670
cancel,18075,,,1685804670
cancel,24957,,,1685804670
newOrder,15836,0,8822,1685804694
newOrder,18075,1,8822,1685804694
newOrder,9502,0,18762,1685804694
newOrder,24957,1,18762,1685804694
cancel,9502,,,1685805267
cancel,15836,,,1685805267
cancel,18075,,,1685805267
cancel,24957,,,1685805267
newOrder,15836,0,8822,1685805292
newOrder,18075,1,8822,1685805292
newOrder,9502,0,38695,1685805292
newOrder,24999,1,38695,1685805292
cancel,9502,,,1685805867
cancel,15836,,,1685805867
cancel,18075,,,1685805867
cancel,24999,,,1685805867
newOrder,15835,0,8823,1685805890
newOrder,18075,1,8823,1685805890
newOrder,9501,0,44447,1685805890
newOrder,24999,1,44447,1685805890
cancel,9501,,,1685806467
cancel,15835,,,1685806467
cancel,18075,,,1685806467
cancel,24999,,,1685806467
newOrder,15836,0,8823,1685806491
newOrder,18075,1,8823,1685806491
newOrder,12304,0,11209,1685806491
newOrder,24957,1,11209,1685806491
cancel,12304,,,1685807067
cancel,15836,,,1685807067
cancel,18075,,,1685807067
cancel,24957,,,1685807067
newOrder,15836,0,8824,1685807091
newOrder,18075,1,8824,1685807091
newOrder,12304,0,12953,1685807091
newOrder,24957,1,12953,1685807091
cancel,12304,,,1685807667
cancel,15836,,,1685807667
cancel,18075,,,1685807667
cancel,24957,,,1685807667
newOrder,15835,0,8824,1685807692
newOrder,18075,1,8824,1685807692
newOrder,9501,0,22913,1685807692
newOrder,24957,1,22913,1685807692
cancel,9501,,,1685808267
cancel,15835,,,1685808267
cancel,18075,,,1685808267
cancel,24957,,,1685808267
newOrder,15835,0,8825,1685808291
newOrder,18075,1,8825,1685808291
newOrder,9501,0,19653,1685808291
newOrder,24957,1,19653,1685808291
cancel,9501,,,1685808868
cancel,15835,,,1685808868
cancel,18075,,,1685808868
cancel,24957,,,1685808868
newOrder,15833,0,8824,1685808895
newOrder,18075,1,8824,1685808895
newOrder,9500,0,41400,1685808895
newOrder,24999,1,41400,1685808895
cancel,9500,,,1685809468
cancel,15833,,,1685809468
cancel,18075,,,1685809468
cancel,24999,,,1685809468
newOrder,15823,0,8820,1685809492
newOrder,18075,1,8820,1685809492
newOrder,9494,0,18031,1685809492
newOrder,24957,1,18031,1685809492
cancel,9494,,,1685810068
cancel,15823,,,1685810068
cancel,18075,,,1685810068
cancel,24957,,,1685810068
newOrder,15820,0,8819,1685810092
newOrder,18075,1,8819,1685810092
newOrder,9492,0,23591,1685810092
newOrder,24957,1,23591,1685810092
cancel,9492,,,1685810667
cancel,15820,,,1685810667
cancel,18075,,,1685810667
cancel,24957,,,1685810667
newOrder,15821,0,8820,1685810690
newOrder,18075,1,8820,1685810690
newOrder,9493,0,35860,1685810690
newOrder,24999,1,35860,1685810690
cancel,9493,,,1685811267
cancel,15821,,,1685811267
cancel,18075,,,1685811267
cancel,24999,,,1685811267
newOrder,15821,0,8821,1685811293
newOrder,18075,1,8821,1685811293
newOrder,9493,0,21134,1685811293
newOrder,24957,1,21134,1685811293
cancel,9493,,,1685811867
cancel,15821,,,1685811867
cancel,18075,,,1685811867
cancel,24957,,,1685811867
newOrder,15820,0,8821,1685811890
newOrder,18075,1,8821,1685811890
newOrder,9492,0,46070,1685811890
newOrder,24999,1,46070,1685811890
cancel,9492,,,1685812468
cancel,15820,,,1685812468
cancel,18075,,,1685812468
cancel,24999,,,1685812468
newOrder,15820,0,8822,1685812492
newOrder,18075,1,8822,1685812492
newOrder,9492,0,39479,1685812492
newOrder,24999,1,39479,1685812492
cancel,9492,,,1685813067
cancel,15820,,,1685813067
cancel,18075,,,1685813067
cancel,24999,,,1685813067
newOrder,15822,0,8823,1685813092
newOrder,18075,1,8823,1685813092
newOrder,12304,0,9358,1685813092
newOrder,19999,1,9358,1685813092
cancel,12304,,,1685813667
cancel,15822,,,1685813667
cancel,18075,,,1685813667
cancel,19999,,,1685813667
newOrder,15822,0,8824,1685813691
newOrder,18075,1,8824,1685813691
newOrder,9493,0,44844,1685813691
newOrder,24999,1,44844,1685813691
cancel,9493,,,1685814267
cancel,15822,,,1685814267
cancel,18075,,,1685814267
cancel,24999,,,1685814267
newOrder,15822,0,8824,1685814291
newOrder,18075,1,8824,1685814291
newOrder,15501,0,7902,1685814291
cancel,15501,,,1685814868
cancel,15822,,,1685814868
cancel,18075,,,1685814868
newOrder,15822,0,8825,1685814895
newOrder,18075,1,8825,1685814895
newOrder,9493,0,33412,1685814895
newOrder,24957,1,33412,1685814895
cancel,9493,,,1685815467
cancel,15822,,,1685815467
cancel,18075,,,1685815467
cancel,24957,,,1685815467
newOrder,15821,0,8825,1685815492
newOrder,18075,1,8825,1685815492
newOrder,9493,0,38296,1685815492
newOrder,24999,1,38296,1685815492
cancel,9493,,,1685816067
cancel,15821,,,1685816067
cancel,18075,,,1685816067
cancel,24999,,,1685816067
newOrder,15822,0,8826,1685816091
newOrder,18075,1,8826,1685816091
newOrder,9493,0,35453,1685816091
newOrder,24999,1,35453,1685816091
cancel,9493,,,1685816668
cancel,15822,,,1685816668
cancel,18075,,,1685816668
cancel,24999,,,1685816668
newOrder,15823,0,8827,1685816692
newOrder,18075,1,8827,1685816692
newOrder,9494,0,32496,1685816692
newOrder,24957,1,32496,1685816692
cancel,9494,,,1685817268
cancel,15823,,,1685817268
cancel,18075,,,1685817268
cancel,24957,,,1685817268
newOrder,15823,0,8828,1685817292
newOrder,18075,1,8828,1685817292
newOrder,9494,0,30389,1685817292
newOrder,24957,1,30389,1685817292
cancel,9494,,,1685817868
cancel,15823,,,1685817868
cancel,18075,,,1685817868
cancel,24957,,,1685817868
newOrder,15824,0,8829,1685817891
newOrder,18075,1,8829,1685817891
newOrder,9494,0,38327,1685817891
newOrder,24999,1,38327,1685817891
cancel,9494,,,1685818467
cancel,15824,,,1685818467
cancel,18075,,,1685818467
cancel,24999,,,1685818467
newOrder,15824,0,8829,1685818488
newOrder,18075,1,8829,1685818488
newOrder,15501,0,6244,1685818488
cancel,15501,,,1685819067
cancel,15824,,,1685819067
cancel,18075,,,1685819067
newOrder,15824,0,8830,1685819090
newOrder,18075,1,8830,1685819090
newOrder,12162,0,16373,1685819090
newOrder,24957,1,16373,1685819090
cancel,12162,,,1685819667
cancel,15824,,,1685819667
cancel,18075,,,1685819667
cancel,24957,,,1685819667
newOrder,15824,0,8830,1685819691
newOrder,18075,1,8830,1685819691
newOrder,9494,0,23788,1685819691
newOrder,24957,1,23788,1685819691
cancel,9494,,,1685820267
cancel,15824,,,1685820267
cancel,18075,,,1685820267
cancel,24957,,,1685820267
newOrder,15823,0,8831,1685820290
newOrder,18075,1,8831,1685820290
newOrder,9494,0,41315,1685820290
newOrder,24999,1,41315,1685820290
cancel,9494,,,1685820868
cancel,15823,,,1685820868
cancel,18075,,,1685820868
cancel,24999,,,1685820868
newOrder,15823,0,8831,1685820891
newOrder,18075,1,8831,1685820891
newOrder,9494,0,40890,1685820891
newOrder,24999,1,40890,1685820891
cancel,9494,,,1685821467
cancel,15823,,,1685821467
cancel,18075,,,1685821467
cancel,24999,,,1685821467
newOrder,15816,0,8829,1685821491
newOrder,18075,1,8829,1685821491
newOrder,12162,0,15631,1685821491
newOrder,24957,1,15631,1685821491
cancel,12162,,,1685822067
cancel,15816,,,1685822067
cancel,18075,,,1685822067
cancel,24957,,,1685822067
newOrder,15816,0,8829,1685822090
newOrder,18075,1,8829,1685822090
newOrder,9490,0,20824,1685822090
newOrder,24957,1,20824,1685822090
cancel,9490,,,1685822668
cancel,15816,,,1685822668
cancel,18075,,,1685822668
cancel,24957,,,1685822668
newOrder,15816,0,8830,1685822692
newOrder,18075,1,8830,1685822692
newOrder,9490,0,19785,1685822692
newOrder,24957,1,19785,1685822692
cancel,9490,,,1685823268
cancel,15816,,,1685823268
cancel,18075,,,1685823268
cancel,24957,,,1685823268
newOrder,15816,0,8830,1685823293
newOrder,18075,1,8830,1685823293
newOrder,12162,0,16447,1685823293
newOrder,24957,1,16447,1685823293
cancel,12162,,,1685823867
cancel,15816,,,1685823867
cancel,18075,,,1685823867
cancel,24957,,,1685823867
newOrder,15816,0,8831,1685823890
newOrder,18075,1,8831,1685823890
newOrder,9490,0,21601,1685823890
newOrder,24957,1,21601,1685823890
cancel,9490,,,1685824468
cancel,15816,,,1685824468
cancel,18075,,,1685824468
cancel,24957,,,1685824468
newOrder,15816,0,8831,1685824493
newOrder,18075,1,8831,1685824493
newOrder,9490,0,20914,1685824493
newOrder,24957,1,20914,1685824493
cancel,9490,,,1685825067
cancel,15816,,,1685825067
cancel,18075,,,1685825067
cancel,24957,,,1685825067
newOrder,15816,0,8832,1685825090
newOrder,18075,1,8832,1685825090
newOrder,9490,0,24173,1685825090
newOrder,24957,1,24173,1685825090
cancel,9490,,,1685825667
cancel,15816,,,1685825667
cancel,18075,,,1685825667
cancel,24957,,,1685825667
newOrder,15816,0,8833,1685825692
newOrder,18075,1,8833,1685825692
newOrder,9490,0,21811,1685825692
newOrder,24957,1,21811,1685825692
cancel,9490,,,1685826267
cancel,15816,,,1685826267
cancel,18075,,,1685826267
cancel,24957,,,1685826267
newOrder,15816,0,8833,1685826289
newOrder,18075,1,8833,1685826289
newOrder,9490,0,40538,1685826289
newOrder,24999,1,40538,1685826289
cancel,9490,,,1685826867
cancel,15816,,,1685826867
cancel,18075,,,1685826867
cancel,24999,,,1685826867
newOrder,15816,0,8834,1685826891
newOrder,18075,1,8834,1685826891
newOrder,9490,0,39931,1685826891
newOrder,24999,1,39931,1685826891
cancel,9490,,,1685827468
cancel,15816,,,1685827468
cancel,18075,,,1685827468
cancel,24999,,,1685827468
newOrder,15816,0,8834,1685827490
newOrder,18075,1,8834,1685827490
newOrder,9490,0,32160,1685827490
newOrder,24957,1,32160,1685827490
cancel,9490,,,1685828067
cancel,15816,,,1685828067
cancel,18075,,,1685828067
cancel,24957,,,1685828067
newOrder,15816,0,8835,1685828089
newOrder,18075,1,8835,1685828089
newOrder,15501,0,6012,1685828089
cancel,15501,,,1685828667
cancel,15816,,,1685828667
cancel,18075,,,1685828667
newOrder,15816,0,8836,1685828692
newOrder,18075,1,8836,1685828692
newOrder,9490,0,38597,1685828692
newOrder,24999,1,38597,1685828692
cancel,9490,,,1685829267
cancel,15816,,,1685829267
cancel,18075,,,1685829267
cancel,24999,,,1685829267
newOrder,15816,0,8836,1685829291
newOrder,18075,1,8836,1685829291
newOrder,9490,0,23533,1685829291
newOrder,24957,1,23533,1685829291
cancel,9490,,,1685829867
cancel,15816,,,1685829867
cancel,18075,,,1685829867
cancel,24957,,,1685829867
newOrder,15816,0,8837,1685829889
newOrder,18075,1,8837,1685829889
newOrder,9490,0,26088,1685829889
newOrder,24957,1,26088,1685829889
cancel,9490,,,1685830467
cancel,15816,,,1685830467
cancel,18075,,,1685830467
cancel,24957,,,1685830467
newOrder,15816,0,8837,1685830490
newOrder,18075,1,8837,1685830490
newOrder,9490,0,41244,1685830490
newOrder,24999,1,41244,1685830490
cancel,9490,,,1685831068
cancel,15816,,,1685831068
cancel,18075,,,1685831068
cancel,24999,,,1685831068
newOrder,15816,0,8838,1685831091
newOrder,18075,1,8838,1685831091
newOrder,9490,0,34523,1685831091
newOrder,24999,1,34523,1685831091
cancel,9490,,,1685831667
cancel,15816,,,1685831667
cancel,18075,,,1685831667
cancel,24999,,,1685831667
newOrder,15816,0,8838,1685831691
newOrder,18075,1,8838,1685831691
newOrder,9490,0,34829,1685831691
newOrder,24999,1,34829,1685831691
cancel,9490,,,1685832266
cancel,15816,,,1685832266
cancel,18075,,,1685832266
cancel,24999,,,1685832266
newOrder,15816,0,8839,1685832289
newOrder,18075,1,8839,1685832289
newOrder,12304,0,9966,1685832289
newOrder,24957,1,9966,1685832289
cancel,12304,,,1685832867
cancel,15816,,,1685832867
cancel,18075,,,1685832867
cancel,24957,,,1685832867
newOrder,15816,0,8840,1685832889
newOrder,18075,1,8840,1685832889
newOrder,9490,0,40770,1685832889
newOrder,24999,1,40770,1685832889
cancel,9490,,,1685833467
cancel,15816,,,1685833467
cancel,18075,,,1685833467
cancel,24999,,,1685833467
newOrder,15816,0,8840,1685833492
newOrder,18075,1,8840,1685833492
newOrder,9490,0,28122,1685833492
newOrder,24957,1,28122,1685833492
cancel,9490,,,1685834067
cancel,15816,,,1685834067
cancel,18075,,,1685834067
cancel,24957,,,1685834067
newOrder,15816,0,8841,1685834090
newOrder,18075,1,8841,1685834090
newOrder,12304,0,11520,1685834090
newOrder,24957,1,11520,1685834090
cancel,12304,,,1685834668
cancel,15816,,,1685834668
cancel,18075,,,1685834668
cancel,24957,,,1685834668
newOrder,15816,0,8841,1685834692
newOrder,18075,1,8841,1685834692
newOrder,9490,0,28339,1685834692
newOrder,24957,1,28339,1685834692
cancel,9490,,,1685835267
cancel,15816,,,1685835267
cancel,18075,,,1685835267
cancel,24957,,,1685835267
newOrder,15816,0,8842,1685835290
newOrder,18075,1,8842,1685835290
newOrder,15501,0,6239,1685835290
cancel,15501,,,1685835867
cancel,15816,,,1685835867
cancel,18075,,,1685835867
newOrder,15816,0,8843,1685835889
newOrder,18075,1,8843,1685835889
newOrder,9490,0,26166,1685835889
newOrder,24957,1,26166,1685835889
cancel,9490,,,1685836467
cancel,15816,,,1685836467
cancel,18075,,,1685836467
cancel,24957,,,1685836467
newOrder,15816,0,8843,1685836491
newOrder,18075,1,8843,1685836491
newOrder,9490,0,32059,1685836491
newOrder,24957,1,32059,1685836491
cancel,9490,,,1685837067
cancel,15816,,,1685837067
cancel,18075,,,1685837067
cancel,24957,,,1685837067
newOrder,15816,0,8844,1685837090
newOrder,18075,1,8844,1685837090
newOrder,9490,0,36794,1685837090
newOrder,24999,1,36794,1685837090
cancel,9490,,,1685837667
cancel,15816,,,1685837667
cancel,18075,,,1685837667
cancel,24999,,,1685837667
newOrder,15816,0,8844,1685837688
newOrder,18075,1,8844,1685837688
newOrder,15501,0,7802,1685837688
cancel,15501,,,1685838268
cancel,15816,,,1685838268
cancel,18075,,,1685838268
newOrder,15816,0,8845,1685838292
newOrder,18075,1,8845,1685838292
newOrder,9490,0,25404,1685838292
newOrder,24957,1,25404,1685838292
cancel,9490,,,1685838868
cancel,15816,,,1685838868
cancel,18075,,,1685838868
cancel,24957,,,1685838868
newOrder,15816,0,8845,1685838891
newOrder,18075,1,8845,1685838891
newOrder,9490,0,18373,1685838891
newOrder,24957,1,18373,1685838891
cancel,9490,,,1685839467
cancel,15816,,,1685839467
cancel,18075,,,1685839467
cancel,24957,,,1685839467
newOrder,15816,0,8846,1685839491
newOrder,18075,1,8846,1685839491
newOrder,9490,0,31863,1685839491
newOrder,24957,1,31863,1685839491
cancel,9490,,,1685840067
cancel,15816,,,1685840067
cancel,18075,,,1685840067
cancel,24957,,,1685840067
newOrder,15816,0,8847,1685840091
newOrder,18075,1,8847,1685840091
newOrder,9490,0,46947,1685840091
newOrder,24999,1,46947,1685840091
cancel,9490,,,1685840668
cancel,15816,,,1685840668
cancel,18075,,,1685840668
cancel,24999,,,1685840668
newOrder,15816,0,8847,1685840689
newOrder,18075,1,8847,1685840689
newOrder,9490,0,46129,1685840689
newOrder,24999,1,46129,1685840689
cancel,9490,,,1685841269
cancel,15816,,,1685841269
cancel,18075,,,1685841269
cancel,24999,,,1685841269
newOrder,15816,0,8848,1685841293
newOrder,18075,1,8848,1685841293
newOrder,9490,0,45734,1685841293
newOrder,24999,1,45734,1685841293
cancel,9490,,,1685841867
cancel,15816,,,1685841867
cancel,18075,,,1685841867
cancel,24999,,,1685841867
newOrder,15816,0,8848,1685841892
newOrder,18075,1,8848,1685841892
newOrder,9490,0,25954,1685841892
newOrder,24957,1,25954,1685841892
cancel,9490,,,1685842467
cancel,15816,,,1685842467
cancel,18075,,,1685842467
cancel,24957,,,1685842467
newOrder,15816,0,8849,1685842490
newOrder,18075,1,8849,1685842490
newOrder,12304,0,12298,1685842490
newOrder,24957,1,12298,1685842490
cancel,12304,,,1685843067
cancel,15816,,,1685843067
cancel,18075,,,1685843067
cancel,24957,,,1685843067
newOrder,15816,0,8849,1685843089
newOrder,18075,1,8849,1685843089
newOrder,12304,0,10774,1685843089
newOrder,24957,1,10774,1685843089
cancel,12304,,,1685843667
cancel,15816,,,1685843667
cancel,18075,,,1685843667
cancel,24957,,,1685843667
newOrder,15816,0,8850,1685843690
newOrder,18075,1,8850,1685843690
newOrder,9490,0,21235,1685843690
newOrder,24957,1,21235,1685843690
cancel,9490,,,1685844267
cancel,15816,,,1685844267
cancel,18075,,,1685844267
cancel,24957,,,1685844267
newOrder,15816,0,8851,1685844289
newOrder,18075,1,8851,1685844289
newOrder,9490,0,33320,1685844289
newOrder,24957,1,33320,1685844289
cancel,9490,,,1685844867
cancel,15816,,,1685844867
cancel,18075,,,1685844867
cancel,24957,,,1685844867
newOrder,15816,0,8851,1685844891
newOrder,18075,1,8851,1685844891
newOrder,9490,0,45954,1685844891
newOrder,24999,1,45954,1685844891
cancel,9490,,,1685845467
cancel,15816,,,1685845467
cancel,18075,,,1685845467
cancel,24999,,,1685845467
newOrder,15816,0,8852,1685845489
newOrder,18075,1,8852,1685845489
newOrder,9490,0,39884,1685845489
newOrder,24999,1,39884,1685845489
cancel,9490,,,1685846069
cancel,15816,,,1685846069
cancel,18075,,,1685846069
cancel,24999,,,1685846069
newOrder,15770,0,8829,1685846092
newOrder,18075,1,8829,1685846092
newOrder,9462,0,40195,1685846092
newOrder,24999,1,40195,1685846092
cancel,9462,,,1685846667
cancel,15770,,,1685846667
cancel,18075,,,1685846667
cancel,24999,,,1685846667
newOrder,15769,0,8830,1685846689
newOrder,18075,1,8830,1685846689
newOrder,15501,0,7035,1685846689
cancel,15501,,,1685847267
cancel,15769,,,1685847267
cancel,18075,,,1685847267
newOrder,15769,0,8830,1685847291
newOrder,18075,1,8830,1685847291
newOrder,9462,0,22158,1685847291
newOrder,24957,1,22158,1685847291
cancel,9462,,,1685847867
cancel,15769,,,1685847867
cancel,18075,,,1685847867
cancel,24957,,,1685847867
newOrder,15768,0,8831,1685847891
newOrder,18075,1,8831,1685847891
newOrder,9461,0,34465,1685847891
newOrder,24957,1,34465,1685847891
cancel,9461,,,1685848467
cancel,15768,,,1685848467
cancel,18075,,,1685848467
cancel,24957,,,1685848467
newOrder,15768,0,8831,1685848490
newOrder,18075,1,8831,1685848490
newOrder,9461,0,28402,1685848490
newOrder,24957,1,28402,1685848490
cancel,9461,,,1685849067
cancel,15768,,,1685849067
cancel,18075,,,1685849067
cancel,24957,,,1685849067
newOrder,16025,0,8947,1685849091
newOrder,18075,1,8947,1685849091
newOrder,9615,0,33027,1685849091
newOrder,24957,1,33027,1685849091
cancel,9615,,,1685849667
cancel,16025,,,1685849667
cancel,18075,,,1685849667
cancel,24957,,,1685849667
newOrder,16024,0,8947,1685849690
newOrder,18075,1,8947,1685849690
newOrder,12304,0,10617,1685849690
newOrder,24957,1,10617,1685849690
cancel,12304,,,1685850267
cancel,16024,,,1685850267
cancel,18075,,,1685850267
cancel,24957,,,1685850267
newOrder,16025,0,8948,1685850290
newOrder,18075,1,8948,1685850290
newOrder,12162,0,14234,1685850290
newOrder,24957,1,14234,1685850290
cancel,12162,,,1685850867
cancel,16025,,,1685850867
cancel,18075,,,1685850867
cancel,24957,,,1685850867
newOrder,16024,0,8948,1685850889
newOrder,18075,1,8948,1685850889
newOrder,9615,0,25304,1685850889
newOrder,24957,1,25304,1685850889
cancel,9615,,,1685851467
cancel,16024,,,1685851467
cancel,18075,,,1685851467
cancel,24957,,,1685851467
newOrder,16025,0,8949,1685851491
newOrder,18075,1,8949,1685851491
newOrder,9615,0,41215,1685851491
newOrder,24999,1,41215,1685851491
cancel,9615,,,1685852067
cancel,16025,,,1685852067
cancel,18075,,,1685852067
cancel,24999,,,1685852067
newOrder,16026,0,8950,1685852091
newOrder,18075,1,8950,1685852091
newOrder,9615,0,18706,1685852091
newOrder,24957,1,18706,1685852091
cancel,9615,,,1685852667
cancel,16026,,,1685852667
cancel,18075,,,1685852667
cancel,24957,,,1685852667
newOrder,16025,0,8951,1685852692
newOrder,18075,1,8951,1685852692
newOrder,9615,0,31105,1685852692
newOrder,24957,1,31105,1685852692
cancel,9615,,,1685853267
cancel,16025,,,1685853267
cancel,18075,,,1685853267
cancel,24957,,,1685853267
newOrder,16025,0,8951,1685853291
newOrder,18075,1,8951,1685853291
newOrder,9615,0,30908,1685853291
newOrder,24957,1,30908,1685853291
cancel,9615,,,1685853867
cancel,16025,,,1685853867
cancel,18075,,,1685853867
cancel,24957,,,1685853867
newOrder,16025,0,8952,1685853890
newOrder,18075,1,8952,1685853890
newOrder,9615,0,35625,1685853890
newOrder,24999,1,35625,1685853890
cancel,9615,,,1685854467
cancel,16025,,,1685854467
cancel,18075,,,1685854467
cancel,24999,,,1685854467
newOrder,16026,0,8953,1685854491
newOrder,18075,1,8953,1685854491
newOrder,9615,0,34855,1685854491
newOrder,24999,1,34855,1685854491
cancel,9615,,,1685855068
cancel,16026,,,1685855068
cancel,18075,,,1685855068
cancel,24999,,,1685855068
newOrder,16025,0,8953,1685855090
newOrder,18075,1,8953,1685855090
newOrder,9615,0,20542,1685855090
newOrder,24957,1,20542,1685855090
cancel,9615,,,1685855667
cancel,16025,,,1685855667
cancel,18075,,,1685855667
cancel,24957,,,1685855667
newOrder,16024,0,8953,1685855691
newOrder,18075,1,8953,1685855691
newOrder,12304,0,12982,1685855691
newOrder,24957,1,12982,1685855691
cancel,12304,,,1685856267
cancel,16024,,,1685856267
cancel,18075,,,1685856267
cancel,24957,,,1685856267
newOrder,16025,0,8954,1685856289
newOrder,18075,1,8954,1685856289
newOrder,9615,0,43025,1685856289
newOrder,24999,1,43025,1685856289
cancel,9615,,,1685856868
cancel,16025,,,1685856868
cancel,18075,,,1685856868
cancel,24999,,,1685856868
newOrder,16024,0,8955,1685856890
newOrder,18075,1,8955,1685856890
newOrder,9615,0,38270,1685856890
newOrder,24999,1,38270,1685856890
cancel,9615,,,1685857467
cancel,16024,,,1685857467
cancel,18075,,,1685857467
cancel,24999,,,1685857467
newOrder,16024,0,8955,1685857490
newOrder,18075,1,8955,1685857490
newOrder,9614,0,40568,1685857490
newOrder,24999,1,40568,1685857490
cancel,9614,,,1685858066
cancel,16024,,,1685858066
cancel,18075,,,1685858066
cancel,24999,,,1685858066
newOrder,16024,0,8956,1685858093
newOrder,18075,1,8956,1685858093
newOrder,12304,0,11371,1685858093
newOrder,24957,1,11371,1685858093
cancel,12304,,,1685858667
cancel,16024,,,1685858667
cancel,18075,,,1685858667
cancel,24957,,,1685858667
newOrder,16024,0,8957,1685858690
newOrder,18075,1,8957,1685858690
newOrder,12013,0,16758,1685858690
newOrder,24957,1,16758,1685858690
cancel,12013,,,1685859267
cancel,16024,,,1685859267
cancel,18075,,,1685859267
cancel,24957,,,1685859267
newOrder,16024,0,8957,1685859291
newOrder,18075,1,8957,1685859291
newOrder,12013,0,17096,1685859291
newOrder,24957,1,17096,1685859291
cancel,12013,,,1685859868
cancel,16024,,,1685859868
cancel,18075,,,1685859868
cancel,24957,,,1685859868
newOrder,16024,0,8958,1685859891
newOrder,18075,1,8958,1685859891
newOrder,9614,0,24776,1685859891
newOrder,24957,1,24776,1685859891
cancel,9614,,,1685860467
cancel,16024,,,1685860467
cancel,18075,,,1685860467
cancel,24957,,,1685860467
newOrder,16024,0,8958,1685860490
newOrder,18075,1,8958,1685860490
newOrder,9615,0,42410,1685860490
newOrder,24999,1,42410,1685860490
cancel,9615,,,1685861067
cancel,16024,,,1685861067
cancel,18075,,,1685861067
cancel,24999,,,1685861067
newOrder,16024,0,8959,1685861092
newOrder,18075,1,8959,1685861092
newOrder,9615,0,32782,1685861092
newOrder,24957,1,32782,1685861092
cancel,9615,,,1685861667
cancel,16024,,,1685861667
cancel,18075,,,1685861667
cancel,24957,,,1685861667
newOrder,16024,0,8960,1685861692
newOrder,18075,1,8960,1685861692
newOrder,9615,0,46394,1685861692
newOrder,24999,1,46394,1685861692
cancel,9615,,,1685862267
cancel,16024,,,1685862267
cancel,18075,,,1685862267
cancel,24999,,,1685862267
newOrder,16024,0,8960,1685862290
newOrder,18075,1,8960,1685862290
newOrder,9614,0,19707,1685862290
newOrder,24957,1,19707,1685862290
cancel,9614,,,1685862867
cancel,16024,,,1685862867
cancel,18075,,,1685862867
cancel,24957,,,1685862867
newOrder,16024,0,8961,1685862889
newOrder,18075,1,8961,1685862889
newOrder,12304,0,12331,1685862889
newOrder,24957,1,12331,1685862889
cancel,12304,,,1685863468
cancel,16024,,,1685863468
cancel,18075,,,1685863468
cancel,24957,,,1685863468
newOrder,16024,0,8961,1685863489
newOrder,18075,1,8961,1685863489
newOrder,9614,0,43693,1685863489
newOrder,24999,1,43693,1685863489
cancel,9614,,,1685864068
cancel,16024,,,1685864068
cancel,18075,,,1685864068
cancel,24999,,,1685864068
newOrder,16024,0,8962,1685864092
newOrder,18075,1,8962,1685864092
newOrder,9615,0,19664,1685864092
newOrder,24957,1,19664,1685864092
cancel,9615,,,1685864667
cancel,16024,,,1685864667
cancel,18075,,,1685864667
cancel,24957,,,1685864667
newOrder,16025,0,8963,1685864691
newOrder,18075,1,8963,1685864691
newOrder,12013,0,17096,1685864691
newOrder,24957,1,17096,1685864691
cancel,12013,,,1685865267
cancel,16025,,,1685865267
cancel,18075,,,1685865267
cancel,24957,,,1685865267
newOrder,16053,0,8974,1685865291
newOrder,18075,1,8974,1685865291
newOrder,9632,0,40137,1685865291
newOrder,24999,1,40137,1685865291
cancel,9632,,,1685865867
cancel,16053,,,1685865867
cancel,18075,,,1685865867
cancel,24999,,,1685865867
newOrder,16053,0,8975,1685865891
newOrder,18075,1,8975,1685865891
newOrder,9632,0,18480,1685865891
newOrder,24957,1,18480,1685865891
cancel,9632,,,1685866468
cancel,16053,,,1685866468
cancel,18075,,,1685866468
cancel,24957,,,1685866468
newOrder,16029,0,8967,1685866492
newOrder,18075,1,8967,1685866492
newOrder,12304,0,11674,1685866492
newOrder,24957,1,11674,1685866492
cancel,12304,,,1685867067
cancel,16029,,,1685867067
cancel,18075,,,1685867067
cancel,24957,,,1685867067
newOrder,16029,0,8967,1685867088
newOrder,18075,1,8967,1685867088
newOrder,15501,0,7859,1685867088
cancel,15501,,,1685867667
cancel,16029,,,1685867667
cancel,18075,,,1685867667
newOrder,16011,0,8961,1685867691
newOrder,18075,1,8961,1685867691
newOrder,9607,0,25309,1685867691
newOrder,24957,1,25309,1685867691
cancel,9607,,,1685868267
cancel,16011,,,1685868267
cancel,18075,,,1685868267
cancel,24957,,,1685868267
newOrder,16010,0,8961,1685868289
newOrder,18075,1,8961,1685868289
newOrder,12304,0,11549,1685868289
newOrder,24957,1,11549,1685868289
cancel,12304,,,1685868867
cancel,16010,,,1685868867
cancel,18075,,,1685868867
cancel,24957,,,1685868867
newOrder,16011,0,8962,1685868889
newOrder,18075,1,8962,1685868889
newOrder,9606,0,26826,1685868889
newOrder,24957,1,26826,1685868889
cancel,9606,,,1685869467
cancel,16011,,,1685869467
cancel,18075,,,1685869467
cancel,24957,,,1685869467
newOrder,16011,0,8962,1685869490
newOrder,18075,1,8962,1685869490
newOrder,9606,0,41494,1685869490
newOrder,24999,1,41494,1685869490
cancel,9606,,,1685870067
cancel,16011,,,1685870067
cancel,18075,,,1685870067
cancel,24999,,,1685870067
newOrder,16011,0,8963,1685870090
newOrder,18075,1,8963,1685870090
newOrder,12162,0,14905,1685870090
newOrder,24957,1,14905,1685870090
cancel,12162,,,1685870667
cancel,16011,,,1685870667
cancel,18075,,,1685870667
cancel,24957,,,1685870667
newOrder,16010,0,8963,1685870691
newOrder,18075,1,8963,1685870691
newOrder,9606,0,23089,1685870691
newOrder,24957,1,23089,1685870691
cancel,9606,,,1685871267
cancel,16010,,,1685871267
cancel,18075,,,1685871267
cancel,24957,,,1685871267
newOrder,16010,0,8964,1685871289
newOrder,18075,1,8964,1685871289
newOrder,15501,0,7223,1685871289
cancel,15501,,,1685871867
cancel,16010,,,1685871867
cancel,18075,,,1685871867
newOrder,16011,0,8965,1685871891
newOrder,18075,1,8965,1685871891
newOrder,9606,0,36272,1685871891
newOrder,24999,1,36272,1685871891
cancel,9606,,,1685872467
cancel,16011,,,1685872467
cancel,18075,,,1685872467
cancel,24999,,,1685872467
newOrder,16011,0,8966,1685872490
newOrder,18075,1,8966,1685872490
newOrder,9607,0,30970,1685872490
newOrder,24957,1,30970,1685872490
cancel,9607,,,1685873067
cancel,16011,,,1685873067
cancel,18075,,,1685873067
cancel,24957,,,1685873067
newOrder,16012,0,8967,1685873093
newOrder,18075,1,8967,1685873093
newOrder,9607,0,31178,1685873093
newOrder,24957,1,31178,1685873093
cancel,9607,,,1685873668
cancel,16012,,,1685873668
cancel,18075,,,1685873668
cancel,24957,,,1685873668
newOrder,16011,0,8967,1685873691
newOrder,18075,1,8967,1685873691
newOrder,9607,0,32851,1685873691
newOrder,24957,1,32851,1685873691
cancel,9607,,,1685874268
cancel,16011,,,1685874268
cancel,18075,,,1685874268
cancel,24957,,,1685874268
newOrder,16012,0,8968,1685874292
newOrder,18075,1,8968,1685874292
newOrder,12162,0,16569,1685874292
newOrder,24957,1,16569,1685874292
cancel,12162,,,1685874867
cancel,16012,,,1685874867
cancel,18075,,,1685874867
cancel,24957,,,1685874867
newOrder,16011,0,8968,1685874889
newOrder,18075,1,8968,1685874889
newOrder,9607,0,34461,1685874889
newOrder,24957,1,34461,1685874889
cancel,9607,,,1685875468
cancel,16011,,,1685875468
cancel,18075,,,1685875468
cancel,24957,,,1685875468
newOrder,16011,0,8969,1685875493
newOrder,18075,1,8969,1685875493
newOrder,9607,0,19740,1685875493
newOrder,24957,1,19740,1685875493
cancel,9607,,,1685876068
cancel,16011,,,1685876068
cancel,18075,,,1685876068
cancel,24957,,,1685876068
newOrder,16011,0,8969,1685876092
newOrder,18075,1,8969,1685876092
newOrder,9607,0,33295,1685876092
newOrder,24957,1,33295,1685876092
cancel,9607,,,1685876667
cancel,16011,,,1685876667
cancel,18075,,,1685876667
cancel,24957,,,1685876667
newOrder,16012,0,8970,1685876688
newOrder,18075,1,8970,1685876688
newOrder,12304,0,9239,1685876688
cancel,12304,,,1685877268
cancel,16012,,,1685877268
cancel,18075,,,1685877268
newOrder,16011,0,8971,1685877291
newOrder,18075,1,8971,1685877291
newOrder,9607,0,25763,1685877291
newOrder,24957,1,25763,1685877291
cancel,9607,,,1685877868
cancel,16011,,,1685877868
cancel,18075,,,1685877868
cancel,24957,,,1685877868
newOrder,16011,0,8971,1685877891
newOrder,18075,1,8971,1685877891
newOrder,12002,0,17875,1685877891
newOrder,24957,1,17875,1685877891
cancel,12002,,,1685878468
cancel,16011,,,1685878468
cancel,18075,,,1685878468
cancel,24957,,,1685878468
newOrder,16012,0,8972,1685878492
newOrder,18075,1,8972,1685878492
newOrder,12304,0,13965,1685878492
newOrder,24957,1,13965,1685878492
cancel,12304,,,1685879067
cancel,16012,,,1685879067
cancel,18075,,,1685879067
cancel,24957,,,1685879067
newOrder,16012,0,8973,1685879091
newOrder,18075,1,8973,1685879091
newOrder,9607,0,28980,1685879091
newOrder,24957,1,28980,1685879091
cancel,9607,,,1685879668
cancel,16012,,,1685879668
cancel,18075,,,1685879668
cancel,24957,,,1685879668
newOrder,16011,0,8973,1685879692
newOrder,18075,1,8973,1685879692
newOrder,9607,0,26089,1685879692
newOrder,24957,1,26089,1685879692
cancel,9607,,,1685880268
cancel,16011,,,1685880268
cancel,18075,,,1685880268
cancel,24957,,,1685880268
newOrder,16012,0,8974,1685880291
newOrder,18075,1,8974,1685880291
newOrder,12304,0,12466,1685880291
newOrder,24957,1,12466,1685880291