instruction,price,side,qty,time
cancel,11864,,,1675771980
cancel,19773,,,1675771980
cancel,20203,,,1675771980
cancel,24999,,,1675771980
newOrder,19773,0,25163,1675772019
newOrder,20203,1,25163,1675772019
newOrder,11864,0,100652,1675772019
newOrder,24999,1,100652,1675772019
cancel,11864,,,1675772572
cancel,19773,,,1675772572
cancel,20203,,,1675772572
cancel,24999,,,1675772572
newOrder,19773,0,25165,1675772611
newOrder,20203,1,25165,1675772611
newOrder,11864,0,100661,1675772611
newOrder,24999,1,100661,1675772611
cancel,11864,,,1675773172
cancel,19773,,,1675773172
cancel,20203,,,1675773172
cancel,24999,,,1675773172
newOrder,19773,0,25168,1675773197
newOrder,20203,1,25168,1675773197
newOrder,11864,0,100670,1675773197
newOrder,24999,1,100670,1675773197
cancel,11864,,,1675773773
cancel,19773,,,1675773773
cancel,20203,,,1675773773
cancel,24999,,,1675773773
newOrder,19773,0,25170,1675773794
newOrder,20203,1,25170,1675773794
newOrder,11864,0,100679,1675773794
newOrder,24999,1,100679,1675773794
cancel,11864,,,1675774373
cancel,19773,,,1675774373
cancel,20203,,,1675774373
cancel,24999,,,1675774373
newOrder,19773,0,25172,1675774413
newOrder,20203,1,25172,1675774413
newOrder,11864,0,100689,1675774413
newOrder,24999,1,100689,1675774413
cancel,11864,,,1675774978
cancel,19773,,,1675774978
cancel,20203,,,1675774978
cancel,24999,,,1675774978
newOrder,19773,0,25175,1675775014
newOrder,20203,1,25175,1675775014
newOrder,11864,0,100698,1675775014
newOrder,24999,1,100698,1675775014
cancel,11864,,,1675775576
cancel,19773,,,1675775576
cancel,20203,,,1675775576
cancel,24999,,,1675775576
newOrder,19773,0,25177,1675775620
newOrder,20203,1,25177,1675775620
newOrder,11864,0,100708,1675775620
newOrder,24999,1,100708,1675775620
cancel,11864,,,1675776173
cancel,19773,,,1675776173
cancel,20203,,,1675776173
cancel,24999,,,1675776173
newOrder,19773,0,25179,1675776210
newOrder,20203,1,25179,1675776210
newOrder,11864,0,100717,1675776210
newOrder,24999,1,100717,1675776210
cancel,11864,,,1675776772
cancel,19773,,,1675776772
cancel,20203,,,1675776772
cancel,24999,,,1675776772
newOrder,19773,0,25181,1675776811
newOrder,20203,1,25181,1675776811
newOrder,11864,0,100726,1675776811
newOrder,24999,1,100726,1675776811
cancel,11864,,,1675777378
cancel,19773,,,1675777378
cancel,20203,,,1675777378
cancel,24999,,,1675777378
newOrder,19773,0,25184,1675777394
newOrder,20203,1,25184,1675777394
newOrder,11864,0,100735,1675777394
newOrder,24999,1,100735,1675777394
cancel,11864,,,1675777974
cancel,19773,,,1675777974
cancel,20203,,,1675777974
cancel,24999,,,1675777974
newOrder,19773,0,25186,1675778009
newOrder,20203,1,25186,1675778009
newOrder,11864,0,100744,1675778009
newOrder,24999,1,100744,1675778009
cancel,11864,,,1675778573
cancel,19773,,,1675778573
cancel,20203,,,1675778573
cancel,24999,,,1675778573
newOrder,19773,0,25188,1675778596
newOrder,20203,1,25188,1675778596
newOrder,11864,0,100754,1675778596
newOrder,24999,1,100754,1675778596
cancel,11864,,,1675779173
cancel,19773,,,1675779173
cancel,20203,,,1675779173
cancel,24999,,,1675779173
newOrder,19773,0,25191,1675779201
newOrder,20203,1,25191,1675779201
newOrder,11864,0,100763,1675779201
newOrder,24999,1,100763,1675779201
cancel,11864,,,1675779773
cancel,19773,,,1675779773
cancel,20203,,,1675779773
cancel,24999,,,1675779773
newOrder,19773,0,25193,1675779796
newOrder,20203,1,25193,1675779796
newOrder,11864,0,100772,1675779796
newOrder,24999,1,100772,1675779796
cancel,11864,,,1675780373
cancel,19773,,,1675780373
cancel,20203,,,1675780373
cancel,24999,,,1675780373
newOrder,19775,0,25191,1675780413
newOrder,20203,1,25191,1675780413
newOrder,11865,0,100765,1675780413
newOrder,24999,1,100765,1675780413
cancel,11865,,,1675780973
cancel,19775,,,1675780973
cancel,20203,,,1675780973
cancel,24999,,,1675780973
newOrder,19766,0,25211,1675781019
newOrder,20203,1,25211,1675781019
newOrder,11860,0,100843,1675781019
newOrder,24999,1,100843,1675781019
cancel,11860,,,1675781573
cancel,19766,,,1675781573
cancel,20203,,,1675781573
cancel,24999,,,1675781573
newOrder,19738,0,25263,1675781610
newOrder,20203,1,25263,1675781610
newOrder,11843,0,101054,1675781610
newOrder,24999,1,101054,1675781610
cancel,11843,,,1675782175
cancel,19738,,,1675782175
cancel,20203,,,1675782175
cancel,24999,,,1675782175
newOrder,19737,0,25268,1675782204
newOrder,20203,1,25268,1675782204
newOrder,11842,0,101073,1675782204
newOrder,24999,1,101073,1675782204
cancel,11842,,,1675782778
cancel,19737,,,1675782778
cancel,20203,,,1675782778
cancel,24999,,,1675782778
newOrder,19766,0,25218,1675782814
newOrder,20203,1,25218,1675782814
newOrder,11860,0,100871,1675782814
newOrder,24999,1,100871,1675782814
cancel,11860,,,1675783382
cancel,19766,,,1675783382
cancel,20203,,,1675783382
cancel,24999,,,1675783382
newOrder,19766,0,25220,1675783422
newOrder,20203,1,25220,1675783422
newOrder,11860,0,100880,1675783422
newOrder,24999,1,100880,1675783422
cancel,11860,,,1675783980
cancel,19766,,,1675783980
cancel,20203,,,1675783980
cancel,24999,,,1675783980
newOrder,19737,0,25275,1675784015
newOrder,20203,1,25275,1675784015
newOrder,11842,0,101101,1675784015
newOrder,24999,1,101101,1675784015
cancel,11842,,,1675784577
cancel,19737,,,1675784577
cancel,20203,,,1675784577
cancel,24999,,,1675784577
newOrder,19737,0,25277,1675784609
newOrder,20203,1,25277,1675784609
newOrder,11842,0,101110,1675784609
newOrder,24999,1,101110,1675784609
cancel,11842,,,1675785172
cancel,19737,,,1675785172
cancel,20203,,,1675785172
cancel,24999,,,1675785172
newOrder,19737,0,25280,1675785206
newOrder,20203,1,25280,1675785206
newOrder,11842,0,101120,1675785206
newOrder,24999,1,101120,1675785206
cancel,11842,,,1675785776
cancel,19737,,,1675785776
cancel,20203,,,1675785776
cancel,24999,,,1675785776
newOrder,19738,0,25280,1675785791
newOrder,20203,1,25280,1675785791
newOrder,11843,0,101119,1675785791
newOrder,24999,1,101119,1675785791
cancel,11843,,,1675786374
cancel,19738,,,1675786374
cancel,20203,,,1675786374
cancel,24999,,,1675786374
newOrder,19738,0,25282,1675786416
newOrder,20203,1,25282,1675786416
newOrder,11843,0,101129,1675786416
newOrder,24999,1,101129,1675786416
cancel,11843,,,1675786974
cancel,19738,,,1675786974
cancel,20203,,,1675786974
cancel,24999,,,1675786974
newOrder,19766,0,25234,1675787025
newOrder,20203,1,25234,1675787025
newOrder,11860,0,100936,1675787025
newOrder,24999,1,100936,1675787025
cancel,11860,,,1675787582
cancel,19766,,,1675787582
cancel,20203,,,1675787582
cancel,24999,,,1675787582
newOrder,19737,0,25290,1675787615
newOrder,20203,1,25290,1675787615
newOrder,11842,0,101160,1675787615
newOrder,24999,1,101160,1675787615
cancel,11842,,,1675788172
cancel,19737,,,1675788172
cancel,20203,,,1675788172
cancel,24999,,,1675788172
newOrder,19737,0,25292,1675788217
newOrder,20203,1,25292,1675788217
newOrder,11842,0,101167,1675788217
newOrder,24999,1,101167,1675788217
cancel,11842,,,1675788774
cancel,19737,,,1675788774
cancel,20203,,,1675788774
cancel,24999,,,1675788774
newOrder,19737,0,25294,1675788802
newOrder,20203,1,25294,1675788802
newOrder,11842,0,101176,1675788802
newOrder,24999,1,101176,1675788802
cancel,11842,,,1675789377
cancel,19737,,,1675789377
cancel,20203,,,1675789377
cancel,24999,,,1675789377
newOrder,19738,0,25294,1675789395
newOrder,20203,1,25294,1675789395
newOrder,11843,0,101176,1675789395
newOrder,24999,1,101176,1675789395
cancel,11843,,,1675789973
cancel,19738,,,1675789973
cancel,20203,,,1675789973
cancel,24999,,,1675789973
newOrder,19738,0,25296,1675790012
newOrder,20203,1,25296,1675790012
newOrder,11843,0,101185,1675790012
newOrder,24999,1,101185,1675790012
cancel,11843,,,1675790572
cancel,19738,,,1675790572
cancel,20203,,,1675790572
cancel,24999,,,1675790572
newOrder,19797,0,25145,1675790613
newOrder,20227,1,25145,1675790613
newOrder,11878,0,100579,1675790613
newOrder,24999,1,100579,1675790613
cancel,11878,,,1675791172
cancel,19797,,,1675791172
cancel,20227,,,1675791172
cancel,24999,,,1675791172
newOrder,19797,0,25147,1675791208
newOrder,20227,1,25147,1675791208
newOrder,11878,0,100588,1675791208
newOrder,24999,1,100588,1675791208
cancel,11878,,,1675791773
cancel,19797,,,1675791773
cancel,20227,,,1675791773
cancel,24999,,,1675791773
newOrder,19797,0,25149,1675791819
newOrder,20227,1,25149,1675791819
newOrder,11878,0,100598,1675791819
newOrder,24999,1,100598,1675791819
cancel,11878,,,1675792374
cancel,19797,,,1675792374
cancel,20227,,,1675792374
cancel,24999,,,1675792374
newOrder,19797,0,25152,1675792420
newOrder,20227,1,25152,1675792420
newOrder,11878,0,100607,1675792420
newOrder,24999,1,100607,1675792420
cancel,11878,,,1675792976
cancel,19797,,,1675792976
cancel,20227,,,1675792976
cancel,24999,,,1675792976
newOrder,19797,0,25154,1675792998
newOrder,20227,1,25154,1675792998
newOrder,11878,0,100616,1675792998
newOrder,24999,1,100616,1675792998
cancel,11878,,,1675793576
cancel,19797,,,1675793576
cancel,20227,,,1675793576
cancel,24999,,,1675793576
newOrder,19797,0,25156,1675793617
newOrder,20227,1,25156,1675793617
newOrder,11878,0,100625,1675793617
newOrder,24999,1,100625,1675793617
cancel,11878,,,1675794182
cancel,19797,,,1675794182
cancel,20227,,,1675794182
cancel,24999,,,1675794182
newOrder,19797,0,25159,1675794216
newOrder,20227,1,25159,1675794216
newOrder,11878,0,100635,1675794216
newOrder,24999,1,100635,1675794216
cancel,11878,,,1675794774
cancel,19797,,,1675794774
cancel,20227,,,1675794774
cancel,24999,,,1675794774
newOrder,19797,0,25161,1675794827
newOrder,20227,1,25161,1675794827
newOrder,11878,0,100644,1675794827
newOrder,24999,1,100644,1675794827
cancel,11878,,,1675795373
cancel,19797,,,1675795373
cancel,20227,,,1675795373
cancel,24999,,,1675795373
newOrder,19797,0,25163,1675795410
newOrder,20227,1,25163,1675795410
newOrder,11878,0,100653,1675795410
newOrder,24999,1,100653,1675795410
cancel,11878,,,1675795972
cancel,19797,,,1675795972
cancel,20227,,,1675795972
cancel,24999,,,1675795972
newOrder,19532,0,25685,1675796012
newOrder,20203,1,25685,1675796012
newOrder,11719,0,102739,1675796012
newOrder,24999,1,102739,1675796012
cancel,11719,,,1675796576
cancel,19532,,,1675796576
cancel,20203,,,1675796576
cancel,24999,,,1675796576
newOrder,19574,0,25615,1675796624
newOrder,20203,1,25615,1675796624
newOrder,11744,0,102462,1675796624
newOrder,24999,1,102462,1675796624
cancel,11744,,,1675797172
cancel,19574,,,1675797172
cancel,20203,,,1675797172
cancel,24999,,,1675797172
newOrder,19669,0,25451,1675797180
newOrder,20203,1,25451,1675797180
newOrder,11801,0,101805,1675797180
newOrder,24999,1,101805,1675797180
cancel,11801,,,1675797774
cancel,19669,,,1675797774
cancel,20203,,,1675797774
cancel,24999,,,1675797774
newOrder,19743,0,25319,1675797782
newOrder,20203,1,25319,1675797782
newOrder,11846,0,101278,1675797782
newOrder,24999,1,101278,1675797782
cancel,11846,,,1675798374
cancel,19743,,,1675798374
cancel,20203,,,1675798374
cancel,24999,,,1675798374
newOrder,19743,0,25322,1675798388
newOrder,20203,1,25322,1675798388
newOrder,11846,0,101287,1675798388
newOrder,24999,1,101287,1675798388
cancel,11846,,,1675798973
cancel,19743,,,1675798973
cancel,20203,,,1675798973
cancel,24999,,,1675798973
newOrder,19743,0,25324,1675798982
newOrder,20203,1,25324,1675798982
newOrder,11846,0,101296,1675798982
newOrder,24999,1,101296,1675798982
cancel,11846,,,1675799574
cancel,19743,,,1675799574
cancel,20203,,,1675799574
cancel,24999,,,1675799574
newOrder,19743,0,25326,1675799581
newOrder,20203,1,25326,1675799581
newOrder,11846,0,101306,1675799581
newOrder,24999,1,101306,1675799581
cancel,11846,,,1675800173
cancel,19743,,,1675800173
cancel,20203,,,1675800173
cancel,24999,,,1675800173
newOrder,19743,0,25329,1675800180
newOrder,20203,1,25329,1675800180
newOrder,11846,0,101315,1675800180
newOrder,24999,1,101315,1675800180
cancel,11846,,,1675800772
cancel,19743,,,1675800772
cancel,20203,,,1675800772
cancel,24999,,,1675800772
newOrder,19743,0,25331,1675800780
newOrder,20203,1,25331,1675800780
newOrder,11846,0,101325,1675800780
newOrder,24999,1,101325,1675800780
cancel,11846,,,1675801373
cancel,19743,,,1675801373
cancel,20203,,,1675801373
cancel,24999,,,1675801373
newOrder,19797,0,25198,1675801381
newOrder,20221,1,25198,1675801381
newOrder,11878,0,100793,1675801381
newOrder,24999,1,100793,1675801381
cancel,11878,,,1675801974
cancel,19797,,,1675801974
cancel,20221,,,1675801974
cancel,24999,,,1675801974
newOrder,19797,0,25201,1675801982
newOrder,20221,1,25201,1675801982
newOrder,11878,0,100802,1675801982
newOrder,24999,1,100802,1675801982
cancel,11878,,,1675802579
cancel,19797,,,1675802579
cancel,20221,,,1675802579
cancel,24999,,,1675802579
newOrder,19797,0,25203,1675802598
newOrder,20221,1,25203,1675802598
newOrder,11878,0,100812,1675802598
newOrder,24999,1,100812,1675802598
cancel,11878,,,1675803174
cancel,19797,,,1675803174
cancel,20221,,,1675803174
cancel,24999,,,1675803174
newOrder,19797,0,25205,1675803208
newOrder,20221,1,25205,1675803208
newOrder,11878,0,100821,1675803208
newOrder,24999,1,100821,1675803208
cancel,11878,,,1675803775
cancel,19797,,,1675803775
cancel,20221,,,1675803775
cancel,24999,,,1675803775
newOrder,19797,0,25208,1675803795
newOrder,20221,1,25208,1675803795
newOrder,11878,0,100830,1675803795
newOrder,24999,1,100830,1675803795
cancel,11878,,,1675804373
cancel,19797,,,1675804373
cancel,20221,,,1675804373
cancel,24999,,,1675804373
newOrder,19797,0,25210,1675804397
newOrder,20221,1,25210,1675804397
newOrder,11878,0,100840,1675804397
newOrder,24999,1,100840,1675804397
cancel,11878,,,1675804974
cancel,19797,,,1675804974
cancel,20221,,,1675804974
cancel,24999,,,1675804974
newOrder,19797,0,25212,1675805000
newOrder,20221,1,25212,1675805000
newOrder,11878,0,100849,1675805000
newOrder,24999,1,100849,1675805000
cancel,11878,,,1675805573
cancel,19797,,,1675805573
cancel,20221,,,1675805573
cancel,24999,,,1675805573
newOrder,19797,0,25215,1675805612
newOrder,20221,1,25215,1675805612
newOrder,11878,0,100859,1675805612
newOrder,24999,1,100859,1675805612
cancel,11878,,,1675806173
cancel,19797,,,1675806173
cancel,20221,,,1675806173
cancel,24999,,,1675806173
newOrder,19797,0,25217,1675806200
newOrder,20221,1,25217,1675806200
newOrder,11878,0,100868,1675806200
newOrder,24999,1,100868,1675806200
cancel,11878,,,1675806774
cancel,19797,,,1675806774
cancel,20221,,,1675806774
cancel,24999,,,1675806774
newOrder,19797,0,25219,1675806795
newOrder,20221,1,25219,1675806795
newOrder,11878,0,100877,1675806795
newOrder,24999,1,100877,1675806795
cancel,11878,,,1675807379
cancel,19797,,,1675807379
cancel,20221,,,1675807379
cancel,24999,,,1675807379
newOrder,19797,0,25222,1675807413
newOrder,20221,1,25222,1675807413
newOrder,11878,0,100886,1675807413
newOrder,24999,1,100886,1675807413
cancel,11878,,,1675807972
cancel,19797,,,1675807972
cancel,20221,,,1675807972
cancel,24999,,,1675807972
newOrder,19797,0,25224,1675807995
newOrder,20221,1,25224,1675807995
newOrder,11878,0,100896,1675807995
newOrder,24999,1,100896,1675807995
cancel,11878,,,1675808573
cancel,19797,,,1675808573
cancel,20221,,,1675808573
cancel,24999,,,1675808573
newOrder,19797,0,25226,1675808610
newOrder,20221,1,25226,1675808610
newOrder,11878,0,100905,1675808610
newOrder,24999,1,100905,1675808610
cancel,11878,,,1675809174
cancel,19797,,,1675809174
cancel,20221,,,1675809174
cancel,24999,,,1675809174
newOrder,19797,0,25229,1675809216
newOrder,20221,1,25229,1675809216
newOrder,11878,0,100914,1675809216
newOrder,24999,1,100914,1675809216
cancel,11878,,,1675809773
cancel,19797,,,1675809773
cancel,20221,,,1675809773
cancel,24999,,,1675809773
newOrder,19797,0,25231,1675809798
newOrder,20221,1,25231,1675809798
newOrder,11878,0,100924,1675809798
newOrder,24999,1,100924,1675809798
cancel,11878,,,1675810380
cancel,19797,,,1675810380
cancel,20221,,,1675810380
cancel,24999,,,1675810380
newOrder,19797,0,25233,1675810401
newOrder,20221,1,25233,1675810401
newOrder,11878,0,100933,1675810401
newOrder,24999,1,100933,1675810401
cancel,11878,,,1675810973
cancel,19797,,,1675810973
cancel,20221,,,1675810973
cancel,24999,,,1675810973
newOrder,19797,0,25236,1675811021
newOrder,20221,1,25236,1675811021
newOrder,11878,0,100943,1675811021
newOrder,24999,1,100943,1675811021
cancel,11878,,,1675811572
cancel,19797,,,1675811572
cancel,20221,,,1675811572
cancel,24999,,,1675811572
newOrder,19797,0,25238,1675811615
newOrder,20221,1,25238,1675811615
newOrder,11878,0,100952,1675811615
newOrder,24999,1,100952,1675811615
cancel,11878,,,1675812178
cancel,19797,,,1675812178
cancel,20221,,,1675812178
cancel,24999,,,1675812178
newOrder,19797,0,25240,1675812217
newOrder,20221,1,25240,1675812217
newOrder,11878,0,100961,1675812217
newOrder,24999,1,100961,1675812217
cancel,11878,,,1675812778
cancel,19797,,,1675812778
cancel,20221,,,1675812778
cancel,24999,,,1675812778
newOrder,19797,0,25243,1675812820
newOrder,20221,1,25243,1675812820
newOrder,11878,0,100971,1675812820
newOrder,24999,1,100971,1675812820
cancel,11878,,,1675813373
cancel,19797,,,1675813373
cancel,20221,,,1675813373
cancel,24999,,,1675813373
newOrder,19797,0,25210,1675813388
newOrder,20239,1,25210,1675813388
newOrder,11878,0,100841,1675813388
newOrder,24999,1,100841,1675813388
cancel,11878,,,1675813973
cancel,19797,,,1675813973
cancel,20239,,,1675813973
cancel,24999,,,1675813973
newOrder,19797,0,25213,1675813986
newOrder,20239,1,25213,1675813986
newOrder,11878,0,100851,1675813986
newOrder,24999,1,100851,1675813986
cancel,11878,,,1675814574
cancel,19797,,,1675814574
cancel,20239,,,1675814574
cancel,24999,,,1675814574
newOrder,19715,0,25436,1675814650
newOrder,20203,1,25436,1675814650
newOrder,11829,0,101744,1675814650
newOrder,24999,1,101744,1675814650
cancel,11829,,,1675815182
cancel,19715,,,1675815182
cancel,20203,,,1675815182
cancel,24999,,,1675815182
newOrder,19715,0,25438,1675815203
newOrder,20203,1,25438,1675815203
newOrder,11829,0,101753,1675815203
newOrder,24999,1,101753,1675815203
cancel,11829,,,1675815773
cancel,19715,,,1675815773
cancel,20203,,,1675815773
cancel,24999,,,1675815773
newOrder,19715,0,25441,1675815807
newOrder,20203,1,25441,1675815807
newOrder,11829,0,101763,1675815807
newOrder,24999,1,101763,1675815807
cancel,11829,,,1675816376
cancel,19715,,,1675816376
cancel,20203,,,1675816376
cancel,24999,,,1675816376
newOrder,19715,0,25443,1675816414
newOrder,20203,1,25443,1675816414
newOrder,11829,0,101772,1675816414
newOrder,24999,1,101772,1675816414
cancel,11829,,,1675816975
cancel,19715,,,1675816975
cancel,20203,,,1675816975
cancel,24999,,,1675816975
newOrder,19715,0,25446,1675817020
newOrder,20203,1,25446,1675817020
newOrder,11829,0,101782,1675817020
newOrder,24999,1,101782,1675817020
cancel,11829,,,1675817577
cancel,19715,,,1675817577
cancel,20203,,,1675817577
cancel,24999,,,1675817577
newOrder,19715,0,25448,1675817615
newOrder,20203,1,25448,1675817615
newOrder,11829,0,101792,1675817615
newOrder,24999,1,101792,1675817615
cancel,11829,,,1675818174
cancel,19715,,,1675818174
cancel,20203,,,1675818174
cancel,24999,,,1675818174
newOrder,19715,0,25450,1675818210
newOrder,20203,1,25450,1675818210
newOrder,11829,0,101801,1675818210
newOrder,24999,1,101801,1675818210
cancel,11829,,,1675818774
cancel,19715,,,1675818774
cancel,20203,,,1675818774
cancel,24999,,,1675818774
newOrder,19715,0,25453,1675818824
newOrder,20203,1,25453,1675818824
newOrder,11829,0,101811,1675818824
newOrder,24999,1,101811,1675818824
cancel,11829,,,1675819377
cancel,19715,,,1675819377
cancel,20203,,,1675819377
cancel,24999,,,1675819377
newOrder,19715,0,25455,1675819415
newOrder,20203,1,25455,1675819415
newOrder,11829,0,101820,1675819415
newOrder,24999,1,101820,1675819415
cancel,11829,,,1675819980
cancel,19715,,,1675819980
cancel,20203,,,1675819980
cancel,24999,,,1675819980
newOrder,19715,0,25457,1675820013
newOrder,20203,1,25457,1675820013
newOrder,11829,0,101830,1675820013
newOrder,24999,1,101830,1675820013
cancel,11829,,,1675820573
cancel,19715,,,1675820573
cancel,20203,,,1675820573
cancel,24999,,,1675820573
newOrder,19780,0,25340,1675820611
newOrder,20203,1,25340,1675820611
newOrder,11868,0,101361,1675820611
newOrder,24999,1,101361,1675820611
cancel,11868,,,1675821173
cancel,19780,,,1675821173
cancel,20203,,,1675821173
cancel,24999,,,1675821173
newOrder,19780,0,25343,1675821214
newOrder,20203,1,25343,1675821214
newOrder,11868,0,101370,1675821214
newOrder,24999,1,101370,1675821214
cancel,11868,,,1675821774
cancel,19780,,,1675821774
cancel,20203,,,1675821774
cancel,24999,,,1675821774
newOrder,19780,0,25345,1675821816
newOrder,20203,1,25345,1675821816
newOrder,11868,0,101380,1675821816
newOrder,24999,1,101380,1675821816
cancel,11868,,,1675822373
cancel,19780,,,1675822373
cancel,20203,,,1675822373
cancel,24999,,,1675822373
newOrder,19780,0,25347,1675822416
newOrder,20203,1,25347,1675822416
newOrder,11868,0,101389,1675822416
newOrder,24999,1,101389,1675822416
cancel,11868,,,1675822972
cancel,19780,,,1675822972
cancel,20203,,,1675822972
cancel,24999,,,1675822972
newOrder,19780,0,25350,1675823011
newOrder,20203,1,25350,1675823011
newOrder,11868,0,101399,1675823011
newOrder,24999,1,101399,1675823011
cancel,11868,,,1675823572
cancel,19780,,,1675823572
cancel,20203,,,1675823572
cancel,24999,,,1675823572
newOrder,19780,0,25352,1675823592
newOrder,20203,1,25352,1675823592
newOrder,11868,0,101408,1675823592
newOrder,24999,1,101408,1675823592
cancel,11868,,,1675824173
cancel,19780,,,1675824173
cancel,20203,,,1675824173
cancel,24999,,,1675824173
newOrder,19774,0,25365,1675824195
newOrder,20203,1,25365,1675824195
newOrder,11865,0,101460,1675824195
newOrder,24999,1,101460,1675824195
cancel,11865,,,1675824776
cancel,19774,,,1675824776
cancel,20203,,,1675824776
cancel,24999,,,1675824776
newOrder,19774,0,25367,1675824784
newOrder,20203,1,25367,1675824784
newOrder,11865,0,101469,1675824784
newOrder,24999,1,101469,1675824784
cancel,11865,,,1675825373
cancel,19774,,,1675825373
cancel,20203,,,1675825373
cancel,24999,,,1675825373
newOrder,19774,0,25370,1675825394
newOrder,20203,1,25370,1675825394
newOrder,11865,0,101479,1675825394
newOrder,24999,1,101479,1675825394
cancel,11865,,,1675825981
cancel,19774,,,1675825981
cancel,20203,,,1675825981
cancel,24999,,,1675825981
newOrder,19774,0,25372,1675825993
newOrder,20203,1,25372,1675825993
newOrder,11865,0,101488,1675825993
newOrder,24999,1,101488,1675825993
cancel,11865,,,1675826573
cancel,19774,,,1675826573
cancel,20203,,,1675826573
cancel,24999,,,1675826573
newOrder,19774,0,25374,1675826613
newOrder,20203,1,25374,1675826613
newOrder,11865,0,101498,1675826613
newOrder,24999,1,101498,1675826613
cancel,11865,,,1675827173
cancel,19774,,,1675827173
cancel,20203,,,1675827173
cancel,24999,,,1675827173
newOrder,19774,0,25377,1675827193
newOrder,20203,1,25377,1675827193
newOrder,11865,0,101507,1675827193
newOrder,24999,1,101507,1675827193
cancel,11865,,,1675827773
cancel,19774,,,1675827773
cancel,20203,,,1675827773
cancel,24999,,,1675827773
newOrder,19774,0,25379,1675827817
newOrder,20203,1,25379,1675827817
newOrder,11865,0,101517,1675827817
newOrder,24999,1,101517,1675827817
cancel,11865,,,1675828372
cancel,19774,,,1675828372
cancel,20203,,,1675828372
cancel,24999,,,1675828372
newOrder,19774,0,25382,1675828412
newOrder,20203,1,25382,1675828412
newOrder,11865,0,101526,1675828412
newOrder,24999,1,101526,1675828412
cancel,11865,,,1675828980
cancel,19774,,,1675828980
cancel,20203,,,1675828980
cancel,24999,,,1675828980
newOrder,19774,0,25384,1675829006
newOrder,20203,1,25384,1675829006
newOrder,11865,0,101536,1675829006
newOrder,24999,1,101536,1675829006
cancel,11865,,,1675829573
cancel,19774,,,1675829573
cancel,20203,,,1675829573
cancel,24999,,,1675829573
newOrder,19774,0,25386,1675829595
newOrder,20203,1,25386,1675829595
newOrder,11865,0,101545,1675829595
newOrder,24999,1,101545,1675829595
cancel,11865,,,1675830175
cancel,19774,,,1675830175
cancel,20203,,,1675830175
cancel,24999,,,1675830175
newOrder,19774,0,25389,1675830214
newOrder,20203,1,25389,1675830214
newOrder,11865,0,101555,1675830214
newOrder,24999,1,101555,1675830214
cancel,11865,,,1675830774
cancel,19774,,,1675830774
cancel,20203,,,1675830774
cancel,24999,,,1675830774
newOrder,19774,0,25391,1675830810
newOrder,20203,1,25391,1675830810
newOrder,11865,0,101564,1675830810
newOrder,24999,1,101564,1675830810
cancel,11865,,,1675831381
cancel,19774,,,1675831381
cancel,20203,,,1675831381
cancel,24999,,,1675831381
newOrder,19774,0,25393,1675831396
newOrder,20203,1,25393,1675831396
newOrder,11865,0,101574,1675831396
newOrder,24999,1,101574,1675831396
cancel,11865,,,1675831972
cancel,19774,,,1675831972
cancel,20203,,,1675831972
cancel,24999,,,1675831972
newOrder,19774,0,25396,1675831997
newOrder,20203,1,25396,1675831997
newOrder,11865,0,101583,1675831997
newOrder,24999,1,101583,1675831997
cancel,11865,,,1675832573
cancel,19774,,,1675832573
cancel,20203,,,1675832573
cancel,24999,,,1675832573
newOrder,19774,0,25398,1675832608
newOrder,20203,1,25398,1675832608
newOrder,11865,0,101593,1675832608
newOrder,24999,1,101593,1675832608
cancel,11865,,,1675833172
cancel,19774,,,1675833172
cancel,20203,,,1675833172
cancel,24999,,,1675833172
newOrder,19774,0,25401,1675833185
newOrder,20203,1,25401,1675833185
newOrder,11865,0,101602,1675833185
newOrder,24999,1,101602,1675833185
cancel,11865,,,1675833781
cancel,19774,,,1675833781
cancel,20203,,,1675833781
cancel,24999,,,1675833781
newOrder,19774,0,25403,1675833817
newOrder,20203,1,25403,1675833817
newOrder,11865,0,101612,1675833817
newOrder,24999,1,101612,1675833817
cancel,11865,,,1675834378
cancel,19774,,,1675834378
cancel,20203,,,1675834378
cancel,24999,,,1675834378
newOrder,19774,0,25405,1675834407
newOrder,20203,1,25405,1675834407
newOrder,11865,0,101622,1675834407
newOrder,24999,1,101622,1675834407
cancel,11865,,,1675834980
cancel,19774,,,1675834980
cancel,20203,,,1675834980
cancel,24999,,,1675834980
newOrder,19774,0,25408,1675835022
newOrder,20203,1,25408,1675835022
newOrder,11865,0,101631,1675835022
newOrder,24999,1,101631,1675835022
cancel,11865,,,1675835578
cancel,19774,,,1675835578
cancel,20203,,,1675835578
cancel,24999,,,1675835578
newOrder,19774,0,25410,1675835603
newOrder,20203,1,25410,1675835603
newOrder,11865,0,101641,1675835603
newOrder,24999,1,101641,1675835603
cancel,11865,,,1675836180
cancel,19774,,,1675836180
cancel,20203,,,1675836180
cancel,24999,,,1675836180
newOrder,19704,0,25544,1675836219
newOrder,20203,1,25544,1675836219
newOrder,11822,0,102175,1675836219
newOrder,24999,1,102175,1675836219
cancel,11822,,,1675836772
cancel,19704,,,1675836772
cancel,20203,,,1675836772
cancel,24999,,,1675836772
newOrder,19572,0,25785,1675836787
newOrder,20203,1,25785,1675836787
newOrder,11743,0,103138,1675836787
newOrder,24999,1,103138,1675836787
cancel,11743,,,1675837373
cancel,19572,,,1675837373
cancel,20203,,,1675837373
cancel,24999,,,1675837373
newOrder,19646,0,25655,1675837405
newOrder,20203,1,25655,1675837405
newOrder,11788,0,102620,1675837405
newOrder,24999,1,102620,1675837405
cancel,11788,,,1675837978
cancel,19646,,,1675837978
cancel,20203,,,1675837978
cancel,24999,,,1675837978
newOrder,19720,0,25521,1675838009
newOrder,20203,1,25521,1675838009
newOrder,11832,0,102086,1675838009
newOrder,24999,1,102086,1675838009
cancel,11832,,,1675838574
cancel,19720,,,1675838574
cancel,20203,,,1675838574
cancel,24999,,,1675838574
newOrder,19720,0,25524,1675838619
newOrder,20203,1,25524,1675838619
newOrder,11832,0,102096,1675838619
newOrder,24999,1,102096,1675838619
cancel,11832,,,1675839172
cancel,19720,,,1675839172
cancel,20203,,,1675839172
cancel,24999,,,1675839172
newOrder,19720,0,25526,1675839195
newOrder,20203,1,25526,1675839195
newOrder,11832,0,102105,1675839195
newOrder,24999,1,102105,1675839195
cancel,11832,,,1675839774
cancel,19720,,,1675839774
cancel,20203,,,1675839774
cancel,24999,,,1675839774
newOrder,19720,0,25529,1675839812
newOrder,20203,1,25529,1675839812
newOrder,11832,0,102115,1675839812
newOrder,24999,1,102115,1675839812
cancel,11832,,,1675840380
cancel,19720,,,1675840380
cancel,20203,,,1675840380
cancel,24999,,,1675840380
newOrder,19720,0,25531,1675840420
newOrder,20203,1,25531,1675840420
newOrder,11832,0,102125,1675840420
newOrder,24999,1,102125,1675840420
cancel,11832,,,1675840976
cancel,19720,,,1675840976
cancel,20203,,,1675840976
cancel,24999,,,1675840976
newOrder,19720,0,25534,1675841000
newOrder,20203,1,25534,1675841000
newOrder,11832,0,102134,1675841000
newOrder,24999,1,102134,1675841000
cancel,11832,,,1675841578
cancel,19720,,,1675841578
cancel,20203,,,1675841578
cancel,24999,,,1675841578
newOrder,19720,0,25536,1675841618
newOrder,20203,1,25536,1675841618
newOrder,11832,0,102144,1675841618
newOrder,24999,1,102144,1675841618
cancel,11832,,,1675842179
cancel,19720,,,1675842179
cancel,20203,,,1675842179
cancel,24999,,,1675842179
newOrder,19720,0,25538,1675842200
newOrder,20203,1,25538,1675842200
newOrder,11832,0,102154,1675842200
newOrder,24999,1,102154,1675842200
cancel,11832,,,1675842774
cancel,19720,,,1675842774
cancel,20203,,,1675842774
cancel,24999,,,1675842774
newOrder,19720,0,25541,1675842796
newOrder,20203,1,25541,1675842796
newOrder,11832,0,102163,1675842796
newOrder,24999,1,102163,1675842796
cancel,11832,,,1675843378
cancel,19720,,,1675843378
cancel,20203,,,1675843378
cancel,24999,,,1675843378
newOrder,19720,0,25543,1675843405
newOrder,20203,1,25543,1675843405
newOrder,11832,0,102173,1675843405
newOrder,24999,1,102173,1675843405
cancel,11832,,,1675843973
cancel,19720,,,1675843973
cancel,20203,,,1675843973
cancel,24999,,,1675843973
newOrder,19720,0,25546,1675844040
newOrder,20203,1,25546,1675844040
newOrder,11832,0,102183,1675844040
newOrder,24999,1,102183,1675844040
cancel,11832,,,1675844573
cancel,19720,,,1675844573
cancel,20203,,,1675844573
cancel,24999,,,1675844573
newOrder,19720,0,25548,1675844622
newOrder,20203,1,25548,1675844622
newOrder,11832,0,102193,1675844622
newOrder,24999,1,102193,1675844622
cancel,11832,,,1675845173
cancel,19720,,,1675845173
cancel,20203,,,1675845173
cancel,24999,,,1675845173
newOrder,19720,0,25551,1675845210
newOrder,20203,1,25551,1675845210
newOrder,11832,0,102202,1675845210
newOrder,24999,1,102202,1675845210
cancel,11832,,,1675845777
cancel,19720,,,1675845777
cancel,20203,,,1675845777
cancel,24999,,,1675845777
newOrder,19720,0,25553,1675845824
newOrder,20203,1,25553,1675845824
newOrder,11832,0,102212,1675845824
newOrder,24999,1,102212,1675845824
cancel,11832,,,1675846374
cancel,19720,,,1675846374
cancel,20203,,,1675846374
cancel,24999,,,1675846374
newOrder,19720,0,25556,1675846421
newOrder,20203,1,25556,1675846421
newOrder,11832,0,102222,1675846421
newOrder,24999,1,102222,1675846421
cancel,11832,,,1675846973
cancel,19720,,,1675846973
cancel,20203,,,1675846973
cancel,24999,,,1675846973
newOrder,19720,0,25558,1675846997
newOrder,20203,1,25558,1675846997
newOrder,11832,0,102231,1675846997
newOrder,24999,1,102231,1675846997
cancel,11832,,,1675847580
cancel,19720,,,1675847580
cancel,20203,,,1675847580
cancel,24999,,,1675847580
newOrder,19720,0,25560,1675847622
newOrder,20203,1,25560,1675847622
newOrder,11832,0,102241,1675847622
newOrder,24999,1,102241,1675847622
cancel,11832,,,1675848173
cancel,19720,,,1675848173
cancel,20203,,,1675848173
cancel,24999,,,1675848173
newOrder,19720,0,25563,1675848206
newOrder,20203,1,25563,1675848206
newOrder,11832,0,102251,1675848206
newOrder,24999,1,102251,1675848206
cancel,11832,,,1675848773
cancel,19720,,,1675848773
cancel,20203,,,1675848773
cancel,24999,,,1675848773
newOrder,19720,0,25565,1675848814
newOrder,20203,1,25565,1675848814
newOrder,11832,0,102261,1675848814
newOrder,24999,1,102261,1675848814
cancel,11832,,,1675849379
cancel,19720,,,1675849379
cancel,20203,,,1675849379
cancel,24999,,,1675849379
newOrder,19720,0,25568,1675849415
newOrder,20203,1,25568,1675849415
newOrder,11832,0,102271,1675849415
newOrder,24999,1,102271,1675849415
cancel,11832,,,1675849975
cancel,19720,,,1675849975
cancel,20203,,,1675849975
cancel,24999,,,1675849975
newOrder,19720,0,25570,1675850010
newOrder,20203,1,25570,1675850010
newOrder,11832,0,102280,1675850010
newOrder,24999,1,102280,1675850010
cancel,11832,,,1675850573
cancel,19720,,,1675850573
cancel,20203,,,1675850573
cancel,24999,,,1675850573
newOrder,19720,0,25572,1675850594
newOrder,20203,1,25572,1675850594
newOrder,11832,0,102290,1675850594
newOrder,24999,1,102290,1675850594
cancel,11832,,,1675851173
cancel,19720,,,1675851173
cancel,20203,,,1675851173
cancel,24999,,,1675851173
newOrder,19720,0,25575,1675851197
newOrder,20203,1,25575,1675851197
newOrder,11832,0,102300,1675851197
newOrder,24999,1,102300,1675851197
cancel,11832,,,1675851773
cancel,19720,,,1675851773
cancel,20203,,,1675851773
cancel,24999,,,1675851773
newOrder,19720,0,25577,1675851815
newOrder,20203,1,25577,1675851815
newOrder,11832,0,102310,1675851815
newOrder,24999,1,102310,1675851815
cancel,11832,,,1675852373
cancel,19720,,,1675852373
cancel,20203,,,1675852373
cancel,24999,,,1675852373
newOrder,19720,0,25580,1675852413
newOrder,20203,1,25580,1675852413
newOrder,11832,0,102319,1675852413
newOrder,24999,1,102319,1675852413
cancel,11832,,,1675852973
cancel,19720,,,1675852973
cancel,20203,,,1675852973
cancel,24999,,,1675852973
newOrder,19720,0,25582,1675853012
newOrder,20203,1,25582,1675853012
newOrder,11832,0,102329,1675853012
newOrder,24999,1,102329,1675853012
cancel,11832,,,1675853573
cancel,19720,,,1675853573
cancel,20203,,,1675853573
cancel,24999,,,1675853573
newOrder,19720,0,25585,1675853611
newOrder,20203,1,25585,1675853611
newOrder,11832,0,102339,1675853611
newOrder,24999,1,102339,1675853611
cancel,11832,,,1675854172
cancel,19720,,,1675854172
cancel,20203,,,1675854172
cancel,24999,,,1675854172
newOrder,19720,0,25587,1675854212
newOrder,20203,1,25587,1675854212
newOrder,11832,0,102349,1675854212
newOrder,24999,1,102349,1675854212
cancel,11832,,,1675854774
cancel,19720,,,1675854774
cancel,20203,,,1675854774
cancel,24999,,,1675854774
newOrder,19720,0,25590,1675854822
newOrder,20203,1,25590,1675854822
newOrder,11832,0,102359,1675854822
newOrder,24999,1,102359,1675854822
cancel,11832,,,1675855373
cancel,19720,,,1675855373
cancel,20203,,,1675855373
cancel,24999,,,1675855373
newOrder,19720,0,25592,1675855425
newOrder,20203,1,25592,1675855425
newOrder,11832,0,102368,1675855425
newOrder,24999,1,102368,1675855425
cancel,11832,,,1675855973
cancel,19720,,,1675855973
cancel,20203,,,1675855973
cancel,24999,,,1675855973
newOrder,19720,0,25594,1675856013
newOrder,20203,1,25594,1675856013
newOrder,11832,0,102378,1675856013
newOrder,24999,1,102378,1675856013
cancel,11832,,,1675856573
cancel,19720,,,1675856573
cancel,20203,,,1675856573
cancel,24999,,,1675856573
newOrder,19720,0,25597,1675856597
newOrder,20203,1,25597,1675856597
newOrder,11832,0,102387,1675856597
newOrder,24999,1,102387,1675856597
cancel,11832,,,1675857176
cancel,19720,,,1675857176
cancel,20203,,,1675857176
cancel,24999,,,1675857176
newOrder,19720,0,25599,1675857214
newOrder,20203,1,25599,1675857214
newOrder,11832,0,102398,1675857214
newOrder,24999,1,102398,1675857214
cancel,11832,,,1675857777
cancel,19720,,,1675857777
cancel,20203,,,1675857777
cancel,24999,,,1675857777
newOrder,19720,0,25602,1675857825
newOrder,20203,1,25602,1675857825
newOrder,11832,0,102408,1675857825
newOrder,24999,1,102408,1675857825