instruction,price,side,qty,time
cancel,15742,,,1690978282
cancel,17925,,,1690978282
cancel,18158,,,1690978282
cancel,24999,,,1690978282
newOrder,17925,0,4930,1690978297
newOrder,18118,1,4930,1690978297
newOrder,15751,0,3010,1690978297
newOrder,19999,1,3010,1690978297
cancel,15751,,,1690978882
cancel,17925,,,1690978882
cancel,18118,,,1690978882
cancel,19999,,,1690978882
newOrder,17925,0,4927,1690978898
newOrder,18135,1,4927,1690978898
newOrder,12307,0,21712,1690978898
newOrder,24999,1,21712,1690978898
cancel,12307,,,1690979483
cancel,17925,,,1690979483
cancel,18135,,,1690979483
cancel,24999,,,1690979483
newOrder,17925,0,4927,1690979498
newOrder,18137,1,4927,1690979498
newOrder,12307,0,21327,1690979498
newOrder,24999,1,21327,1690979498
cancel,12307,,,1690980084
cancel,17925,,,1690980084
cancel,18137,,,1690980084
cancel,24999,,,1690980084
newOrder,17925,0,4924,1690980099
newOrder,18153,1,4924,1690980099
newOrder,12307,0,23312,1690980099
newOrder,24999,1,23312,1690980099
cancel,12307,,,1690980682
cancel,17925,,,1690980682
cancel,18153,,,1690980682
cancel,24999,,,1690980682
newOrder,17925,0,4935,1690980698
newOrder,18105,1,4935,1690980698
newOrder,15742,0,6842,1690980698
newOrder,24999,1,6842,1690980698
cancel,15742,,,1690981282
cancel,17925,,,1690981282
cancel,18105,,,1690981282
cancel,24999,,,1690981282
newOrder,17925,0,4933,1690981297
newOrder,18121,1,4933,1690981297
newOrder,15742,0,15584,1690981297
newOrder,24999,1,15584,1690981297
cancel,15742,,,1690981882
cancel,17925,,,1690981882
cancel,18121,,,1690981882
cancel,24999,,,1690981882
newOrder,17925,0,4916,1690981897
newOrder,18197,1,4916,1690981897
newOrder,15742,0,17323,1690981897
newOrder,24999,1,17323,1690981897
cancel,15742,,,1690982411
cancel,17925,,,1690982411
cancel,24999,,,1690982411
newOrder,17917,0,4898,1690982419
newOrder,18281,1,4898,1690982419
newOrder,12307,0,23599,1690982419
newOrder,24999,1,23599,1690982419
cancel,12307,,,1690982482
cancel,17917,,,1690982482
cancel,18281,,,1690982482
cancel,24999,,,1690982482
newOrder,17925,0,4913,1690982498
newOrder,18210,1,4913,1690982498
newOrder,12307,0,20005,1690982498
newOrder,24999,1,20005,1690982498
cancel,12307,,,1690983082
cancel,17925,,,1690983082
cancel,18210,,,1690983082
cancel,24999,,,1690983082
newOrder,17925,0,4918,1690983097
newOrder,18192,1,4918,1690983097
newOrder,12307,0,25104,1690983097
newOrder,24999,1,25104,1690983097
cancel,12307,,,1690983682
cancel,17925,,,1690983682
cancel,18192,,,1690983682
cancel,24999,,,1690983682
newOrder,17925,0,4915,1690983697
newOrder,18210,1,4915,1690983697
newOrder,15742,0,8519,1690983697
newOrder,24999,1,8519,1690983697
cancel,15742,,,1690984283
cancel,17925,,,1690984283
cancel,18210,,,1690984283
cancel,24999,,,1690984283
newOrder,17925,0,4915,1690984298
newOrder,18210,1,4915,1690984298
newOrder,15742,0,10279,1690984298
newOrder,24999,1,10279,1690984298
cancel,15742,,,1690984882
cancel,17925,,,1690984882
cancel,18210,,,1690984882
cancel,24999,,,1690984882
newOrder,17925,0,4919,1690984898
newOrder,18196,1,4919,1690984898
newOrder,15742,0,10631,1690984898
newOrder,24999,1,10631,1690984898
cancel,15742,,,1690985481
cancel,17925,,,1690985481
cancel,18196,,,1690985481
cancel,24999,,,1690985481
newOrder,17925,0,4925,1690985499
newOrder,18172,1,4925,1690985499
newOrder,12309,0,18734,1690985499
newOrder,24999,1,18734,1690985499
cancel,12309,,,1690986082
cancel,17925,,,1690986082
cancel,18172,,,1690986082
cancel,24999,,,1690986082
newOrder,17925,0,4920,1690986097
newOrder,18198,1,4920,1690986097
newOrder,15742,0,8616,1690986097
newOrder,24999,1,8616,1690986097
cancel,15742,,,1690986683
cancel,17925,,,1690986683
cancel,18198,,,1690986683
cancel,24999,,,1690986683
newOrder,17925,0,4912,1690986699
newOrder,18232,1,4912,1690986699
newOrder,15742,0,5802,1690986699
newOrder,23999,1,5802,1690986699
cancel,15742,,,1690987282
cancel,17925,,,1690987282
cancel,18232,,,1690987282
cancel,23999,,,1690987282
newOrder,17925,0,4915,1690987297
newOrder,18222,1,4915,1690987297
newOrder,15742,0,11608,1690987297
newOrder,24999,1,11608,1690987297
cancel,15742,,,1690987883
cancel,17925,,,1690987883
cancel,18222,,,1690987883
cancel,24999,,,1690987883
newOrder,17925,0,4921,1690987897
newOrder,18199,1,4921,1690987897
newOrder,15742,0,14389,1690987897
newOrder,24999,1,14389,1690987897
cancel,15742,,,1690988482
cancel,17925,,,1690988482
cancel,18199,,,1690988482
cancel,24999,,,1690988482
newOrder,17925,0,4917,1690988498
newOrder,18221,1,4917,1690988498
newOrder,15742,0,15482,1690988498
newOrder,24999,1,15482,1690988498
cancel,15742,,,1690989083
cancel,17925,,,1690989083
cancel,18221,,,1690989083
cancel,24999,,,1690989083
newOrder,17925,0,4920,1690989097
newOrder,18212,1,4920,1690989097
newOrder,12307,0,25688,1690989097
newOrder,24999,1,25688,1690989097
cancel,12307,,,1690989682
cancel,17925,,,1690989682
cancel,18212,,,1690989682
cancel,24999,,,1690989682
newOrder,17925,0,4930,1690989697
newOrder,18172,1,4930,1690989697
newOrder,12307,0,23960,1690989697
newOrder,24999,1,23960,1690989697
cancel,12307,,,1690990282
cancel,17925,,,1690990282
cancel,18172,,,1690990282
cancel,24999,,,1690990282
newOrder,17925,0,4930,1690990298
newOrder,18172,1,4930,1690990298
newOrder,15742,0,10590,1690990298
newOrder,24999,1,10590,1690990298
cancel,15742,,,1690990883
cancel,17925,,,1690990883
cancel,18172,,,1690990883
cancel,24999,,,1690990883
newOrder,17925,0,4933,1690990898
newOrder,18161,1,4933,1690990898
newOrder,15742,0,12044,1690990898
newOrder,24999,1,12044,1690990898
cancel,15742,,,1690991482
cancel,17925,,,1690991482
cancel,18161,,,1690991482
cancel,24999,,,1690991482
newOrder,17925,0,4925,1690991497
newOrder,18198,1,4925,1690991497
newOrder,15742,0,8208,1690991497
newOrder,24999,1,8208,1690991497
cancel,15742,,,1690992082
cancel,17925,,,1690992082
cancel,18198,,,1690992082
cancel,24999,,,1690992082
newOrder,17925,0,4936,1690992097
newOrder,18153,1,4936,1690992097
newOrder,15742,0,15068,1690992097
newOrder,24999,1,15068,1690992097
cancel,15742,,,1690992682
cancel,17925,,,1690992682
cancel,18153,,,1690992682
cancel,24999,,,1690992682
newOrder,17925,0,4931,1690992697
newOrder,18178,1,4931,1690992697
newOrder,12309,0,18942,1690992697
newOrder,24999,1,18942,1690992697
cancel,12309,,,1690993282
cancel,17925,,,1690993282
cancel,18178,,,1690993282
cancel,24999,,,1690993282
newOrder,17925,0,4925,1690993297
newOrder,18209,1,4925,1690993297
newOrder,15742,0,5888,1690993297
newOrder,24999,1,5888,1690993297
cancel,15742,,,1690993882
cancel,17925,,,1690993882
cancel,18209,,,1690993882
cancel,24999,,,1690993882
newOrder,17925,0,4925,1690993898
newOrder,18207,1,4925,1690993898
newOrder,15742,0,9502,1690993898
newOrder,24999,1,9502,1690993898
cancel,15742,,,1690994483
cancel,17925,,,1690994483
cancel,18207,,,1690994483
cancel,24999,,,1690994483
newOrder,17925,0,4929,1690994497
newOrder,18194,1,4929,1690994497
newOrder,15742,0,17060,1690994497
newOrder,24999,1,17060,1690994497
cancel,15742,,,1690995083
cancel,17925,,,1690995083
cancel,18194,,,1690995083
cancel,24999,,,1690995083
newOrder,17925,0,4937,1690995098
newOrder,18163,1,4937,1690995098
newOrder,15742,0,6167,1690995098
newOrder,24999,1,6167,1690995098
cancel,15742,,,1690995683
cancel,17925,,,1690995683
cancel,18163,,,1690995683
cancel,24999,,,1690995683
newOrder,17925,0,4938,1690995699
newOrder,18163,1,4938,1690995699
newOrder,15742,0,17291,1690995699
newOrder,24999,1,17291,1690995699
cancel,15742,,,1690996283
cancel,17925,,,1690996283
cancel,18163,,,1690996283
cancel,24999,,,1690996283
newOrder,17925,0,4942,1690996298
newOrder,18148,1,4942,1690996298
newOrder,12307,0,22202,1690996298
newOrder,24999,1,22202,1690996298
cancel,12307,,,1690996882
cancel,17925,,,1690996882
cancel,18148,,,1690996882
cancel,24999,,,1690996882
newOrder,17925,0,4930,1690996898
newOrder,18202,1,4930,1690996898
newOrder,12307,0,26608,1690996898
newOrder,24999,1,26608,1690996898
cancel,12307,,,1690997482
cancel,17925,,,1690997482
cancel,18202,,,1690997482
cancel,24999,,,1690997482
newOrder,17925,0,4938,1690997496
newOrder,18169,1,4938,1690997496
newOrder,12307,0,21511,1690997496
newOrder,24999,1,21511,1690997496
cancel,12307,,,1690998082
cancel,17925,,,1690998082
cancel,18169,,,1690998082
cancel,24999,,,1690998082
newOrder,17925,0,4942,1690998097
newOrder,18153,1,4942,1690998097
newOrder,15742,0,12369,1690998097
newOrder,24999,1,12369,1690998097
cancel,15742,,,1690998682
cancel,17925,,,1690998682
cancel,18153,,,1690998682
cancel,24999,,,1690998682
newOrder,17925,0,4942,1690998698
newOrder,18156,1,4942,1690998698
newOrder,15742,0,14619,1690998698
newOrder,24999,1,14619,1690998698
cancel,15742,,,1690999284
cancel,17925,,,1690999284
cancel,18156,,,1690999284
cancel,24999,,,1690999284
newOrder,17925,0,4927,1690999301
newOrder,18225,1,4927,1690999301
newOrder,12307,0,21783,1690999301
newOrder,24999,1,21783,1690999301
cancel,12307,,,1690999883
cancel,17925,,,1690999883
cancel,18225,,,1690999883
cancel,24999,,,1690999883
newOrder,17925,0,4936,1690999898
newOrder,18186,1,4936,1690999898
newOrder,15742,0,8469,1690999898
newOrder,24999,1,8469,1690999898
cancel,15742,,,1691000482
cancel,17925,,,1691000482
cancel,18186,,,1691000482
cancel,24999,,,1691000482
newOrder,17925,0,4937,1691000497
newOrder,18186,1,4937,1691000497
newOrder,12307,0,23813,1691000497
newOrder,24999,1,23813,1691000497
cancel,12307,,,1691001082
cancel,17925,,,1691001082
cancel,18186,,,1691001082
cancel,24999,,,1691001082
newOrder,17925,0,4938,1691001097
newOrder,18186,1,4938,1691001097
newOrder,15751,0,3625,1691001097
newOrder,19999,1,3625,1691001097
cancel,15751,,,1691001682
cancel,17925,,,1691001682
cancel,18186,,,1691001682
cancel,19999,,,1691001682
newOrder,17925,0,4934,1691001697
newOrder,18205,1,4934,1691001697
newOrder,15742,0,15168,1691001697
newOrder,24999,1,15168,1691001697
cancel,15742,,,1691002282
cancel,17925,,,1691002282
cancel,18205,,,1691002282
cancel,24999,,,1691002282
newOrder,17925,0,4934,1691002297
newOrder,18205,1,4934,1691002297
newOrder,12307,0,24590,1691002297
newOrder,24999,1,24590,1691002297
cancel,12307,,,1691002882
cancel,17925,,,1691002882
cancel,18205,,,1691002882
cancel,24999,,,1691002882
newOrder,17925,0,4941,1691002897
newOrder,18181,1,4941,1691002897
newOrder,12307,0,20709,1691002897
newOrder,24999,1,20709,1691002897
cancel,12307,,,1691003484
cancel,17925,,,1691003484
cancel,18181,,,1691003484
cancel,24999,,,1691003484
newOrder,17925,0,4940,1691003499
newOrder,18186,1,4940,1691003499
newOrder,12307,0,21653,1691003499
newOrder,24999,1,21653,1691003499
cancel,12307,,,1691004082
cancel,17925,,,1691004082
cancel,18186,,,1691004082
cancel,24999,,,1691004082
newOrder,17925,0,4938,1691004097
newOrder,18198,1,4938,1691004097
newOrder,12307,0,20793,1691004097
newOrder,24999,1,20793,1691004097
cancel,12307,,,1691004682
cancel,17925,,,1691004682
cancel,18198,,,1691004682
cancel,24999,,,1691004682
newOrder,17925,0,4942,1691004698
newOrder,18182,1,4942,1691004698
newOrder,12307,0,22052,1691004698
newOrder,24999,1,22052,1691004698
cancel,12307,,,1691005282
cancel,17925,,,1691005282
cancel,18182,,,1691005282
cancel,24999,,,1691005282
newOrder,17925,0,4952,1691005298
newOrder,18141,1,4952,1691005298
newOrder,12307,0,26591,1691005298
newOrder,24999,1,26591,1691005298
cancel,12307,,,1691005883
cancel,17925,,,1691005883
cancel,18141,,,1691005883
cancel,24999,,,1691005883
newOrder,17925,0,4939,1691005898
newOrder,18202,1,4939,1691005898
newOrder,12307,0,23294,1691005898
newOrder,24999,1,23294,1691005898
cancel,12307,,,1691006482
cancel,17925,,,1691006482
cancel,18202,,,1691006482
cancel,24999,,,1691006482
newOrder,17925,0,4946,1691006497
newOrder,18175,1,4946,1691006497
newOrder,15742,0,10060,1691006497
newOrder,24999,1,10060,1691006497
cancel,15742,,,1691007083
cancel,17925,,,1691007083
cancel,18175,,,1691007083
cancel,24999,,,1691007083
newOrder,17925,0,4953,1691007098
newOrder,18148,1,4953,1691007098
newOrder,15742,0,11911,1691007098
newOrder,24999,1,11911,1691007098
cancel,15742,,,1691007681
cancel,17925,,,1691007681
cancel,18148,,,1691007681
cancel,24999,,,1691007681
newOrder,17925,0,4947,1691007697
newOrder,18176,1,4947,1691007697
newOrder,15742,0,10407,1691007697
newOrder,24999,1,10407,1691007697
cancel,15742,,,1691008283
cancel,17925,,,1691008283
cancel,18176,,,1691008283
cancel,24999,,,1691008283
newOrder,17925,0,4955,1691008298
newOrder,18145,1,4955,1691008298
newOrder,12307,0,20148,1691008298
newOrder,24999,1,20148,1691008298
cancel,12307,,,1691008882
cancel,17925,,,1691008882
cancel,18145,,,1691008882
cancel,24999,,,1691008882
newOrder,17925,0,4954,1691008897
newOrder,18148,1,4954,1691008897
newOrder,12307,0,25243,1691008897
newOrder,24999,1,25243,1691008897
cancel,12307,,,1691009482
cancel,17925,,,1691009482
cancel,18148,,,1691009482
cancel,24999,,,1691009482
newOrder,17925,0,4947,1691009498
newOrder,18183,1,4947,1691009498
newOrder,15742,0,15169,1691009498
newOrder,24999,1,15169,1691009498
cancel,15742,,,1691010082
cancel,17925,,,1691010082
cancel,18183,,,1691010082
cancel,24999,,,1691010082
newOrder,17925,0,4948,1691010097
newOrder,18180,1,4948,1691010097
newOrder,12307,0,26257,1691010097
newOrder,24999,1,26257,1691010097
cancel,12307,,,1691010682
cancel,17925,,,1691010682
cancel,18180,,,1691010682
cancel,24999,,,1691010682
newOrder,17925,0,4956,1691010698
newOrder,18150,1,4956,1691010698
newOrder,15742,0,8771,1691010698
newOrder,24999,1,8771,1691010698
cancel,15742,,,1691011282
cancel,17925,,,1691011282
cancel,18150,,,1691011282
cancel,24999,,,1691011282
newOrder,17925,0,4950,1691011297
newOrder,18176,1,4950,1691011297
newOrder,12307,0,24041,1691011297
newOrder,24999,1,24041,1691011297
cancel,12307,,,1691011882
cancel,17925,,,1691011882
cancel,18176,,,1691011882
cancel,24999,,,1691011882
newOrder,17925,0,4945,1691011898
newOrder,18201,1,4945,1691011898
newOrder,15742,0,9346,1691011898
newOrder,24999,1,9346,1691011898
cancel,15742,,,1691012482
cancel,17925,,,1691012482
cancel,18201,,,1691012482
cancel,24999,,,1691012482
newOrder,17925,0,4946,1691012498
newOrder,18201,1,4946,1691012498
newOrder,12307,0,25399,1691012498
newOrder,24999,1,25399,1691012498
cancel,12307,,,1691013082
cancel,17925,,,1691013082
cancel,18201,,,1691013082
cancel,24999,,,1691013082
newOrder,17925,0,4944,1691013097
newOrder,18210,1,4944,1691013097
newOrder,12307,0,22582,1691013097
newOrder,24999,1,22582,1691013097
cancel,12307,,,1691013682
cancel,17925,,,1691013682
cancel,18210,,,1691013682
cancel,24999,,,1691013682
newOrder,17925,0,4952,1691013698
newOrder,18178,1,4952,1691013698
newOrder,12307,0,20254,1691013698
newOrder,24999,1,20254,1691013698
cancel,12307,,,1691014283
cancel,17925,,,1691014283
cancel,18178,,,1691014283
cancel,24999,,,1691014283
newOrder,17925,0,4953,1691014298
newOrder,18176,1,4953,1691014298
newOrder,15742,0,15901,1691014298
newOrder,24999,1,15901,1691014298
cancel,15742,,,1691014882
cancel,17925,,,1691014882
cancel,18176,,,1691014882
cancel,24999,,,1691014882
newOrder,17925,0,4959,1691014897
newOrder,18156,1,4959,1691014897
newOrder,12307,0,22422,1691014897
newOrder,24999,1,22422,1691014897
cancel,12307,,,1691015482
cancel,17925,,,1691015482
cancel,18156,,,1691015482
cancel,24999,,,1691015482
newOrder,17925,0,4960,1691015497
newOrder,18154,1,4960,1691015497
newOrder,15742,0,13640,1691015497
newOrder,24999,1,13640,1691015497
cancel,15742,,,1691016083
cancel,17925,,,1691016083
cancel,18154,,,1691016083
cancel,24999,,,1691016083
newOrder,17925,0,4954,1691016097
newOrder,18180,1,4954,1691016097
newOrder,15742,0,9588,1691016097
newOrder,24999,1,9588,1691016097
cancel,15742,,,1691016682
cancel,17925,,,1691016682
cancel,18180,,,1691016682
cancel,24999,,,1691016682
newOrder,17925,0,4953,1691016698
newOrder,18186,1,4953,1691016698
newOrder,12307,0,26449,1691016698
newOrder,24999,1,26449,1691016698
cancel,12307,,,1691017294
cancel,17925,,,1691017294
cancel,18186,,,1691017294
cancel,24999,,,1691017294
newOrder,17925,0,4955,1691017330
newOrder,18184,1,4955,1691017330
newOrder,15742,0,9384,1691017330
newOrder,24999,1,9384,1691017330
cancel,15742,,,1691017883
cancel,17925,,,1691017883
cancel,18184,,,1691017883
cancel,24999,,,1691017883
newOrder,17925,0,4976,1691017898
newOrder,18091,1,4976,1691017898
newOrder,12307,0,19659,1691017898
newOrder,24999,1,19659,1691017898
cancel,12307,,,1691018483
cancel,17925,,,1691018483
cancel,18091,,,1691018483
cancel,24999,,,1691018483
newOrder,17925,0,4974,1691018497
newOrder,18103,1,4974,1691018497
newOrder,15742,0,16303,1691018497
newOrder,24999,1,16303,1691018497
cancel,15742,,,1691019082
cancel,17925,,,1691019082
cancel,18103,,,1691019082
cancel,24999,,,1691019082
newOrder,17925,0,4977,1691019098
newOrder,18091,1,4977,1691019098
newOrder,12307,0,26842,1691019098
newOrder,24999,1,26842,1691019098
cancel,12307,,,1691019683
cancel,17925,,,1691019683
cancel,18091,,,1691019683
cancel,24999,,,1691019683
newOrder,17908,0,4985,1691019698
newOrder,18075,1,4985,1691019698
newOrder,15751,0,4139,1691019698
newOrder,19999,1,4139,1691019698
cancel,15751,,,1691020282
cancel,17908,,,1691020282
cancel,18075,,,1691020282
cancel,19999,,,1691020282
newOrder,17925,0,4953,1691020297
newOrder,18203,1,4953,1691020297
newOrder,15742,0,17926,1691020297
newOrder,24999,1,17926,1691020297
cancel,15742,,,1691020882
cancel,17925,,,1691020882
cancel,18203,,,1691020882
cancel,24999,,,1691020882
newOrder,17925,0,4973,1691020897
newOrder,18119,1,4973,1691020897
newOrder,15742,0,5849,1691020897
newOrder,23070,1,5849,1691020897
cancel,15742,,,1691021483
cancel,17925,,,1691021483
cancel,18119,,,1691021483
cancel,23070,,,1691021483
newOrder,17925,0,4979,1691021497
newOrder,18093,1,4979,1691021497
newOrder,15742,0,11362,1691021497
newOrder,24999,1,11362,1691021497
cancel,15742,,,1691022081
cancel,17925,,,1691022081
cancel,18093,,,1691022081
cancel,24999,,,1691022081
newOrder,17925,0,4983,1691022098
newOrder,18079,1,4983,1691022098
newOrder,15742,0,7173,1691022098
newOrder,24999,1,7173,1691022098
cancel,15742,,,1691022684
cancel,17925,,,1691022684
cancel,18079,,,1691022684
cancel,24999,,,1691022684
newOrder,17925,0,4984,1691022700
newOrder,18078,1,4984,1691022700
newOrder,12307,0,21378,1691022700
newOrder,24999,1,21378,1691022700
cancel,12307,,,1691023282
cancel,17925,,,1691023282
cancel,18078,,,1691023282
cancel,24999,,,1691023282
newOrder,17925,0,4982,1691023297
newOrder,18089,1,4982,1691023297
newOrder,12307,0,26295,1691023297
newOrder,24999,1,26295,1691023297
cancel,12307,,,1691023882
cancel,17925,,,1691023882
cancel,18089,,,1691023882
cancel,24999,,,1691023882
newOrder,17925,0,4985,1691023897
newOrder,18078,1,4985,1691023897
newOrder,12307,0,22796,1691023897
newOrder,24999,1,22796,1691023897
cancel,12307,,,1691024483
cancel,17925,,,1691024483
cancel,18078,,,1691024483
cancel,24999,,,1691024483
newOrder,17910,0,4989,1691024498
newOrder,18075,1,4989,1691024498
newOrder,14501,0,18687,1691024498
newOrder,24999,1,18687,1691024498
cancel,14501,,,1691025083
cancel,17910,,,1691025083
cancel,18075,,,1691025083
cancel,24999,,,1691025083
newOrder,17888,0,4994,1691025098
newOrder,18075,1,4994,1691025098
newOrder,15742,0,17616,1691025098
newOrder,24999,1,17616,1691025098
cancel,15742,,,1691025683
cancel,17888,,,1691025683
cancel,18075,,,1691025683
cancel,24999,,,1691025683
newOrder,17910,0,4990,1691025697
newOrder,18075,1,4990,1691025697
newOrder,12307,0,20903,1691025697
newOrder,24999,1,20903,1691025697
cancel,12307,,,1691026283
cancel,17910,,,1691026283
cancel,18075,,,1691026283
cancel,24999,,,1691026283
newOrder,17925,0,4982,1691026297
newOrder,18101,1,4982,1691026297
newOrder,15751,0,4338,1691026297
newOrder,19999,1,4338,1691026297
cancel,15751,,,1691026882
cancel,17925,,,1691026882
cancel,18101,,,1691026882
cancel,19999,,,1691026882
newOrder,17905,0,4993,1691026897
newOrder,18075,1,4993,1691026897
newOrder,12307,0,22782,1691026897
newOrder,24999,1,22782,1691026897
cancel,12307,,,1691027482
cancel,17905,,,1691027482
cancel,18075,,,1691027482
cancel,24999,,,1691027482
newOrder,17925,0,4971,1691027497
newOrder,18157,1,4971,1691027497
newOrder,12307,0,25323,1691027497
newOrder,24999,1,25323,1691027497
cancel,12307,,,1691028082
cancel,17925,,,1691028082
cancel,18157,,,1691028082
cancel,24999,,,1691028082
newOrder,17922,0,4990,1691028097
newOrder,18075,1,4990,1691028097
newOrder,12307,0,25808,1691028097
newOrder,24999,1,25808,1691028097
cancel,12307,,,1691028683
cancel,17922,,,1691028683
cancel,18075,,,1691028683
cancel,24999,,,1691028683
newOrder,17894,0,4997,1691028697
newOrder,18075,1,4997,1691028697
newOrder,15742,0,11887,1691028697
newOrder,24999,1,11887,1691028697
cancel,15742,,,1691029282
cancel,17894,,,1691029282
cancel,18075,,,1691029282
cancel,24999,,,1691029282
newOrder,17894,0,4997,1691029297
newOrder,18075,1,4997,1691029297
newOrder,15742,0,15681,1691029297
newOrder,24999,1,15681,1691029297
cancel,15742,,,1691029882
cancel,17894,,,1691029882
cancel,18075,,,1691029882
cancel,24999,,,1691029882
newOrder,17894,0,4998,1691029897
newOrder,18075,1,4998,1691029897
newOrder,12307,0,26253,1691029897
newOrder,24999,1,26253,1691029897
cancel,12307,,,1691030482
cancel,17894,,,1691030482
cancel,18075,,,1691030482
cancel,24999,,,1691030482
newOrder,17894,0,4999,1691030498
newOrder,18075,1,4999,1691030498
newOrder,15742,0,7176,1691030498
newOrder,24999,1,7176,1691030498
cancel,15742,,,1691031082
cancel,17894,,,1691031082
cancel,18075,,,1691031082
cancel,24999,,,1691031082
newOrder,17900,0,4998,1691031097
newOrder,18075,1,4998,1691031097
newOrder,12309,0,19133,1691031097
newOrder,24999,1,19133,1691031097
cancel,12309,,,1691031683
cancel,17900,,,1691031683
cancel,18075,,,1691031683
cancel,24999,,,1691031683
newOrder,17902,0,4998,1691031699
newOrder,18075,1,4998,1691031699
newOrder,15742,0,9101,1691031699
newOrder,24999,1,9101,1691031699
cancel,15742,,,1691032282
cancel,17902,,,1691032282
cancel,18075,,,1691032282
cancel,24999,,,1691032282
newOrder,17894,0,5000,1691032297
newOrder,18075,1,5000,1691032297
newOrder,12307,0,19567,1691032297
newOrder,24999,1,19567,1691032297
cancel,12307,,,1691032882
cancel,17894,,,1691032882
cancel,18075,,,1691032882
cancel,24999,,,1691032882
newOrder,17925,0,4990,1691032898
newOrder,18095,1,4990,1691032898
newOrder,12307,0,23058,1691032898
newOrder,24999,1,23058,1691032898
cancel,12307,,,1691033483
cancel,17925,,,1691033483
cancel,18095,,,1691033483
cancel,24999,,,1691033483
newOrder,17917,0,4997,1691033498
newOrder,18075,1,4997,1691033498
newOrder,15742,0,8449,1691033498
newOrder,24999,1,8449,1691033498
cancel,15742,,,1691034682
cancel,17917,,,1691034682
cancel,18075,,,1691034682
cancel,24999,,,1691034682
newOrder,17894,0,5003,1691034698
newOrder,18075,1,5003,1691034698
newOrder,15751,0,5211,1691034698
newOrder,19999,1,5211,1691034698
cancel,15751,,,1691035283
cancel,17894,,,1691035283
cancel,18075,,,1691035283
cancel,19999,,,1691035283
newOrder,17903,0,5002,1691035298
newOrder,18075,1,5002,1691035298
newOrder,15742,0,15341,1691035298
newOrder,24999,1,15341,1691035298
cancel,15742,,,1691035883
cancel,17903,,,1691035883
cancel,18075,,,1691035883
cancel,24999,,,1691035883
newOrder,17925,0,4995,1691035898
newOrder,18088,1,4995,1691035898
newOrder,12307,0,22664,1691035898
newOrder,24999,1,22664,1691035898
cancel,12307,,,1691036482
cancel,17925,,,1691036482
cancel,18088,,,1691036482
cancel,24999,,,1691036482
newOrder,17925,0,4992,1691036499
newOrder,18107,1,4992,1691036499
newOrder,12307,0,24240,1691036499
newOrder,24999,1,24240,1691036499
cancel,12307,,,1691037082
cancel,17925,,,1691037082
cancel,18107,,,1691037082
cancel,24999,,,1691037082
newOrder,17925,0,4991,1691037098
newOrder,18113,1,4991,1691037098
newOrder,15742,0,17863,1691037098
newOrder,24999,1,17863,1691037098
cancel,15742,,,1691037682
cancel,17925,,,1691037682
cancel,18113,,,1691037682
cancel,24999,,,1691037682
newOrder,17925,0,4999,1691037698
newOrder,18078,1,4999,1691037698
newOrder,12307,0,25127,1691037698
newOrder,24999,1,25127,1691037698
cancel,12307,,,1691038282
cancel,17925,,,1691038282
cancel,18078,,,1691038282
cancel,24999,,,1691038282
newOrder,17912,0,5003,1691038297
newOrder,18075,1,5003,1691038297
newOrder,15742,0,13082,1691038297
newOrder,24999,1,13082,1691038297
cancel,15742,,,1691038883
cancel,17912,,,1691038883
cancel,18075,,,1691038883
cancel,24999,,,1691038883
newOrder,17925,0,4995,1691038898
newOrder,18101,1,4995,1691038898
newOrder,15742,0,13773,1691038898
newOrder,24999,1,13773,1691038898
cancel,15742,,,1691039483
cancel,17925,,,1691039483
cancel,18101,,,1691039483
cancel,24999,,,1691039483
newOrder,17908,0,5005,1691039497
newOrder,18075,1,5005,1691039497
newOrder,12307,0,21625,1691039497
newOrder,24999,1,21625,1691039497
cancel,12307,,,1691040082
cancel,17908,,,1691040082
cancel,18075,,,1691040082
cancel,24999,,,1691040082
newOrder,17925,0,5001,1691040097
newOrder,18081,1,5001,1691040097
newOrder,15742,0,9108,1691040097
newOrder,24999,1,9108,1691040097
cancel,15742,,,1691040682
cancel,17925,,,1691040682
cancel,18081,,,1691040682
cancel,24999,,,1691040682
newOrder,17912,0,5005,1691040699
newOrder,18075,1,5005,1691040699
newOrder,15742,0,11637,1691040699
newOrder,24999,1,11637,1691040699
cancel,15742,,,1691041282
cancel,17912,,,1691041282
cancel,18075,,,1691041282
cancel,24999,,,1691041282
newOrder,17925,0,4993,1691041297
newOrder,18124,1,4993,1691041297
newOrder,15742,0,12986,1691041297
newOrder,24999,1,12986,1691041297
cancel,15742,,,1691041882
cancel,17925,,,1691041882
cancel,18124,,,1691041882
cancel,24999,,,1691041882
newOrder,17883,0,5012,1691041898
newOrder,18075,1,5012,1691041898
newOrder,15742,0,17089,1691041898
newOrder,24999,1,17089,1691041898
cancel,15742,,,1691042482
cancel,17883,,,1691042482
cancel,18075,,,1691042482
cancel,24999,,,1691042482
newOrder,17925,0,5000,1691042498
newOrder,18097,1,5000,1691042498
newOrder,15742,0,15200,1691042498
newOrder,24999,1,15200,1691042498
cancel,15742,,,1691043084
cancel,17925,,,1691043084
cancel,18097,,,1691043084
cancel,24999,,,1691043084
newOrder,17924,0,5005,1691043099
newOrder,18075,1,5005,1691043099
newOrder,12307,0,22974,1691043099
newOrder,24999,1,22974,1691043099
cancel,12307,,,1691043682
cancel,17924,,,1691043682
cancel,18075,,,1691043682
cancel,24999,,,1691043682
newOrder,17925,0,4996,1691043697
newOrder,18123,1,4996,1691043697
newOrder,15742,0,14999,1691043697
newOrder,24999,1,14999,1691043697
cancel,15742,,,1691044283
cancel,17925,,,1691044283
cancel,18123,,,1691044283
cancel,24999,,,1691044283
newOrder,17925,0,4998,1691044299
newOrder,18117,1,4998,1691044299
newOrder,15742,0,15743,1691044299
newOrder,24999,1,15743,1691044299
cancel,15742,,,1691044884
cancel,17925,,,1691044884
cancel,18117,,,1691044884
cancel,24999,,,1691044884
newOrder,17925,0,5007,1691044900
newOrder,18077,1,5007,1691044900
newOrder,12307,0,23656,1691044900
newOrder,24999,1,23656,1691044900
cancel,12307,,,1691045483
cancel,17925,,,1691045483
cancel,18077,,,1691045483
cancel,24999,,,1691045483
newOrder,17875,0,5018,1691045498
newOrder,18075,1,5018,1691045498
newOrder,12307,0,19613,1691045498
newOrder,24999,1,19613,1691045498
cancel,12307,,,1691046083
cancel,17875,,,1691046083
cancel,18075,,,1691046083
cancel,24999,,,1691046083
newOrder,17896,0,5014,1691046098
newOrder,18075,1,5014,1691046098
newOrder,15742,0,5543,1691046098
newOrder,19999,1,5543,1691046098
cancel,15742,,,1691046683
cancel,17896,,,1691046683
cancel,18075,,,1691046683
cancel,19999,,,1691046683
newOrder,17891,0,5016,1691046698
newOrder,18075,1,5016,1691046698
newOrder,15742,0,7998,1691046698
newOrder,24999,1,7998,1691046698
cancel,15742,,,1691047283
cancel,17891,,,1691047283
cancel,18075,,,1691047283
cancel,24999,,,1691047283
newOrder,17925,0,5009,1691047299
newOrder,18076,1,5009,1691047299
newOrder,12307,0,25192,1691047299
newOrder,24999,1,25192,1691047299
cancel,12307,,,1691047882
cancel,17925,,,1691047882
cancel,18076,,,1691047882
cancel,24999,,,1691047882
newOrder,17897,0,5016,1691047897
newOrder,18075,1,5016,1691047897
newOrder,12307,0,26961,1691047897
newOrder,24999,1,26961,1691047897
cancel,12307,,,1691048483
cancel,17897,,,1691048483
cancel,18075,,,1691048483
cancel,24999,,,1691048483
newOrder,17873,0,5021,1691048498
newOrder,18075,1,5021,1691048498
newOrder,15742,0,11661,1691048498
newOrder,24999,1,11661,1691048498
cancel,15742,,,1691049082
cancel,17873,,,1691049082
cancel,18075,,,1691049082
cancel,24999,,,1691049082
newOrder,17829,0,5030,1691049101
newOrder,18075,1,5030,1691049101
newOrder,15742,0,14223,1691049101
newOrder,24999,1,14223,1691049101
cancel,15742,,,1691049682
cancel,17829,,,1691049682
cancel,18075,,,1691049682
cancel,24999,,,1691049682
newOrder,17880,0,5021,1691049697
newOrder,18075,1,5021,1691049697
newOrder,12307,0,26702,1691049697
newOrder,24999,1,26702,1691049697
cancel,12307,,,1691050283
cancel,17880,,,1691050283
cancel,18075,,,1691050283
cancel,24999,,,1691050283
newOrder,17842,0,5029,1691050298
newOrder,18075,1,5029,1691050298
newOrder,12307,0,21226,1691050298
newOrder,24999,1,21226,1691050298
cancel,12307,,,1691050883
cancel,17842,,,1691050883
cancel,18075,,,1691050883
cancel,24999,,,1691050883
newOrder,17872,0,5024,1691050899
newOrder,18075,1,5024,1691050899
newOrder,12307,0,24595,1691050899
newOrder,24999,1,24595,1691050899
cancel,12307,,,1691051483
cancel,17872,,,1691051483
cancel,18075,,,1691051483
cancel,24999,,,1691051483
newOrder,17828,0,5033,1691051498
newOrder,18075,1,5033,1691051498
newOrder,15742,0,17551,1691051498
newOrder,24999,1,17551,1691051498
cancel,15742,,,1691052082
cancel,17828,,,1691052082
cancel,18075,,,1691052082
cancel,24999,,,1691052082
newOrder,17921,0,5015,1691052098
newOrder,18075,1,5015,1691052098
newOrder,12307,0,25160,1691052098
newOrder,24999,1,25160,1691052098
cancel,12307,,,1691052683
cancel,17921,,,1691052683
cancel,18075,,,1691052683
cancel,24999,,,1691052683
newOrder,17873,0,5026,1691052699
newOrder,18075,1,5026,1691052699
newOrder,12307,0,25735,1691052699
newOrder,24999,1,25735,1691052699
cancel,12307,,,1691053282
cancel,17873,,,1691053282
cancel,18075,,,1691053282
cancel,24999,,,1691053282
newOrder,17871,0,5027,1691053297
newOrder,18075,1,5027,1691053297
newOrder,15742,0,6189,1691053297
newOrder,24999,1,6189,1691053297
cancel,15742,,,1691053882
cancel,17871,,,1691053882
cancel,18075,,,1691053882
cancel,24999,,,1691053882
newOrder,17898,0,5022,1691053898
newOrder,18075,1,5022,1691053898
newOrder,15742,0,6554,1691053898
newOrder,24999,1,6554,1691053898
cancel,15742,,,1691054482
cancel,17898,,,1691054482
cancel,18075,,,1691054482
cancel,24999,,,1691054482
newOrder,17921,0,5018,1691054497
newOrder,18075,1,5018,1691054497
newOrder,15742,0,9566,1691054497
newOrder,24999,1,9566,1691054497
cancel,15742,,,1691055083
cancel,17921,,,1691055083
cancel,18075,,,1691055083
cancel,24999,,,1691055083
newOrder,17885,0,5026,1691055097
newOrder,18075,1,5026,1691055097
newOrder,12307,0,22643,1691055097
newOrder,24999,1,22643,1691055097
cancel,12307,,,1691055682
cancel,17885,,,1691055682
cancel,18075,,,1691055682
cancel,24999,,,1691055682
newOrder,17921,0,5019,1691055698
newOrder,18075,1,5019,1691055698
newOrder,15742,0,5840,1691055698
newOrder,21899,1,5840,1691055698
cancel,15742,,,1691056283
cancel,17921,,,1691056283
cancel,18075,,,1691056283
cancel,21899,,,1691056283
newOrder,17895,0,5025,1691056299
newOrder,18075,1,5025,1691056299
newOrder,12307,0,22324,1691056299
newOrder,24999,1,22324,1691056299
cancel,12307,,,1691056882
cancel,17895,,,1691056882
cancel,18075,,,1691056882
cancel,24999,,,1691056882
newOrder,17885,0,5028,1691056898
newOrder,18075,1,5028,1691056898
newOrder,15742,0,16815,1691056898
newOrder,24999,1,16815,1691056898
cancel,15742,,,1691057482
cancel,17885,,,1691057482
cancel,18075,,,1691057482
cancel,24999,,,1691057482
newOrder,17851,0,5035,1691057498
newOrder,18075,1,5035,1691057498
newOrder,12307,0,21257,1691057498
newOrder,24999,1,21257,1691057498
cancel,12307,,,1691058082
cancel,17851,,,1691058082
cancel,18075,,,1691058082
cancel,24999,,,1691058082
newOrder,17828,0,5040,1691058099
newOrder,18075,1,5040,1691058099
newOrder,12309,0,18922,1691058099
newOrder,24999,1,18922,1691058099
cancel,12309,,,1691058683
cancel,17828,,,1691058683
cancel,18075,,,1691058683
cancel,24999,,,1691058683
newOrder,17862,0,5034,1691058698
newOrder,18075,1,5034,1691058698
newOrder,12307,0,20251,1691058698
newOrder,24999,1,20251,1691058698
cancel,12307,,,1691059282
cancel,17862,,,1691059282
cancel,18075,,,1691059282
cancel,24999,,,1691059282
newOrder,17849,0,5037,1691059298
newOrder,18075,1,5037,1691059298
newOrder,15742,0,9604,1691059298
newOrder,24999,1,9604,1691059298
cancel,15742,,,1691059882
cancel,17849,,,1691059882
cancel,18075,,,1691059882
cancel,24999,,,1691059882
newOrder,17921,0,5023,1691059898
newOrder,18075,1,5023,1691059898
newOrder,15742,0,14062,1691059898
newOrder,24999,1,14062,1691059898
cancel,15742,,,1691060482
cancel,17921,,,1691060482
cancel,18075,,,1691060482
cancel,24999,,,1691060482
newOrder,17887,0,5031,1691060498
newOrder,18075,1,5031,1691060498
newOrder,15742,0,13068,1691060498
newOrder,24999,1,13068,1691060498
cancel,15742,,,1691061082
cancel,17887,,,1691061082
cancel,18075,,,1691061082
cancel,24999,,,1691061082
newOrder,17902,0,5029,1691061097
newOrder,18075,1,5029,1691061097
newOrder,15742,0,6376,1691061097
newOrder,24999,1,6376,1691061097
cancel,15742,,,1691061683
cancel,17902,,,1691061683
cancel,18075,,,1691061683
cancel,24999,,,1691061683
newOrder,17873,0,5035,1691061698
newOrder,18075,1,5035,1691061698
newOrder,12307,0,20316,1691061698
newOrder,24999,1,20316,1691061698
cancel,12307,,,1691062282
cancel,17873,,,1691062282
cancel,18075,,,1691062282
cancel,24999,,,1691062282
newOrder,17925,0,5025,1691062298
newOrder,18075,1,5025,1691062298
newOrder,12307,0,21106,1691062298
newOrder,24999,1,21106,1691062298
cancel,12307,,,1691062883
cancel,17925,,,1691062883
cancel,18075,,,1691062883
cancel,24999,,,1691062883
newOrder,17902,0,5031,1691062898
newOrder,18075,1,5031,1691062898
newOrder,15742,0,18635,1691062898
newOrder,24999,1,18635,1691062898
cancel,15742,,,1691063482
cancel,17902,,,1691063482
cancel,18075,,,1691063482
cancel,24999,,,1691063482
newOrder,17925,0,5016,1691063498
newOrder,18124,1,5016,1691063498
newOrder,15742,0,15432,1691063498
newOrder,24999,1,15432,1691063498
cancel,15742,,,1691064086
cancel,17925,,,1691064086
cancel,18124,,,1691064086
cancel,24999,,,1691064086
newOrder,17925,0,5017,1691064101
newOrder,18124,1,5017,1691064101
newOrder,15742,0,10019,1691064101
newOrder,24999,1,10019,1691064101