instruction,price,side,qty,time
cancel,10423,,,1684498554
cancel,17372,,,1684498554
cancel,19066,,,1684498554
cancel,24999,,,1684498554
newOrder,17372,0,10019,1684498582
newOrder,19066,1,10019,1684498582
newOrder,10423,0,32408,1684498582
newOrder,24957,1,32408,1684498582
cancel,10423,,,1684499153
cancel,17372,,,1684499153
cancel,19066,,,1684499153
cancel,24957,,,1684499153
newOrder,17371,0,10020,1684499182
newOrder,19066,1,10020,1684499182
newOrder,10423,0,33394,1684499182
newOrder,24957,1,33394,1684499182
cancel,10423,,,1684499754
cancel,17371,,,1684499754
cancel,19066,,,1684499754
cancel,24957,,,1684499754
newOrder,17379,0,10034,1684499783
newOrder,19066,1,10034,1684499783
newOrder,12179,0,14157,1684499783
newOrder,24957,1,14157,1684499783
cancel,12179,,,1684500354
cancel,17379,,,1684500354
cancel,19066,,,1684500354
cancel,24957,,,1684500354
newOrder,17379,0,10035,1684500382
newOrder,19066,1,10035,1684500382
cancel,17379,,,1684500954
cancel,19066,,,1684500954
newOrder,17379,0,10037,1684500983
newOrder,19066,1,10037,1684500983
newOrder,10427,0,50664,1684500983
newOrder,24999,1,50664,1684500983
cancel,10427,,,1684501553
cancel,17379,,,1684501553
cancel,19066,,,1684501553
cancel,24999,,,1684501553
newOrder,17379,0,10038,1684501583
newOrder,19066,1,10038,1684501583
newOrder,10427,0,45002,1684501583
newOrder,24999,1,45002,1684501583
cancel,10427,,,1684502154
cancel,17379,,,1684502154
cancel,19066,,,1684502154
cancel,24999,,,1684502154
newOrder,17379,0,10040,1684502181
newOrder,19066,1,10040,1684502181
newOrder,10428,0,53215,1684502181
newOrder,24999,1,53215,1684502181
cancel,10428,,,1684502753
cancel,17379,,,1684502753
cancel,19066,,,1684502753
cancel,24999,,,1684502753
newOrder,17379,0,10041,1684502781
newOrder,19066,1,10041,1684502781
newOrder,12162,0,26471,1684502781
newOrder,24957,1,26471,1684502781
cancel,12162,,,1684503354
cancel,17379,,,1684503354
cancel,19066,,,1684503354
cancel,24957,,,1684503354
newOrder,17379,0,10043,1684503382
newOrder,19066,1,10043,1684503382
newOrder,10427,0,43735,1684503382
newOrder,24999,1,43735,1684503382
cancel,10427,,,1684503956
cancel,17379,,,1684503956
cancel,19066,,,1684503956
cancel,24999,,,1684503956
newOrder,17379,0,10046,1684503985
newOrder,19066,1,10046,1684503985
newOrder,12179,0,17969,1684503985
newOrder,24957,1,17969,1684503985
cancel,12179,,,1684504556
cancel,17379,,,1684504556
cancel,19066,,,1684504556
cancel,24957,,,1684504556
newOrder,17379,0,10047,1684504589
newOrder,19066,1,10047,1684504589
newOrder,10428,0,40168,1684504589
newOrder,24999,1,40168,1684504589
cancel,10428,,,1684505154
cancel,17379,,,1684505154
cancel,19066,,,1684505154
cancel,24999,,,1684505154
newOrder,17380,0,10050,1684505183
newOrder,19066,1,10050,1684505183
newOrder,10428,0,41220,1684505183
newOrder,24999,1,41220,1684505183
cancel,10428,,,1684505754
cancel,17380,,,1684505754
cancel,19066,,,1684505754
cancel,24999,,,1684505754
newOrder,17381,0,10053,1684505782
newOrder,19066,1,10053,1684505782
cancel,17381,,,1684506353
cancel,19066,,,1684506353
newOrder,17419,0,10111,1684506382
newOrder,19066,1,10111,1684506382
newOrder,12179,0,15513,1684506382
newOrder,24957,1,15513,1684506382
cancel,12179,,,1684506954
cancel,17419,,,1684506954
cancel,19066,,,1684506954
cancel,24957,,,1684506954
newOrder,17379,0,10054,1684506983
newOrder,19066,1,10054,1684506983
newOrder,12162,0,27388,1684506983
newOrder,24957,1,27388,1684506983
cancel,12162,,,1684507553
cancel,17379,,,1684507553
cancel,19066,,,1684507553
cancel,24957,,,1684507553
newOrder,17388,0,10069,1684507581
newOrder,19066,1,10069,1684507581
newOrder,12013,0,29053,1684507581
newOrder,24957,1,29053,1684507581
cancel,12013,,,1684508154
cancel,17388,,,1684508154
cancel,19066,,,1684508154
cancel,24957,,,1684508154
newOrder,17390,0,10074,1684508182
newOrder,19066,1,10074,1684508182
newOrder,12179,0,22511,1684508182
newOrder,24957,1,22511,1684508182
cancel,12179,,,1684508753
cancel,17390,,,1684508753
cancel,19066,,,1684508753
cancel,24957,,,1684508753
newOrder,17390,0,10075,1684508784
newOrder,19066,1,10075,1684508784
newOrder,12179,0,14590,1684508784
newOrder,24957,1,14590,1684508784
cancel,12179,,,1684509354
cancel,17390,,,1684509354
cancel,19066,,,1684509354
cancel,24957,,,1684509354
newOrder,17390,0,10077,1684509383
newOrder,19066,1,10077,1684509383
newOrder,10434,0,29790,1684509383
newOrder,24957,1,29790,1684509383
cancel,10434,,,1684509954
cancel,17390,,,1684509954
cancel,19066,,,1684509954
cancel,24957,,,1684509954
newOrder,17390,0,10078,1684509984
newOrder,19066,1,10078,1684509984
newOrder,10434,0,51551,1684509984
newOrder,24999,1,51551,1684509984
cancel,10434,,,1684510555
cancel,17390,,,1684510555
cancel,19066,,,1684510555
cancel,24999,,,1684510555
newOrder,17389,0,10078,1684510584
newOrder,19066,1,10078,1684510584
newOrder,12179,0,23134,1684510584
newOrder,24957,1,23134,1684510584
cancel,12179,,,1684511154
cancel,17389,,,1684511154
cancel,19066,,,1684511154
cancel,24957,,,1684511154
newOrder,17388,0,10079,1684511182
newOrder,19066,1,10079,1684511182
newOrder,10433,0,40495,1684511182
newOrder,24999,1,40495,1684511182
cancel,10433,,,1684511754
cancel,17388,,,1684511754
cancel,19066,,,1684511754
cancel,24999,,,1684511754
newOrder,17389,0,10082,1684511782
newOrder,19066,1,10082,1684511782
newOrder,10434,0,37044,1684511782
newOrder,24999,1,37044,1684511782
cancel,10434,,,1684512354
cancel,17389,,,1684512354
cancel,19066,,,1684512354
cancel,24999,,,1684512354
newOrder,17389,0,10084,1684512381
newOrder,19066,1,10084,1684512381
newOrder,10434,0,47421,1684512381
newOrder,24999,1,47421,1684512381
cancel,10434,,,1684512954
cancel,17389,,,1684512954
cancel,19066,,,1684512954
cancel,24999,,,1684512954
newOrder,17388,0,10084,1684512983
newOrder,19066,1,10084,1684512983
newOrder,10433,0,33483,1684512983
newOrder,24957,1,33483,1684512983
cancel,10433,,,1684513554
cancel,17388,,,1684513554
cancel,19066,,,1684513554
cancel,24957,,,1684513554
newOrder,17388,0,10086,1684513582
newOrder,19066,1,10086,1684513582
newOrder,10433,0,45155,1684513582
newOrder,24999,1,45155,1684513582
cancel,10433,,,1684514154
cancel,17388,,,1684514154
cancel,19066,,,1684514154
cancel,24999,,,1684514154
newOrder,17446,0,10173,1684514182
newOrder,19066,1,10173,1684514182
newOrder,10467,0,40735,1684514182
newOrder,24999,1,40735,1684514182
cancel,10467,,,1684514754
cancel,17446,,,1684514754
cancel,19066,,,1684514754
cancel,24999,,,1684514754
newOrder,17446,0,10175,1684514782
newOrder,19066,1,10175,1684514782
newOrder,10467,0,43742,1684514782
newOrder,24999,1,43742,1684514782
cancel,10467,,,1684515357
cancel,17446,,,1684515357
cancel,19066,,,1684515357
cancel,24999,,,1684515357
newOrder,17446,0,10176,1684515386
newOrder,19066,1,10176,1684515386
newOrder,10467,0,54473,1684515386
newOrder,24999,1,54473,1684515386
cancel,10467,,,1684515954
cancel,17446,,,1684515954
cancel,19066,,,1684515954
cancel,24999,,,1684515954
newOrder,17446,0,10178,1684515982
newOrder,19066,1,10178,1684515982
newOrder,12013,0,28445,1684515982
newOrder,24957,1,28445,1684515982
cancel,12013,,,1684516553
cancel,17446,,,1684516553
cancel,19066,,,1684516553
cancel,24957,,,1684516553
newOrder,17446,0,10180,1684516582
newOrder,19066,1,10180,1684516582
newOrder,10467,0,40955,1684516582
newOrder,24999,1,40955,1684516582
cancel,10467,,,1684517154
cancel,17446,,,1684517154
cancel,19066,,,1684517154
cancel,24999,,,1684517154
newOrder,17446,0,10182,1684517182
newOrder,19066,1,10182,1684517182
newOrder,10467,0,48741,1684517182
newOrder,24999,1,48741,1684517182
cancel,10467,,,1684517754
cancel,17446,,,1684517754
cancel,19066,,,1684517754
cancel,24999,,,1684517754
newOrder,17446,0,10183,1684517781
newOrder,19066,1,10183,1684517781
newOrder,10467,0,48163,1684517781
newOrder,24999,1,48163,1684517781
cancel,10467,,,1684518353
cancel,17446,,,1684518353
cancel,19066,,,1684518353
cancel,24999,,,1684518353
newOrder,17446,0,10185,1684518384
newOrder,19066,1,10185,1684518384
newOrder,10467,0,52920,1684518384
newOrder,24999,1,52920,1684518384
cancel,10467,,,1684518954
cancel,17446,,,1684518954
cancel,19066,,,1684518954
cancel,24999,,,1684518954
newOrder,17446,0,10187,1684518983
newOrder,19066,1,10187,1684518983
newOrder,12179,0,14635,1684518983
newOrder,24957,1,14635,1684518983
cancel,12179,,,1684519555
cancel,17446,,,1684519555
cancel,19066,,,1684519555
cancel,24957,,,1684519555
newOrder,17446,0,10189,1684519583
newOrder,19066,1,10189,1684519583
newOrder,12179,0,17276,1684519583
newOrder,24957,1,17276,1684519583
cancel,12179,,,1684520155
cancel,17446,,,1684520155
cancel,19066,,,1684520155
cancel,24957,,,1684520155
newOrder,17587,0,10388,1684520186
newOrder,19066,1,10388,1684520186
newOrder,17451,0,8026,1684520186
cancel,17451,,,1684520755
cancel,17587,,,1684520755
cancel,19066,,,1684520755
newOrder,17567,0,10364,1684520785
newOrder,19066,1,10364,1684520785
newOrder,10540,0,49470,1684520785
newOrder,24999,1,49470,1684520785
cancel,10540,,,1684521354
cancel,17567,,,1684521354
cancel,19066,,,1684521354
cancel,24999,,,1684521354
newOrder,17552,0,10345,1684521384
newOrder,19066,1,10345,1684521384
newOrder,12179,0,18191,1684521384
newOrder,24957,1,18191,1684521384
cancel,12179,,,1684521954
cancel,17552,,,1684521954
cancel,19066,,,1684521954
cancel,24957,,,1684521954
newOrder,17550,0,10344,1684521987
newOrder,19066,1,10344,1684521987
newOrder,10530,0,41573,1684521987
newOrder,24999,1,41573,1684521987
cancel,10530,,,1684522554
cancel,17550,,,1684522554
cancel,19066,,,1684522554
cancel,24999,,,1684522554
newOrder,17550,0,10346,1684522582
newOrder,19066,1,10346,1684522582
newOrder,10530,0,41451,1684522582
newOrder,24999,1,41451,1684522582
cancel,10530,,,1684523154
cancel,17550,,,1684523154
cancel,19066,,,1684523154
cancel,24999,,,1684523154
newOrder,17571,0,10377,1684523183
newOrder,19066,1,10377,1684523183
newOrder,10543,0,34806,1684523183
newOrder,24957,1,34806,1684523183
cancel,10543,,,1684523754
cancel,17571,,,1684523754
cancel,19066,,,1684523754
cancel,24957,,,1684523754
newOrder,17552,0,10352,1684523782
newOrder,19066,1,10352,1684523782
newOrder,12013,0,29180,1684523782
newOrder,24957,1,29180,1684523782
cancel,12013,,,1684524354
cancel,17552,,,1684524354
cancel,19066,,,1684524354
cancel,24957,,,1684524354
newOrder,17552,0,10355,1684524382
newOrder,19066,1,10355,1684524382
newOrder,10531,0,43659,1684524382
newOrder,24999,1,43659,1684524382
cancel,10531,,,1684524954
cancel,17552,,,1684524954
cancel,19066,,,1684524954
cancel,24999,,,1684524954
newOrder,17551,0,10355,1684524982
newOrder,19066,1,10355,1684524982
newOrder,10531,0,45255,1684524982
newOrder,24999,1,45255,1684524982
cancel,10531,,,1684525555
cancel,17551,,,1684525555
cancel,19066,,,1684525555
cancel,24999,,,1684525555
newOrder,17552,0,10359,1684525584
newOrder,19066,1,10359,1684525584
newOrder,12179,0,17813,1684525584
newOrder,24957,1,17813,1684525584
cancel,12179,,,1684526154
cancel,17552,,,1684526154
cancel,19066,,,1684526154
cancel,24957,,,1684526154
newOrder,17551,0,10359,1684526185
newOrder,19066,1,10359,1684526185
newOrder,10531,0,36873,1684526185
newOrder,24999,1,36873,1684526185
cancel,10531,,,1684526754
cancel,17551,,,1684526754
cancel,19066,,,1684526754
cancel,24999,,,1684526754
newOrder,17552,0,10362,1684526783
newOrder,19066,1,10362,1684526783
newOrder,12179,0,21141,1684526783
newOrder,24957,1,21141,1684526783
cancel,12179,,,1684527191
cancel,17552,,,1684527191
cancel,19066,,,1684527191
cancel,24957,,,1684527191
newOrder,17485,0,10277,1684527198
newOrder,19073,1,10277,1684527198
newOrder,12179,0,12729,1684527198
newOrder,24957,1,12729,1684527198
cancel,12179,,,1684527354
cancel,17485,,,1684527354
cancel,19073,,,1684527354
cancel,24957,,,1684527354
newOrder,17552,0,10363,1684527382
newOrder,19066,1,10363,1684527382
newOrder,10531,0,42706,1684527382
newOrder,24999,1,42706,1684527382
cancel,10531,,,1684527954
cancel,17552,,,1684527954
cancel,19066,,,1684527954
cancel,24999,,,1684527954
newOrder,17492,0,10282,1684527984
newOrder,19066,1,10282,1684527984
newOrder,12162,0,26802,1684527984
newOrder,24957,1,26802,1684527984
cancel,12162,,,1684528554
cancel,17492,,,1684528554
cancel,19066,,,1684528554
cancel,24957,,,1684528554
newOrder,17451,0,10223,1684528583
newOrder,19066,1,10223,1684528583
newOrder,12179,0,13890,1684528583
newOrder,24957,1,13890,1684528583
cancel,12179,,,1684529154
cancel,17451,,,1684529154
cancel,19066,,,1684529154
cancel,24957,,,1684529154
newOrder,17357,0,10080,1684529183
newOrder,19066,1,10080,1684529183
newOrder,12179,0,18378,1684529183
newOrder,24957,1,18378,1684529183
cancel,12179,,,1684529754
cancel,17357,,,1684529754
cancel,19066,,,1684529754
cancel,24957,,,1684529754
newOrder,17363,0,10092,1684529783
newOrder,19066,1,10092,1684529783
newOrder,10418,0,32987,1684529783
newOrder,24957,1,32987,1684529783
cancel,10418,,,1684530353
cancel,17363,,,1684530353
cancel,19066,,,1684530353
cancel,24957,,,1684530353
newOrder,17362,0,10092,1684530382
newOrder,19066,1,10092,1684530382
newOrder,10417,0,41105,1684530382
newOrder,24999,1,41105,1684530382
cancel,10417,,,1684530953
cancel,17362,,,1684530953
cancel,19066,,,1684530953
cancel,24999,,,1684530953
newOrder,17363,0,10095,1684530982
newOrder,19066,1,10095,1684530982
newOrder,12179,0,12085,1684530982
newOrder,24957,1,12085,1684530982
cancel,12179,,,1684531554
cancel,17363,,,1684531554
cancel,19066,,,1684531554
cancel,24957,,,1684531554
newOrder,17365,0,10099,1684531584
newOrder,19066,1,10099,1684531584
newOrder,10419,0,52067,1684531584
newOrder,24999,1,52067,1684531584
cancel,10419,,,1684532154
cancel,17365,,,1684532154
cancel,19066,,,1684532154
cancel,24999,,,1684532154
newOrder,17363,0,10099,1684532186
newOrder,19066,1,10099,1684532186
newOrder,12179,0,14002,1684532186
newOrder,24957,1,14002,1684532186
cancel,12179,,,1684532754
cancel,17363,,,1684532754
cancel,19066,,,1684532754
cancel,24957,,,1684532754
newOrder,17363,0,10100,1684532783
newOrder,19066,1,10100,1684532783
newOrder,12179,0,24600,1684532783
newOrder,24957,1,24600,1684532783
cancel,12179,,,1684533354
cancel,17363,,,1684533354
cancel,19066,,,1684533354
cancel,24957,,,1684533354
newOrder,17364,0,10104,1684533382
newOrder,19066,1,10104,1684533382
newOrder,17351,0,2366,1684533382
cancel,17351,,,1684533954
cancel,17364,,,1684533954
cancel,19066,,,1684533954
newOrder,17364,0,10105,1684533985
newOrder,19066,1,10105,1684533985
newOrder,10419,0,35050,1684533985
newOrder,24957,1,35050,1684533985
cancel,10419,,,1684534553
cancel,17364,,,1684534553
cancel,19066,,,1684534553
cancel,24957,,,1684534553
newOrder,17363,0,10106,1684534582
newOrder,19066,1,10106,1684534582
newOrder,12179,0,16563,1684534582
newOrder,24957,1,16563,1684534582
cancel,12179,,,1684535153
cancel,17363,,,1684535153
cancel,19066,,,1684535153
cancel,24957,,,1684535153
newOrder,17363,0,10107,1684535183
newOrder,19066,1,10107,1684535183
newOrder,10418,0,33781,1684535183
newOrder,24957,1,33781,1684535183
cancel,10418,,,1684535755
cancel,17363,,,1684535755
cancel,19066,,,1684535755
cancel,24957,,,1684535755
newOrder,17364,0,10110,1684535782
newOrder,19066,1,10110,1684535782
newOrder,10418,0,29977,1684535782
newOrder,24957,1,29977,1684535782
cancel,10418,,,1684536354
cancel,17364,,,1684536354
cancel,19066,,,1684536354
cancel,24957,,,1684536354
newOrder,17364,0,10112,1684536381
newOrder,19066,1,10112,1684536381
newOrder,17351,0,2354,1684536381
cancel,17351,,,1684536954
cancel,17364,,,1684536954
cancel,19066,,,1684536954
newOrder,17364,0,10113,1684536981
newOrder,19066,1,10113,1684536981
newOrder,10418,0,37313,1684536981
newOrder,24999,1,37313,1684536981
cancel,10418,,,1684537554
cancel,17364,,,1684537554
cancel,19066,,,1684537554
cancel,24999,,,1684537554
newOrder,17363,0,10113,1684537581
newOrder,19066,1,10113,1684537581
newOrder,12179,0,20052,1684537581
newOrder,24957,1,20052,1684537581
cancel,12179,,,1684538154
cancel,17363,,,1684538154
cancel,19066,,,1684538154
cancel,24957,,,1684538154
newOrder,17364,0,10116,1684538183
newOrder,19066,1,10116,1684538183
newOrder,12162,0,27305,1684538183
newOrder,24957,1,27305,1684538183
cancel,12162,,,1684538754
cancel,17364,,,1684538754
cancel,19066,,,1684538754
cancel,24957,,,1684538754
newOrder,17364,0,10118,1684538783
newOrder,19066,1,10118,1684538783
newOrder,12179,0,15630,1684538783
newOrder,24957,1,15630,1684538783
cancel,12179,,,1684539355
cancel,17364,,,1684539355
cancel,19066,,,1684539355
cancel,24957,,,1684539355
newOrder,17363,0,10119,1684539383
newOrder,19066,1,10119,1684539383
newOrder,12179,0,23468,1684539383
newOrder,24957,1,23468,1684539383
cancel,12179,,,1684539954
cancel,17363,,,1684539954
cancel,19066,,,1684539954
cancel,24957,,,1684539954
newOrder,17363,0,10119,1684539982
newOrder,19066,1,10119,1684539982
newOrder,12179,0,22644,1684539982
newOrder,24957,1,22644,1684539982
cancel,12179,,,1684540553
cancel,17363,,,1684540553
cancel,19066,,,1684540553
cancel,24957,,,1684540553
newOrder,17364,0,10123,1684540583
newOrder,19066,1,10123,1684540583
newOrder,12179,0,11589,1684540583
newOrder,24957,1,11589,1684540583
cancel,12179,,,1684541154
cancel,17364,,,1684541154
cancel,19066,,,1684541154
cancel,24957,,,1684541154
newOrder,17364,0,10124,1684541181
newOrder,19066,1,10124,1684541181
newOrder,12179,0,23080,1684541181
newOrder,24957,1,23080,1684541181
cancel,12179,,,1684541754
cancel,17364,,,1684541754
cancel,19066,,,1684541754
cancel,24957,,,1684541754
newOrder,17363,0,10125,1684541782
newOrder,19066,1,10125,1684541782
newOrder,10418,0,33078,1684541782
newOrder,24957,1,33078,1684541782
cancel,10418,,,1684542354
cancel,17363,,,1684542354
cancel,19066,,,1684542354
cancel,24957,,,1684542354
newOrder,17364,0,10128,1684542383
newOrder,19066,1,10128,1684542383
newOrder,10418,0,36919,1684542383
newOrder,24999,1,36919,1684542383
cancel,10418,,,1684542954
cancel,17364,,,1684542954
cancel,19066,,,1684542954
cancel,24999,,,1684542954
newOrder,17364,0,10130,1684542984
newOrder,19066,1,10130,1684542984
newOrder,10418,0,38479,1684542984
newOrder,24999,1,38479,1684542984
cancel,10418,,,1684543553
cancel,17364,,,1684543553
cancel,19066,,,1684543553
cancel,24999,,,1684543553
newOrder,17364,0,10132,1684543582
newOrder,19066,1,10132,1684543582
newOrder,12179,0,11763,1684543582
newOrder,24957,1,11763,1684543582
cancel,12179,,,1684544154
cancel,17364,,,1684544154
cancel,19066,,,1684544154
cancel,24957,,,1684544154
newOrder,17337,0,10090,1684544186
newOrder,19066,1,10090,1684544186
newOrder,12179,0,24499,1684544186
newOrder,24957,1,24499,1684544186
cancel,12179,,,1684544753
cancel,17337,,,1684544753
cancel,19066,,,1684544753
cancel,24957,,,1684544753
newOrder,17337,0,10092,1684544782
newOrder,19066,1,10092,1684544782
newOrder,12179,0,18506,1684544782
newOrder,24957,1,18506,1684544782
cancel,12179,,,1684545353
cancel,17337,,,1684545353
cancel,19066,,,1684545353
cancel,24957,,,1684545353
newOrder,17337,0,10093,1684545382
newOrder,19066,1,10093,1684545382
newOrder,12179,0,10846,1684545382
newOrder,24957,1,10846,1684545382
cancel,12179,,,1684545954
cancel,17337,,,1684545954
cancel,19066,,,1684545954
cancel,24957,,,1684545954
newOrder,17337,0,10095,1684545980
newOrder,19066,1,10095,1684545980
cancel,17337,,,1684546553
cancel,19066,,,1684546553
newOrder,17337,0,10097,1684546583
newOrder,19066,1,10097,1684546583
newOrder,10402,0,46547,1684546583
newOrder,24999,1,46547,1684546583
cancel,10402,,,1684547154
cancel,17337,,,1684547154
cancel,19066,,,1684547154
cancel,24999,,,1684547154
newOrder,17337,0,10098,1684547182
newOrder,19066,1,10098,1684547182
newOrder,10402,0,37098,1684547182
newOrder,24999,1,37098,1684547182
cancel,10402,,,1684547754
cancel,17337,,,1684547754
cancel,19066,,,1684547754
cancel,24999,,,1684547754
newOrder,17337,0,10100,1684547783
newOrder,19066,1,10100,1684547783
newOrder,12179,0,20657,1684547783
newOrder,24957,1,20657,1684547783
cancel,12179,,,1684548354
cancel,17337,,,1684548354
cancel,19066,,,1684548354
cancel,24957,,,1684548354
newOrder,17337,0,10102,1684548382
newOrder,19066,1,10102,1684548382
cancel,17337,,,1684548953
cancel,19066,,,1684548953
newOrder,17337,0,10103,1684548982
newOrder,19066,1,10103,1684548982
newOrder,10402,0,49373,1684548982
newOrder,24999,1,49373,1684548982
cancel,10402,,,1684549554
cancel,17337,,,1684549554
cancel,19066,,,1684549554
cancel,24999,,,1684549554
newOrder,17337,0,10105,1684549582
newOrder,19066,1,10105,1684549582
newOrder,12162,0,26118,1684549582
newOrder,24957,1,26118,1684549582
cancel,12162,,,1684550155
cancel,17337,,,1684550155
cancel,19066,,,1684550155
cancel,24957,,,1684550155
newOrder,17337,0,10106,1684550183
newOrder,19066,1,10106,1684550183
newOrder,10402,0,52918,1684550183
newOrder,24999,1,52918,1684550183
cancel,10402,,,1684550754
cancel,17337,,,1684550754
cancel,19066,,,1684550754
cancel,24999,,,1684550754
newOrder,17337,0,10108,1684550783
newOrder,19066,1,10108,1684550783
newOrder,12179,0,23773,1684550783
newOrder,24957,1,23773,1684550783
cancel,12179,,,1684551354
cancel,17337,,,1684551354
cancel,19066,,,1684551354
cancel,24957,,,1684551354
newOrder,17337,0,10110,1684551383
newOrder,19066,1,10110,1684551383
newOrder,12179,0,20776,1684551383
newOrder,24957,1,20776,1684551383
cancel,12179,,,1684551954
cancel,17337,,,1684551954
cancel,19066,,,1684551954
cancel,24957,,,1684551954
newOrder,17337,0,10111,1684551982
newOrder,19066,1,10111,1684551982
newOrder,10402,0,32099,1684551982
newOrder,24957,1,32099,1684551982
cancel,10402,,,1684552553
cancel,17337,,,1684552553
cancel,19066,,,1684552553
cancel,24957,,,1684552553
newOrder,17337,0,10113,1684552581
newOrder,19066,1,10113,1684552581
newOrder,10402,0,31714,1684552581
newOrder,24957,1,31714,1684552581
cancel,10402,,,1684553154
cancel,17337,,,1684553154
cancel,19066,,,1684553154
cancel,24957,,,1684553154
newOrder,17337,0,10115,1684553182
newOrder,19066,1,10115,1684553182
newOrder,12179,0,15182,1684553182
newOrder,24957,1,15182,1684553182
cancel,12179,,,1684553754
cancel,17337,,,1684553754
cancel,19066,,,1684553754
cancel,24957,,,1684553754
newOrder,17337,0,10116,1684553782
newOrder,19066,1,10116,1684553782
newOrder,10402,0,39249,1684553782
newOrder,24999,1,39249,1684553782
cancel,10402,,,1684554354
cancel,17337,,,1684554354
cancel,19066,,,1684554354
cancel,24999,,,1684554354
newOrder,17337,0,10118,1684554381
newOrder,19066,1,10118,1684554381
newOrder,12179,0,22003,1684554381
newOrder,24957,1,22003,1684554381
cancel,12179,,,1684554953
cancel,17337,,,1684554953
cancel,19066,,,1684554953
cancel,24957,,,1684554953
newOrder,17337,0,10120,1684554982
newOrder,19066,1,10120,1684554982
newOrder,12179,0,16974,1684554982
newOrder,24957,1,16974,1684554982
cancel,12179,,,1684555555
cancel,17337,,,1684555555
cancel,19066,,,1684555555
cancel,24957,,,1684555555
newOrder,17337,0,10121,1684555585
newOrder,19066,1,10121,1684555585
newOrder,10402,0,40634,1684555585
newOrder,24999,1,40634,1684555585
cancel,10402,,,1684556154
cancel,17337,,,1684556154
cancel,19066,,,1684556154
cancel,24999,,,1684556154
newOrder,17337,0,10123,1684556183
newOrder,19066,1,10123,1684556183
newOrder,10402,0,51592,1684556183
newOrder,24999,1,51592,1684556183
cancel,10402,,,1684556753
cancel,17337,,,1684556753
cancel,19066,,,1684556753
cancel,24999,,,1684556753
newOrder,17340,0,10129,1684556783
newOrder,19066,1,10129,1684556783
newOrder,12162,0,25843,1684556783
newOrder,24957,1,25843,1684556783
cancel,12162,,,1684557354
cancel,17340,,,1684557354
cancel,19066,,,1684557354
cancel,24957,,,1684557354
newOrder,17338,0,10127,1684557381
newOrder,19066,1,10127,1684557381
newOrder,10403,0,42304,1684557381
newOrder,24999,1,42304,1684557381
cancel,10403,,,1684557953
cancel,17338,,,1684557953
cancel,19066,,,1684557953
cancel,24999,,,1684557953
newOrder,17338,0,10129,1684557983
newOrder,19066,1,10129,1684557983
newOrder,10403,0,45516,1684557983
newOrder,24999,1,45516,1684557983
cancel,10403,,,1684558553
cancel,17338,,,1684558553
cancel,19066,,,1684558553
cancel,24999,,,1684558553
newOrder,17338,0,10131,1684558582
newOrder,19066,1,10131,1684558582
newOrder,12162,0,25185,1684558582
newOrder,24957,1,25185,1684558582
cancel,12162,,,1684559154
cancel,17338,,,1684559154
cancel,19066,,,1684559154
cancel,24957,,,1684559154
newOrder,17338,0,10132,1684559182
newOrder,19066,1,10132,1684559182
newOrder,12162,0,26505,1684559182
newOrder,24957,1,26505,1684559182
cancel,12162,,,1684559753
cancel,17338,,,1684559753
cancel,19066,,,1684559753
cancel,24957,,,1684559753
newOrder,17338,0,10134,1684559783
newOrder,19066,1,10134,1684559783
newOrder,10403,0,43576,1684559783
newOrder,24999,1,43576,1684559783
cancel,10403,,,1684560354
cancel,17338,,,1684560354
cancel,19066,,,1684560354
cancel,24999,,,1684560354
newOrder,17338,0,10136,1684560382
newOrder,19066,1,10136,1684560382
newOrder,10403,0,32415,1684560382
newOrder,24957,1,32415,1684560382
cancel,10403,,,1684560956
cancel,17338,,,1684560956
cancel,19066,,,1684560956
cancel,24957,,,1684560956
newOrder,17338,0,10137,1684560983
newOrder,19066,1,10137,1684560983
cancel,17338,,,1684561554
cancel,19066,,,1684561554
newOrder,17338,0,10139,1684561583
newOrder,19066,1,10139,1684561583
cancel,17338,,,1684562155
cancel,19066,,,1684562155
newOrder,17338,0,10141,1684562185
newOrder,19066,1,10141,1684562185
newOrder,12162,0,26313,1684562185
newOrder,24957,1,26313,1684562185
cancel,12162,,,1684562753
cancel,17338,,,1684562753
cancel,19066,,,1684562753
cancel,24957,,,1684562753
newOrder,17338,0,10142,1684562782
newOrder,19066,1,10142,1684562782
newOrder,12179,0,19492,1684562782
newOrder,24957,1,19492,1684562782
cancel,12179,,,1684563355
cancel,17338,,,1684563355
cancel,19066,,,1684563355
cancel,24957,,,1684563355
newOrder,17338,0,10144,1684563384
newOrder,19066,1,10144,1684563384
newOrder,10403,0,54436,1684563384
newOrder,24999,1,54436,1684563384
cancel,10403,,,1684563954
cancel,17338,,,1684563954
cancel,19066,,,1684563954
cancel,24999,,,1684563954
newOrder,17338,0,10146,1684563980
newOrder,19066,1,10146,1684563980
cancel,17338,,,1684564552
cancel,19066,,,1684564552
newOrder,17338,0,10147,1684564584
newOrder,19066,1,10147,1684564584
newOrder,10403,0,46759,1684564584
newOrder,24999,1,46759,1684564584
cancel,10403,,,1684565154
cancel,17338,,,1684565154
cancel,19066,,,1684565154
cancel,24999,,,1684565154
newOrder,17338,0,10149,1684565183
newOrder,19066,1,10149,1684565183
newOrder,10403,0,40933,1684565183
newOrder,24999,1,40933,1684565183
cancel,10403,,,1684565754
cancel,17338,,,1684565754
cancel,19066,,,1684565754
cancel,24999,,,1684565754
newOrder,17302,0,10088,1684565781
newOrder,19066,1,10088,1684565781
cancel,17302,,,1684566354
cancel,19066,,,1684566354
newOrder,17202,0,9912,1684566383
newOrder,19066,1,9912,1684566383
newOrder,12179,0,17708,1684566383
newOrder,24957,1,17708,1684566383
cancel,12179,,,1684566954
cancel,17202,,,1684566954
cancel,19066,,,1684566954
cancel,24957,,,1684566954
newOrder,17185,0,9882,1684566981
newOrder,19066,1,9882,1684566981
newOrder,12179,0,8911,1684566981
cancel,12179,,,1684567553
cancel,17185,,,1684567553
cancel,19066,,,1684567553
newOrder,17152,0,9820,1684567582
newOrder,19066,1,9820,1684567582
newOrder,12179,0,8756,1684567582
cancel,12179,,,1684568154
cancel,17152,,,1684568154
cancel,19066,,,1684568154
newOrder,17151,0,9819,1684568183
newOrder,19066,1,9819,1684568183
newOrder,10290,0,33354,1684568183
newOrder,24957,1,33354,1684568183
cancel,10290,,,1684568753
cancel,17151,,,1684568753
cancel,19066,,,1684568753
cancel,24957,,,1684568753
newOrder,17151,0,9821,1684568783
newOrder,19066,1,9821,1684568783
newOrder,10290,0,40281,1684568783
newOrder,24999,1,40281,1684568783
cancel,10290,,,1684569354
cancel,17151,,,1684569354
cancel,19066,,,1684569354
cancel,24999,,,1684569354
newOrder,17151,0,9822,1684569384
newOrder,19066,1,9822,1684569384
newOrder,10290,0,31812,1684569384
newOrder,24957,1,31812,1684569384
cancel,10290,,,1684569954
cancel,17151,,,1684569954
cancel,19066,,,1684569954
cancel,24957,,,1684569954
newOrder,17151,0,9824,1684569983
newOrder,19066,1,9824,1684569983
newOrder,10290,0,33846,1684569983
newOrder,24957,1,33846,1684569983
cancel,10290,,,1684570554
cancel,17151,,,1684570554
cancel,19066,,,1684570554
cancel,24957,,,1684570554
newOrder,17151,0,9825,1684570582
newOrder,19066,1,9825,1684570582
newOrder,12162,0,27151,1684570582
newOrder,24957,1,27151,1684570582
cancel,12162,,,1684571154
cancel,17151,,,1684571154
cancel,19066,,,1684571154
cancel,24957,,,1684571154
newOrder,17151,0,9826,1684571183
newOrder,19066,1,9826,1684571183
newOrder,10290,0,43193,1684571183
newOrder,24999,1,43193,1684571183
cancel,10290,,,1684571754
cancel,17151,,,1684571754
cancel,19066,,,1684571754
cancel,24999,,,1684571754
newOrder,17151,0,9828,1684571781
newOrder,19066,1,9828,1684571781
newOrder,10290,0,41603,1684571781
newOrder,24999,1,41603,1684571781
cancel,10290,,,1684572353
cancel,17151,,,1684572353
cancel,19066,,,1684572353
cancel,24999,,,1684572353
newOrder,17137,0,9802,1684572383
newOrder,19066,1,9802,1684572383
newOrder,12179,0,16087,1684572383
newOrder,24957,1,16087,1684572383
cancel,12179,,,1684572954
cancel,17137,,,1684572954
cancel,19066,,,1684572954
cancel,24957,,,1684572954
newOrder,17135,0,9801,1684572982
newOrder,19066,1,9801,1684572982
newOrder,10281,0,32699,1684572982
newOrder,24957,1,32699,1684572982
cancel,10281,,,1684573554
cancel,17135,,,1684573554
cancel,19066,,,1684573554
cancel,24957,,,1684573554
newOrder,17135,0,9802,1684573583
newOrder,19066,1,9802,1684573583
newOrder,10281,0,51917,1684573583
newOrder,24999,1,51917,1684573583
cancel,10281,,,1684574154
cancel,17135,,,1684574154
cancel,19066,,,1684574154
cancel,24999,,,1684574154
newOrder,17135,0,9803,1684574183
newOrder,19066,1,9803,1684574183
newOrder,12179,0,9892,1684574183
cancel,12179,,,1684574753
cancel,17135,,,1684574753
cancel,19066,,,1684574753
newOrder,17134,0,9803,1684574782
newOrder,19066,1,9803,1684574782
newOrder,12179,0,23223,1684574782
newOrder,24957,1,23223,1684574782
cancel,12179,,,1684575354
cancel,17134,,,1684575354
cancel,19066,,,1684575354
cancel,24957,,,1684575354
newOrder,17135,0,9806,1684575384
newOrder,19066,1,9806,1684575384
newOrder,12179,0,16210,1684575384
newOrder,24957,1,16210,1684575384
cancel,12179,,,1684575954
cancel,17135,,,1684575954
cancel,19066,,,1684575954
cancel,24957,,,1684575954
newOrder,17135,0,9807,1684575982
newOrder,19066,1,9807,1684575982
newOrder,10281,0,32776,1684575982
newOrder,24957,1,32776,1684575982
cancel,10281,,,1684576554
cancel,17135,,,1684576554
cancel,19066,,,1684576554
cancel,24957,,,1684576554
newOrder,17135,0,9808,1684576581
newOrder,19066,1,9808,1684576581
newOrder,12179,0,6775,1684576581
cancel,12179,,,1684577154
cancel,17135,,,1684577154
cancel,19066,,,1684577154
newOrder,17135,0,9809,1684577181
newOrder,19066,1,9809,1684577181
newOrder,12179,0,22103,1684577181
newOrder,24957,1,22103,1684577181
cancel,12179,,,1684577753
cancel,17135,,,1684577753
cancel,19066,,,1684577753
cancel,24957,,,1684577753
newOrder,17134,0,9810,1684577783
newOrder,19066,1,9810,1684577783
newOrder,12179,0,18791,1684577783
newOrder,24957,1,18791,1684577783
cancel,12179,,,1684578353
cancel,17134,,,1684578353
cancel,19066,,,1684578353
cancel,24957,,,1684578353
newOrder,17134,0,9812,1684578382
newOrder,19066,1,9812,1684578382
newOrder,12179,0,9815,1684578382
cancel,12179,,,1684578954
cancel,17134,,,1684578954
cancel,19066,,,1684578954
newOrder,17054,0,9653,1684578982
newOrder,19066,1,9653,1684578982
newOrder,12179,0,23615,1684578982
newOrder,24957,1,23615,1684578982
cancel,12179,,,1684579554
cancel,17054,,,1684579554
cancel,19066,,,1684579554
cancel,24957,,,1684579554
newOrder,17054,0,9654,1684579582
newOrder,19066,1,9654,1684579582
newOrder,12179,0,9286,1684579582
cancel,12179,,,1684580154
cancel,17054,,,1684580154
cancel,19066,,,1684580154
newOrder,17054,0,9656,1684580192
newOrder,19066,1,9656,1684580192
newOrder,12002,0,29055,1684580192
newOrder,24957,1,29055,1684580192
cancel,12002,,,1684580753
cancel,17054,,,1684580753
cancel,19066,,,1684580753
cancel,24957,,,1684580753
newOrder,17053,0,9655,1684580784
newOrder,19066,1,9655,1684580784
newOrder,10232,0,40161,1684580784
newOrder,24999,1,40161,1684580784
cancel,10232,,,1684581353
cancel,17053,,,1684581353
cancel,19066,,,1684581353
cancel,24999,,,1684581353
newOrder,17053,0,9656,1684581382
newOrder,19066,1,9656,1684581382
newOrder,12179,0,23394,1684581382
newOrder,24957,1,23394,1684581382
cancel,12179,,,1684581954
cancel,17053,,,1684581954
cancel,19066,,,1684581954
cancel,24957,,,1684581954
newOrder,17054,0,9659,1684581983
newOrder,19066,1,9659,1684581983
newOrder,12179,0,23582,1684581983
newOrder,24957,1,23582,1684581983
cancel,12179,,,1684582554
cancel,17054,,,1684582554
cancel,19066,,,1684582554
cancel,24957,,,1684582554
newOrder,17054,0,9661,1684582583
newOrder,19066,1,9661,1684582583
newOrder,12179,0,16271,1684582583
newOrder,24957,1,16271,1684582583
cancel,12179,,,1684583154
cancel,17054,,,1684583154
cancel,19066,,,1684583154
cancel,24957,,,1684583154
newOrder,17054,0,9662,1684583182
newOrder,19066,1,9662,1684583182
newOrder,12162,0,25731,1684583182
newOrder,24957,1,25731,1684583182
cancel,12162,,,1684583754
cancel,17054,,,1684583754
cancel,19066,,,1684583754
cancel,24957,,,1684583754
newOrder,17054,0,9663,1684583782
newOrder,19066,1,9663,1684583782
newOrder,12179,0,6256,1684583782
cancel,12179,,,1684584354
cancel,17054,,,1684584354
cancel,19066,,,1684584354
newOrder,17054,0,9664,1684584382
newOrder,19066,1,9664,1684584382
newOrder,12002,0,28699,1684584382
newOrder,24957,1,28699,1684584382