instruction,price,side,qty,time
cancel,10858,,,1685189998
cancel,18097,,,1685189998
cancel,19080,,,1685189998
cancel,24999,,,1685189998
newOrder,18097,0,18722,1685190020
newOrder,19080,1,18722,1685190020
cancel,18097,,,1685190598
cancel,19080,,,1685190598
newOrder,18097,0,18732,1685190623
newOrder,19080,1,18732,1685190623
newOrder,10858,0,51260,1685190623
newOrder,24999,1,51260,1685190623
cancel,10858,,,1685191197
cancel,18097,,,1685191197
cancel,19080,,,1685191197
cancel,24999,,,1685191197
newOrder,18096,0,18740,1685191223
newOrder,19080,1,18740,1685191223
newOrder,10858,0,56867,1685191223
newOrder,24999,1,56867,1685191223
cancel,10858,,,1685191797
cancel,18096,,,1685191797
cancel,19080,,,1685191797
cancel,24999,,,1685191797
newOrder,18096,0,18749,1685191821
newOrder,19080,1,18749,1685191821
newOrder,10858,0,95546,1685191821
newOrder,24999,1,95546,1685191821
cancel,10858,,,1685192397
cancel,18096,,,1685192397
cancel,19080,,,1685192397
cancel,24999,,,1685192397
newOrder,18096,0,18755,1685192418
newOrder,19080,1,18755,1685192418
cancel,18096,,,1685192997
cancel,19080,,,1685192997
newOrder,18099,0,18779,1685193022
newOrder,19080,1,18779,1685193022
newOrder,10860,0,94778,1685193022
newOrder,24999,1,94778,1685193022
cancel,10860,,,1685193598
cancel,18099,,,1685193598
cancel,19080,,,1685193598
cancel,24999,,,1685193598
newOrder,18106,0,18817,1685193622
newOrder,19080,1,18817,1685193622
newOrder,10864,0,80731,1685193622
newOrder,24999,1,80731,1685193622
cancel,10864,,,1685194198
cancel,18106,,,1685194198
cancel,19080,,,1685194198
cancel,24999,,,1685194198
newOrder,18107,0,18827,1685194224
newOrder,19080,1,18827,1685194224
newOrder,10864,0,44180,1685194224
newOrder,24999,1,44180,1685194224
cancel,10864,,,1685194798
cancel,18107,,,1685194798
cancel,19080,,,1685194798
cancel,24999,,,1685194798
newOrder,18107,0,18839,1685194822
newOrder,19080,1,18839,1685194822
newOrder,10864,0,74199,1685194822
newOrder,24999,1,74199,1685194822
cancel,10864,,,1685195398
cancel,18107,,,1685195398
cancel,19080,,,1685195398
cancel,24999,,,1685195398
newOrder,18108,0,18849,1685195422
newOrder,19080,1,18849,1685195422
newOrder,12202,0,22906,1685195422
newOrder,24957,1,22906,1685195422
cancel,12202,,,1685195997
cancel,18108,,,1685195997
cancel,19080,,,1685195997
cancel,24957,,,1685195997
newOrder,18108,0,18861,1685196021
newOrder,19080,1,18861,1685196021
newOrder,10865,0,56868,1685196021
newOrder,24999,1,56868,1685196021
cancel,10865,,,1685196598
cancel,18108,,,1685196598
cancel,19080,,,1685196598
cancel,24999,,,1685196598
newOrder,18108,0,18869,1685196621
newOrder,19080,1,18869,1685196621
newOrder,12202,0,31643,1685196621
newOrder,24957,1,31643,1685196621
cancel,12202,,,1685197198
cancel,18108,,,1685197198
cancel,19080,,,1685197198
cancel,24957,,,1685197198
newOrder,18107,0,18875,1685197222
newOrder,19080,1,18875,1685197222
newOrder,10864,0,69070,1685197222
newOrder,24999,1,69070,1685197222
cancel,10864,,,1685197798
cancel,18107,,,1685197798
cancel,19080,,,1685197798
cancel,24999,,,1685197798
newOrder,18107,0,18884,1685197823
newOrder,19080,1,18884,1685197823
newOrder,10864,0,49314,1685197823
newOrder,24999,1,49314,1685197823
cancel,10864,,,1685198399
cancel,18107,,,1685198399
cancel,19080,,,1685198399
cancel,24999,,,1685198399
newOrder,18107,0,18893,1685198423
newOrder,19080,1,18893,1685198423
newOrder,12202,0,32624,1685198423
newOrder,24957,1,32624,1685198423
cancel,12202,,,1685198999
cancel,18107,,,1685198999
cancel,19080,,,1685198999
cancel,24957,,,1685198999
newOrder,18107,0,18902,1685199025
newOrder,19080,1,18902,1685199025
newOrder,10864,0,100265,1685199025
newOrder,24999,1,100265,1685199025
cancel,10864,,,1685199599
cancel,18107,,,1685199599
cancel,19080,,,1685199599
cancel,24999,,,1685199599
newOrder,18107,0,18912,1685199622
newOrder,19080,1,18912,1685199622
newOrder,12162,0,36385,1685199622
newOrder,24957,1,36385,1685199622
cancel,12162,,,1685200199
cancel,18107,,,1685200199
cancel,19080,,,1685200199
cancel,24957,,,1685200199
newOrder,18107,0,18921,1685200226
newOrder,19080,1,18921,1685200226
newOrder,10864,0,90847,1685200226
newOrder,24999,1,90847,1685200226
cancel,10864,,,1685200798
cancel,18107,,,1685200798
cancel,19080,,,1685200798
cancel,24999,,,1685200798
newOrder,18107,0,18930,1685200824
newOrder,19080,1,18930,1685200824
newOrder,12202,0,28304,1685200824
newOrder,24957,1,28304,1685200824
cancel,12202,,,1685201397
cancel,18107,,,1685201397
cancel,19080,,,1685201397
cancel,24957,,,1685201397
newOrder,18108,0,18943,1685201421
newOrder,19080,1,18943,1685201421
newOrder,10865,0,78786,1685201421
newOrder,24999,1,78786,1685201421
cancel,10865,,,1685201999
cancel,18108,,,1685201999
cancel,19080,,,1685201999
cancel,24999,,,1685201999
newOrder,18107,0,18950,1685202022
newOrder,19080,1,18950,1685202022
newOrder,12202,0,32566,1685202022
newOrder,24957,1,32566,1685202022
cancel,12202,,,1685202599
cancel,18107,,,1685202599
cancel,19080,,,1685202599
cancel,24957,,,1685202599
newOrder,18107,0,18959,1685202626
newOrder,19080,1,18959,1685202626
newOrder,18101,0,1740,1685202626
cancel,18101,,,1685203198
cancel,18107,,,1685203198
cancel,19080,,,1685203198
newOrder,18113,0,18993,1685203225
newOrder,19080,1,18993,1685203225
newOrder,10868,0,98233,1685203225
newOrder,24999,1,98233,1685203225
cancel,10868,,,1685203798
cancel,18113,,,1685203798
cancel,19080,,,1685203798
cancel,24999,,,1685203798
newOrder,18113,0,19003,1685203822
newOrder,19080,1,19003,1685203822
newOrder,15111,0,19090,1685203822
newOrder,21899,1,19090,1685203822
cancel,15111,,,1685204398
cancel,18113,,,1685204398
cancel,19080,,,1685204398
cancel,21899,,,1685204398
newOrder,18112,0,19009,1685204425
newOrder,19080,1,19009,1685204425
newOrder,10867,0,82894,1685204425
newOrder,24999,1,82894,1685204425
cancel,10867,,,1685204998
cancel,18112,,,1685204998
cancel,19080,,,1685204998
cancel,24999,,,1685204998
newOrder,18112,0,19019,1685205026
newOrder,19080,1,19019,1685205026
newOrder,12013,0,38604,1685205026
newOrder,24957,1,38604,1685205026
cancel,12013,,,1685205600
cancel,18112,,,1685205600
cancel,19080,,,1685205600
cancel,24957,,,1685205600
newOrder,18112,0,19028,1685205628
newOrder,19080,1,19028,1685205628
newOrder,12202,0,23323,1685205628
newOrder,24957,1,23323,1685205628
cancel,12202,,,1685206199
cancel,18112,,,1685206199
cancel,19080,,,1685206199
cancel,24957,,,1685206199
newOrder,18113,0,19040,1685206223
newOrder,19080,1,19040,1685206223
newOrder,18101,0,3153,1685206223
cancel,18101,,,1685206800
cancel,18113,,,1685206800
cancel,19080,,,1685206800
newOrder,18113,0,19049,1685206823
newOrder,19080,1,19049,1685206823
newOrder,10868,0,96253,1685206823
newOrder,24999,1,96253,1685206823
cancel,10868,,,1685207399
cancel,18113,,,1685207399
cancel,19080,,,1685207399
cancel,24999,,,1685207399
newOrder,18111,0,19053,1685207425
newOrder,19080,1,19053,1685207425
newOrder,10867,0,82947,1685207425
newOrder,24999,1,82947,1685207425
cancel,10867,,,1685207998
cancel,18111,,,1685207998
cancel,19080,,,1685207998
cancel,24999,,,1685207998
newOrder,18111,0,19063,1685208021
newOrder,19080,1,19063,1685208021
newOrder,10867,0,66527,1685208021
newOrder,24999,1,66527,1685208021
cancel,10867,,,1685208599
cancel,18111,,,1685208599
cancel,19080,,,1685208599
cancel,24999,,,1685208599
newOrder,18112,0,19077,1685208635
newOrder,19080,1,19077,1685208635
newOrder,10867,0,56236,1685208635
newOrder,24999,1,56236,1685208635
cancel,10867,,,1685209199
cancel,18112,,,1685209199
cancel,19080,,,1685209199
cancel,24999,,,1685209199
newOrder,18112,0,19087,1685209229
newOrder,19080,1,19087,1685209229
newOrder,10867,0,89908,1685209229
newOrder,24999,1,89908,1685209229
cancel,10867,,,1685209799
cancel,18112,,,1685209799
cancel,19080,,,1685209799
cancel,24999,,,1685209799
newOrder,18111,0,19093,1685209831
newOrder,19080,1,19093,1685209831
newOrder,10867,0,63014,1685209831
newOrder,24999,1,63014,1685209831
cancel,10867,,,1685210398
cancel,18111,,,1685210398
cancel,19080,,,1685210398
cancel,24999,,,1685210398
newOrder,18111,0,19102,1685210422
newOrder,19080,1,19102,1685210422
newOrder,10867,0,97013,1685210422
newOrder,24999,1,97013,1685210422
cancel,10867,,,1685210998
cancel,18111,,,1685210998
cancel,19080,,,1685210998
cancel,24999,,,1685210998
newOrder,18112,0,19115,1685211024
newOrder,19080,1,19115,1685211024
newOrder,18101,0,3052,1685211024
cancel,18101,,,1685211599
cancel,18112,,,1685211599
cancel,19080,,,1685211599
newOrder,18111,0,19121,1685211624
newOrder,19080,1,19121,1685211624
newOrder,10867,0,100091,1685211624
newOrder,24999,1,100091,1685211624
cancel,10867,,,1685212198
cancel,18111,,,1685212198
cancel,19080,,,1685212198
cancel,24999,,,1685212198
newOrder,18112,0,19135,1685212224
newOrder,19080,1,19135,1685212224
newOrder,10867,0,57817,1685212224
newOrder,24999,1,57817,1685212224
cancel,10867,,,1685212799
cancel,18112,,,1685212799
cancel,19080,,,1685212799
cancel,24999,,,1685212799
newOrder,18111,0,19139,1685212823
newOrder,19080,1,19139,1685212823
newOrder,10867,0,48370,1685212823
newOrder,24999,1,48370,1685212823
cancel,10867,,,1685213398
cancel,18111,,,1685213398
cancel,19080,,,1685213398
cancel,24999,,,1685213398
newOrder,18111,0,19150,1685213425
newOrder,19080,1,19150,1685213425
newOrder,10867,0,88583,1685213425
newOrder,24999,1,88583,1685213425
cancel,10867,,,1685213998
cancel,18111,,,1685213998
cancel,19080,,,1685213998
cancel,24999,,,1685213998
newOrder,18112,0,19165,1685214021
newOrder,19080,1,19165,1685214021
newOrder,10867,0,95129,1685214021
newOrder,24999,1,95129,1685214021
cancel,10867,,,1685214598
cancel,18112,,,1685214598
cancel,19080,,,1685214598
cancel,24999,,,1685214598
newOrder,18112,0,19174,1685214624
newOrder,19080,1,19174,1685214624
newOrder,10867,0,41952,1685214624
newOrder,24957,1,41952,1685214624
cancel,10867,,,1685215198
cancel,18112,,,1685215198
cancel,19080,,,1685215198
cancel,24957,,,1685215198
newOrder,18112,0,19184,1685215221
newOrder,19080,1,19184,1685215221
newOrder,10867,0,83437,1685215221
newOrder,24999,1,83437,1685215221
cancel,10867,,,1685215798
cancel,18112,,,1685215798
cancel,19080,,,1685215798
cancel,24999,,,1685215798
newOrder,18112,0,19194,1685215824
newOrder,19080,1,19194,1685215824
newOrder,12202,0,25728,1685215824
newOrder,24957,1,25728,1685215824
cancel,12202,,,1685216399
cancel,18112,,,1685216399
cancel,19080,,,1685216399
cancel,24957,,,1685216399
newOrder,18112,0,19204,1685216420
newOrder,19080,1,19204,1685216420
newOrder,18101,0,3140,1685216420
cancel,18101,,,1685217000
cancel,18112,,,1685217000
cancel,19080,,,1685217000
newOrder,18112,0,19214,1685217025
newOrder,19080,1,19214,1685217025
newOrder,12013,0,38778,1685217025
newOrder,24957,1,38778,1685217025
cancel,12013,,,1685217600
cancel,18112,,,1685217600
cancel,19080,,,1685217600
cancel,24957,,,1685217600
newOrder,18112,0,19221,1685217625
newOrder,19080,1,19221,1685217625
newOrder,10867,0,53842,1685217625
newOrder,24999,1,53842,1685217625
cancel,10867,,,1685218199
cancel,18112,,,1685218199
cancel,19080,,,1685218199
cancel,24999,,,1685218199
newOrder,18112,0,19230,1685218225
newOrder,19080,1,19230,1685218225
newOrder,12202,0,33532,1685218225
newOrder,24957,1,33532,1685218225
cancel,12202,,,1685218799
cancel,18112,,,1685218799
cancel,19080,,,1685218799
cancel,24957,,,1685218799
newOrder,18104,0,19208,1685218823
newOrder,19080,1,19208,1685218823
newOrder,10863,0,82849,1685218823
newOrder,24999,1,82849,1685218823
cancel,10863,,,1685219398
cancel,18104,,,1685219398
cancel,19080,,,1685219398
cancel,24999,,,1685219398
newOrder,18104,0,19217,1685219422
newOrder,19080,1,19217,1685219422
newOrder,10863,0,97664,1685219422
newOrder,24999,1,97664,1685219422
cancel,10863,,,1685219998
cancel,18104,,,1685219998
cancel,19080,,,1685219998
cancel,24999,,,1685219998
newOrder,18104,0,19228,1685220024
newOrder,19080,1,19228,1685220024
newOrder,12202,0,27449,1685220024
newOrder,24957,1,27449,1685220024
cancel,12202,,,1685220598
cancel,18104,,,1685220598
cancel,19080,,,1685220598
cancel,24957,,,1685220598
newOrder,18103,0,19233,1685220624
newOrder,19080,1,19233,1685220624
newOrder,10862,0,43028,1685220624
newOrder,24957,1,43028,1685220624
cancel,10862,,,1685221199
cancel,18103,,,1685221199
cancel,19080,,,1685221199
cancel,24957,,,1685221199
newOrder,18104,0,19248,1685221223
newOrder,19080,1,19248,1685221223
newOrder,10863,0,73324,1685221223
newOrder,24999,1,73324,1685221223
cancel,10863,,,1685221799
cancel,18104,,,1685221799
cancel,19080,,,1685221799
cancel,24999,,,1685221799
newOrder,18103,0,19254,1685221824
newOrder,19080,1,19254,1685221824
newOrder,18101,0,880,1685221824
cancel,18101,,,1685222399
cancel,18103,,,1685222399
cancel,19080,,,1685222399
newOrder,18104,0,19268,1685222425
newOrder,19080,1,19268,1685222425
newOrder,10863,0,42189,1685222425
newOrder,24957,1,42189,1685222425
cancel,10863,,,1685223000
cancel,18104,,,1685223000
cancel,19080,,,1685223000
cancel,24957,,,1685223000
newOrder,18103,0,19273,1685223027
newOrder,19080,1,19273,1685223027
newOrder,10862,0,76966,1685223027
newOrder,24999,1,76966,1685223027
cancel,10862,,,1685223600
cancel,18103,,,1685223600
cancel,19080,,,1685223600
cancel,24999,,,1685223600
newOrder,18104,0,19287,1685223624
newOrder,19080,1,19287,1685223624
newOrder,10863,0,99772,1685223624
newOrder,24999,1,99772,1685223624
cancel,10863,,,1685224198
cancel,18104,,,1685224198
cancel,19080,,,1685224198
cancel,24999,,,1685224198
newOrder,18103,0,19293,1685224226
newOrder,19080,1,19293,1685224226
newOrder,10862,0,63277,1685224226
newOrder,24999,1,63277,1685224226
cancel,10862,,,1685224798
cancel,18103,,,1685224798
cancel,19080,,,1685224798
cancel,24999,,,1685224798
newOrder,18103,0,19303,1685224830
newOrder,19080,1,19303,1685224830
newOrder,12202,0,22610,1685224830
newOrder,24957,1,22610,1685224830
cancel,12202,,,1685225398
cancel,18103,,,1685225398
cancel,19080,,,1685225398
cancel,24957,,,1685225398
newOrder,18103,0,19313,1685225425
newOrder,19080,1,19313,1685225425
newOrder,10862,0,99269,1685225425
newOrder,24999,1,99269,1685225425
cancel,10862,,,1685225999
cancel,18103,,,1685225999
cancel,19080,,,1685225999
cancel,24999,,,1685225999
newOrder,18104,0,19327,1685226024
newOrder,19080,1,19327,1685226024
newOrder,10863,0,86711,1685226024
newOrder,24999,1,86711,1685226024
cancel,10863,,,1685226599
cancel,18104,,,1685226599
cancel,19080,,,1685226599
cancel,24999,,,1685226599
newOrder,18104,0,19338,1685226627
newOrder,19080,1,19338,1685226627
newOrder,10863,0,55736,1685226627
newOrder,24999,1,55736,1685226627
cancel,10863,,,1685227199
cancel,18104,,,1685227199
cancel,19080,,,1685227199
cancel,24999,,,1685227199
newOrder,18104,0,19348,1685227227
newOrder,19080,1,19348,1685227227
newOrder,10863,0,64342,1685227227
newOrder,24999,1,64342,1685227227
cancel,10863,,,1685227802
cancel,18104,,,1685227802
cancel,19080,,,1685227802
cancel,24999,,,1685227802
newOrder,18117,0,19415,1685227831
newOrder,19080,1,19415,1685227831
newOrder,10870,0,50993,1685227831
newOrder,24999,1,50993,1685227831
cancel,10870,,,1685228398
cancel,18117,,,1685228398
cancel,19080,,,1685228398
cancel,24999,,,1685228398
newOrder,18117,0,19424,1685228421
newOrder,19080,1,19424,1685228421
newOrder,12202,0,32778,1685228421
newOrder,24957,1,32778,1685228421
cancel,12202,,,1685228999
cancel,18117,,,1685228999
cancel,19080,,,1685228999
cancel,24957,,,1685228999
newOrder,18118,0,19439,1685229024
newOrder,19080,1,19439,1685229024
newOrder,10871,0,93557,1685229024
newOrder,24999,1,93557,1685229024
cancel,10871,,,1685229600
cancel,18118,,,1685229600
cancel,19080,,,1685229600
cancel,24999,,,1685229600
newOrder,18097,0,19353,1685229627
newOrder,19080,1,19353,1685229627
newOrder,12202,0,28990,1685229627
newOrder,24957,1,28990,1685229627
cancel,12202,,,1685230198
cancel,18097,,,1685230198
cancel,19080,,,1685230198
cancel,24957,,,1685230198
newOrder,18097,0,19363,1685230222
newOrder,19080,1,19363,1685230222
newOrder,10858,0,49363,1685230222
newOrder,24999,1,49363,1685230222
cancel,10858,,,1685230799
cancel,18097,,,1685230799
cancel,19080,,,1685230799
cancel,24999,,,1685230799
newOrder,18097,0,19373,1685230822
newOrder,19080,1,19373,1685230822
newOrder,10858,0,63471,1685230822
newOrder,24999,1,63471,1685230822
cancel,10858,,,1685231399
cancel,18097,,,1685231399
cancel,19080,,,1685231399
cancel,24999,,,1685231399
newOrder,18060,0,19207,1685231425
newOrder,19080,1,19207,1685231425
newOrder,12202,0,33750,1685231425
newOrder,24957,1,33750,1685231425
cancel,12202,,,1685232000
cancel,18060,,,1685232000
cancel,19080,,,1685232000
cancel,24957,,,1685232000
newOrder,18060,0,19217,1685232026
newOrder,19080,1,19217,1685232026
newOrder,12162,0,36660,1685232026
newOrder,24957,1,36660,1685232026
cancel,12162,,,1685232600
cancel,18060,,,1685232600
cancel,19080,,,1685232600
cancel,24957,,,1685232600
newOrder,18059,0,19222,1685232623
newOrder,19080,1,19222,1685232623
newOrder,10835,0,53443,1685232623
newOrder,24999,1,53443,1685232623
cancel,10835,,,1685233199
cancel,18059,,,1685233199
cancel,19080,,,1685233199
cancel,24999,,,1685233199
newOrder,17987,0,18864,1685233225
newOrder,19080,1,18864,1685233225
newOrder,10792,0,48231,1685233225
newOrder,24999,1,48231,1685233225
cancel,10792,,,1685233799
cancel,17987,,,1685233799
cancel,19080,,,1685233799
cancel,24999,,,1685233799
newOrder,17987,0,18873,1685233824
newOrder,19080,1,18873,1685233824
newOrder,12013,0,38755,1685233824
newOrder,24957,1,38755,1685233824
cancel,12013,,,1685234400
cancel,17987,,,1685234400
cancel,19080,,,1685234400
cancel,24957,,,1685234400
newOrder,17987,0,18882,1685234425
newOrder,19080,1,18882,1685234425
newOrder,10792,0,71358,1685234425
newOrder,24999,1,71358,1685234425
cancel,10792,,,1685234999
cancel,17987,,,1685234999
cancel,19080,,,1685234999
cancel,24999,,,1685234999
newOrder,17988,0,18895,1685235022
newOrder,19080,1,18895,1685235022
newOrder,10793,0,98460,1685235022
newOrder,24999,1,98460,1685235022
cancel,10793,,,1685235603
cancel,17988,,,1685235603
cancel,19080,,,1685235603
cancel,24999,,,1685235603
newOrder,17988,0,18904,1685235629
newOrder,19080,1,18904,1685235629
newOrder,10793,0,55179,1685235629
newOrder,24999,1,55179,1685235629
cancel,10793,,,1685236200
cancel,17988,,,1685236200
cancel,19080,,,1685236200
cancel,24999,,,1685236200
newOrder,17988,0,18913,1685236228
newOrder,19080,1,18913,1685236228
newOrder,12202,0,31266,1685236228
newOrder,24957,1,31266,1685236228
cancel,12202,,,1685236799
cancel,17988,,,1685236799
cancel,19080,,,1685236799
cancel,24957,,,1685236799
newOrder,17988,0,18922,1685236827
newOrder,19080,1,18922,1685236827
newOrder,10793,0,89289,1685236827
newOrder,24999,1,89289,1685236827
cancel,10793,,,1685237398
cancel,17988,,,1685237398
cancel,19080,,,1685237398
cancel,24999,,,1685237398
newOrder,17971,0,18839,1685237423
newOrder,19080,1,18839,1685237423
newOrder,10783,0,98859,1685237423
newOrder,24999,1,98859,1685237423
cancel,10783,,,1685238002
cancel,17971,,,1685238002
cancel,19080,,,1685238002
cancel,24999,,,1685238002
newOrder,17971,0,18848,1685238030
newOrder,19080,1,18848,1685238030
newOrder,10783,0,73051,1685238030
newOrder,24999,1,73051,1685238030
cancel,10783,,,1685238598
cancel,17971,,,1685238598
cancel,19080,,,1685238598
cancel,24999,,,1685238598
newOrder,17970,0,18852,1685238622
newOrder,19080,1,18852,1685238622
newOrder,10782,0,89438,1685238622
newOrder,24999,1,89438,1685238622
cancel,10782,,,1685239198
cancel,17970,,,1685239198
cancel,19080,,,1685239198
cancel,24999,,,1685239198
newOrder,17970,0,18861,1685239222
newOrder,19080,1,18861,1685239222
newOrder,12162,0,35698,1685239222
newOrder,24957,1,35698,1685239222
cancel,12162,,,1685239798
cancel,17970,,,1685239798
cancel,19080,,,1685239798
cancel,24957,,,1685239798
newOrder,17971,0,18874,1685239823
newOrder,19080,1,18874,1685239823
newOrder,15111,0,13847,1685239823
cancel,15111,,,1685240399
cancel,17971,,,1685240399
cancel,19080,,,1685240399
newOrder,17971,0,18883,1685240428
newOrder,19080,1,18883,1685240428
newOrder,10783,0,66684,1685240428
newOrder,24999,1,66684,1685240428
cancel,10783,,,1685241000
cancel,17971,,,1685241000
cancel,19080,,,1685241000
cancel,24999,,,1685241000
newOrder,17971,0,18892,1685241026
newOrder,19080,1,18892,1685241026
newOrder,10783,0,96730,1685241026
newOrder,24999,1,96730,1685241026
cancel,10783,,,1685241599
cancel,17971,,,1685241599
cancel,19080,,,1685241599
cancel,24999,,,1685241599
newOrder,17970,0,18896,1685241624
newOrder,19080,1,18896,1685241624
newOrder,10782,0,70300,1685241624
newOrder,24999,1,70300,1685241624
cancel,10782,,,1685242198
cancel,17970,,,1685242198
cancel,19080,,,1685242198
cancel,24999,,,1685242198
newOrder,17970,0,18905,1685242221
newOrder,19080,1,18905,1685242221
newOrder,10782,0,99317,1685242221
newOrder,24999,1,99317,1685242221
cancel,10782,,,1685242800
cancel,17970,,,1685242800
cancel,19080,,,1685242800
cancel,24999,,,1685242800
newOrder,17971,0,18919,1685242825
newOrder,19080,1,18919,1685242825
newOrder,10783,0,77287,1685242825
newOrder,24999,1,77287,1685242825
cancel,10783,,,1685243398
cancel,17971,,,1685243398
cancel,19080,,,1685243398
cancel,24999,,,1685243398
newOrder,17971,0,18927,1685243421
newOrder,19080,1,18927,1685243421
newOrder,10783,0,51583,1685243421
newOrder,24999,1,51583,1685243421
cancel,10783,,,1685243999
cancel,17971,,,1685243999
cancel,19080,,,1685243999
cancel,24999,,,1685243999
newOrder,17972,0,18940,1685244022
newOrder,19080,1,18940,1685244022
newOrder,10783,0,95351,1685244022
newOrder,24999,1,95351,1685244022
cancel,10783,,,1685244597
cancel,17972,,,1685244597
cancel,19080,,,1685244597
cancel,24999,,,1685244597
newOrder,17972,0,18948,1685244622
newOrder,19080,1,18948,1685244622
newOrder,10783,0,80582,1685244622
newOrder,24999,1,80582,1685244622
cancel,10783,,,1685245198
cancel,17972,,,1685245198
cancel,19080,,,1685245198
cancel,24999,,,1685245198
newOrder,17973,0,18962,1685245221
newOrder,19080,1,18962,1685245221
newOrder,12202,0,31572,1685245221
newOrder,24957,1,31572,1685245221
cancel,12202,,,1685245799
cancel,17973,,,1685245799
cancel,19080,,,1685245799
cancel,24957,,,1685245799
newOrder,17973,0,18971,1685245824
newOrder,19080,1,18971,1685245824
newOrder,10784,0,61018,1685245824
newOrder,24999,1,61018,1685245824
cancel,10784,,,1685246397
cancel,17973,,,1685246397
cancel,19080,,,1685246397
cancel,24999,,,1685246397
newOrder,17973,0,18980,1685246421
newOrder,19080,1,18980,1685246421
newOrder,10784,0,86621,1685246421
newOrder,24999,1,86621,1685246421
cancel,10784,,,1685247000
cancel,17973,,,1685247000
cancel,19080,,,1685247000
cancel,24999,,,1685247000
newOrder,17973,0,18989,1685247023
newOrder,19080,1,18989,1685247023
newOrder,15111,0,19293,1685247023
newOrder,23070,1,19293,1685247023
cancel,15111,,,1685247597
cancel,17973,,,1685247597
cancel,19080,,,1685247597
cancel,23070,,,1685247597
newOrder,17972,0,18998,1685247621
newOrder,19080,1,18998,1685247621
newOrder,10783,0,66085,1685247621
newOrder,24999,1,66085,1685247621
cancel,10783,,,1685248197
cancel,17972,,,1685248197
cancel,19080,,,1685248197
cancel,24999,,,1685248197
newOrder,17972,0,19001,1685248221
newOrder,19080,1,19001,1685248221
newOrder,10783,0,41682,1685248221
newOrder,24957,1,41682,1685248221
cancel,10783,,,1685248797
cancel,17972,,,1685248797
cancel,19080,,,1685248797
cancel,24957,,,1685248797
newOrder,17972,0,19016,1685248822
newOrder,19080,1,19016,1685248822
newOrder,10783,0,70944,1685248822
newOrder,24999,1,70944,1685248822
cancel,10783,,,1685249399
cancel,17972,,,1685249399
cancel,19080,,,1685249399
cancel,24999,,,1685249399
newOrder,17972,0,19025,1685249421
newOrder,19080,1,19025,1685249421
newOrder,10783,0,73342,1685249421
newOrder,24999,1,73342,1685249421
cancel,10783,,,1685249997
cancel,17972,,,1685249997
cancel,19080,,,1685249997
cancel,24999,,,1685249997
newOrder,17972,0,19034,1685250021
newOrder,19080,1,19034,1685250021
newOrder,10783,0,69874,1685250021
newOrder,24999,1,69874,1685250021
cancel,10783,,,1685250598
cancel,17972,,,1685250598
cancel,19080,,,1685250598
cancel,24999,,,1685250598
newOrder,17972,0,19043,1685250621
newOrder,19080,1,19043,1685250621
newOrder,10783,0,83553,1685250621
newOrder,24999,1,83553,1685250621
cancel,10783,,,1685251197
cancel,17972,,,1685251197
cancel,19080,,,1685251197
cancel,24999,,,1685251197
newOrder,17972,0,19052,1685251220
newOrder,19080,1,19052,1685251220
newOrder,10783,0,54648,1685251220
newOrder,24999,1,54648,1685251220
cancel,10783,,,1685251798
cancel,17972,,,1685251798
cancel,19080,,,1685251798
cancel,24999,,,1685251798
newOrder,17948,0,18921,1685251820
newOrder,19080,1,18921,1685251820
newOrder,10769,0,101090,1685251820
newOrder,24999,1,101090,1685251820
cancel,10769,,,1685252398
cancel,17948,,,1685252398
cancel,19080,,,1685252398
cancel,24999,,,1685252398
newOrder,17948,0,18929,1685252421
newOrder,19080,1,18929,1685252421
newOrder,10769,0,89516,1685252421
newOrder,24999,1,89516,1685252421
cancel,10769,,,1685252998
cancel,17948,,,1685252998
cancel,19080,,,1685252998
cancel,24999,,,1685252998
newOrder,17948,0,18938,1685253022
newOrder,19080,1,18938,1685253022
newOrder,10769,0,64691,1685253022
newOrder,24999,1,64691,1685253022
cancel,10769,,,1685253597
cancel,17948,,,1685253597
cancel,19080,,,1685253597
cancel,24999,,,1685253597
newOrder,17948,0,18947,1685253621
newOrder,19080,1,18947,1685253621
newOrder,10769,0,80035,1685253621
newOrder,24999,1,80035,1685253621
cancel,10769,,,1685254198
cancel,17948,,,1685254198
cancel,19080,,,1685254198
cancel,24999,,,1685254198
newOrder,17948,0,18955,1685254221
newOrder,19080,1,18955,1685254221
newOrder,10769,0,43770,1685254221
newOrder,24957,1,43770,1685254221
cancel,10769,,,1685254797
cancel,17948,,,1685254797
cancel,19080,,,1685254797
cancel,24957,,,1685254797
newOrder,17949,0,18965,1685254822
newOrder,19080,1,18965,1685254822
newOrder,10769,0,76328,1685254822
newOrder,24999,1,76328,1685254822
cancel,10769,,,1685255397
cancel,17949,,,1685255397
cancel,19080,,,1685255397
cancel,24999,,,1685255397
newOrder,17958,0,19029,1685255421
newOrder,19080,1,19029,1685255421
newOrder,10775,0,67042,1685255421
newOrder,24999,1,67042,1685255421
cancel,10775,,,1685255998
cancel,17958,,,1685255998
cancel,19080,,,1685255998
cancel,24999,,,1685255998
newOrder,17958,0,19038,1685256021
newOrder,19080,1,19038,1685256021
newOrder,10775,0,99690,1685256021
newOrder,24999,1,99690,1685256021
cancel,10775,,,1685256597
cancel,17958,,,1685256597
cancel,19080,,,1685256597
cancel,24999,,,1685256597
newOrder,17958,0,19047,1685256621
newOrder,19080,1,19047,1685256621
newOrder,15111,0,11704,1685256621
cancel,15111,,,1685257197
cancel,17958,,,1685257197
cancel,19080,,,1685257197
newOrder,17958,0,19055,1685257223
newOrder,19080,1,19055,1685257223
newOrder,12202,0,35401,1685257223
newOrder,24957,1,35401,1685257223
cancel,12202,,,1685257798
cancel,17958,,,1685257798
cancel,19080,,,1685257798
cancel,24957,,,1685257798
newOrder,17958,0,19064,1685257820
newOrder,19080,1,19064,1685257820
newOrder,10775,0,48689,1685257820
newOrder,24999,1,48689,1685257820
cancel,10775,,,1685258397
cancel,17958,,,1685258397
cancel,19080,,,1685258397
cancel,24999,,,1685258397
newOrder,17959,0,19079,1685258420
newOrder,19080,1,19079,1685258420
newOrder,10775,0,73267,1685258420
newOrder,24999,1,73267,1685258420
cancel,10775,,,1685258999
cancel,17959,,,1685258999
cancel,19080,,,1685258999
cancel,24999,,,1685258999
newOrder,17958,0,19082,1685259023
newOrder,19080,1,19082,1685259023
newOrder,10775,0,77073,1685259023
newOrder,24999,1,77073,1685259023
cancel,10775,,,1685259598
cancel,17958,,,1685259598
cancel,19080,,,1685259598
cancel,24999,,,1685259598
newOrder,17959,0,19097,1685259621
newOrder,19080,1,19097,1685259621
newOrder,10775,0,61888,1685259621
newOrder,24999,1,61888,1685259621
cancel,10775,,,1685260199
cancel,17959,,,1685260199
cancel,19080,,,1685260199
cancel,24999,,,1685260199
newOrder,17940,0,18993,1685260221
newOrder,19080,1,18993,1685260221
newOrder,10764,0,81922,1685260221
newOrder,24999,1,81922,1685260221
cancel,10764,,,1685260798
cancel,17940,,,1685260798
cancel,19080,,,1685260798
cancel,24999,,,1685260798
newOrder,17940,0,19002,1685260821
newOrder,19080,1,19002,1685260821
newOrder,10764,0,84875,1685260821
newOrder,24999,1,84875,1685260821
cancel,10764,,,1685261397
cancel,17940,,,1685261397
cancel,19080,,,1685261397
cancel,24999,,,1685261397
newOrder,17940,0,19011,1685261420
newOrder,19080,1,19011,1685261420
newOrder,10764,0,94026,1685261420
newOrder,24999,1,94026,1685261420
cancel,10764,,,1685261997
cancel,17940,,,1685261997
cancel,19080,,,1685261997
cancel,24999,,,1685261997
newOrder,17940,0,19020,1685262021
newOrder,19080,1,19020,1685262021
newOrder,10764,0,89574,1685262021
newOrder,24999,1,89574,1685262021
cancel,10764,,,1685262597
cancel,17940,,,1685262597
cancel,19080,,,1685262597
cancel,24999,,,1685262597
newOrder,17940,0,19028,1685262620
newOrder,19080,1,19028,1685262620
newOrder,10764,0,100126,1685262620
newOrder,24999,1,100126,1685262620
cancel,10764,,,1685263198
cancel,17940,,,1685263198
cancel,19080,,,1685263198
cancel,24999,,,1685263198
newOrder,17940,0,19037,1685263222
newOrder,19080,1,19037,1685263222
newOrder,12162,0,36482,1685263222
newOrder,24957,1,36482,1685263222
cancel,12162,,,1685263797
cancel,17940,,,1685263797
cancel,19080,,,1685263797
cancel,24957,,,1685263797
newOrder,17940,0,19046,1685263820
newOrder,19080,1,19046,1685263820
newOrder,12202,0,24191,1685263820
newOrder,24957,1,24191,1685263820
cancel,12202,,,1685264397
cancel,17940,,,1685264397
cancel,19080,,,1685264397
cancel,24957,,,1685264397
newOrder,17940,0,19055,1685264420
newOrder,19080,1,19055,1685264420
newOrder,10764,0,98367,1685264420
newOrder,24999,1,98367,1685264420
cancel,10764,,,1685264997
cancel,17940,,,1685264997
cancel,19080,,,1685264997
cancel,24999,,,1685264997
newOrder,17941,0,19066,1685265020
newOrder,19080,1,19066,1685265020
newOrder,10764,0,67358,1685265020
newOrder,24999,1,67358,1685265020
cancel,10764,,,1685265598
cancel,17941,,,1685265598
cancel,19080,,,1685265598
cancel,24999,,,1685265598
newOrder,17941,0,19075,1685265622
newOrder,19080,1,19075,1685265622
newOrder,12202,0,35635,1685265622
newOrder,24957,1,35635,1685265622
cancel,12202,,,1685266198
cancel,17941,,,1685266198
cancel,19080,,,1685266198
cancel,24957,,,1685266198
newOrder,17941,0,19084,1685266221
newOrder,19080,1,19084,1685266221
newOrder,12202,0,33855,1685266221
newOrder,24957,1,33855,1685266221
cancel,12202,,,1685266797
cancel,17941,,,1685266797
cancel,19080,,,1685266797
cancel,24957,,,1685266797
newOrder,17941,0,19093,1685266821
newOrder,19080,1,19093,1685266821
newOrder,10764,0,57474,1685266821
newOrder,24999,1,57474,1685266821
cancel,10764,,,1685267397
cancel,17941,,,1685267397
cancel,19080,,,1685267397
cancel,24999,,,1685267397
newOrder,17941,0,19102,1685267421
newOrder,19080,1,19102,1685267421
newOrder,10764,0,44097,1685267421
newOrder,24957,1,44097,1685267421
cancel,10764,,,1685267997
cancel,17941,,,1685267997
cancel,19080,,,1685267997
cancel,24957,,,1685267997
newOrder,17941,0,19111,1685268022
newOrder,19080,1,19111,1685268022
newOrder,10764,0,40270,1685268022
newOrder,24957,1,40270,1685268022
cancel,10764,,,1685268598
cancel,17941,,,1685268598
cancel,19080,,,1685268598
cancel,24957,,,1685268598
newOrder,17941,0,19124,1685268628
newOrder,19080,1,19124,1685268628
newOrder,10765,0,79340,1685268628
newOrder,24999,1,79340,1685268628
cancel,10765,,,1685269198
cancel,17941,,,1685269198
cancel,19080,,,1685269198
cancel,24999,,,1685269198
newOrder,17941,0,19133,1685269222
newOrder,19080,1,19133,1685269222
newOrder,10765,0,50912,1685269222
newOrder,24999,1,50912,1685269222
cancel,10765,,,1685269797
cancel,17941,,,1685269797
cancel,19080,,,1685269797
cancel,24999,,,1685269797
newOrder,17844,0,18500,1685269819
newOrder,19080,1,18500,1685269819
newOrder,15111,0,15694,1685269819
cancel,15111,,,1685270398
cancel,17844,,,1685270398
cancel,19080,,,1685270398
newOrder,17842,0,18494,1685270421
newOrder,19080,1,18494,1685270421
newOrder,12202,0,25363,1685270421
newOrder,24957,1,25363,1685270421
cancel,12202,,,1685270997
cancel,17842,,,1685270997
cancel,19080,,,1685270997
cancel,24957,,,1685270997
newOrder,17842,0,18501,1685271019
newOrder,19080,1,18501,1685271019
newOrder,15111,0,14022,1685271019
cancel,15111,,,1685271599
cancel,17842,,,1685271599
cancel,19080,,,1685271599
newOrder,17841,0,18502,1685271624
newOrder,19080,1,18502,1685271624
newOrder,12202,0,31074,1685271624
newOrder,24957,1,31074,1685271624
cancel,12202,,,1685272198
cancel,17841,,,1685272198
cancel,19080,,,1685272198
cancel,24957,,,1685272198
newOrder,17841,0,18508,1685272220
newOrder,19080,1,18508,1685272220
newOrder,10705,0,69843,1685272220
newOrder,24999,1,69843,1685272220
cancel,10705,,,1685272798
cancel,17841,,,1685272798
cancel,19080,,,1685272798
cancel,24999,,,1685272798
newOrder,17842,0,18521,1685272823
newOrder,19080,1,18521,1685272823
newOrder,10705,0,71209,1685272823
newOrder,24999,1,71209,1685272823
cancel,10705,,,1685273397
cancel,17842,,,1685273397
cancel,19080,,,1685273397
cancel,24999,,,1685273397
newOrder,17842,0,18530,1685273419
newOrder,19080,1,18530,1685273419
newOrder,15111,0,15931,1685273419
cancel,15111,,,1685273998
cancel,17842,,,1685273998
cancel,19080,,,1685273998
newOrder,17773,0,18046,1685274022
newOrder,19080,1,18046,1685274022
newOrder,10664,0,84071,1685274022
newOrder,24999,1,84071,1685274022
cancel,10664,,,1685274598
cancel,17773,,,1685274598
cancel,19080,,,1685274598
cancel,24999,,,1685274598
newOrder,17737,0,17789,1685274621
newOrder,19080,1,17789,1685274621
newOrder,15001,0,18522,1685274621
newOrder,24957,1,18522,1685274621
cancel,15001,,,1685275198
cancel,17737,,,1685275198
cancel,19080,,,1685275198
cancel,24957,,,1685275198
newOrder,17735,0,17779,1685275222
newOrder,19080,1,17779,1685275222
newOrder,10641,0,61380,1685275222
newOrder,24999,1,61380,1685275222
cancel,10641,,,1685275797
cancel,17735,,,1685275797
cancel,19080,,,1685275797
cancel,24999,,,1685275797
newOrder,17736,0,17791,1685275823
newOrder,19080,1,17791,1685275823
newOrder,12202,0,22362,1685275823
newOrder,24957,1,22362,1685275823