instruction,price,side,qty,time
cancel,15762,,,1691237482
cancel,17747,,,1691237482
cancel,18075,,,1691237482
cancel,19999,,,1691237482
newOrder,17722,0,5257,1691237498
newOrder,18075,1,5257,1691237498
newOrder,15742,0,17255,1691237498
newOrder,24999,1,17255,1691237498
cancel,15742,,,1691238082
cancel,17722,,,1691238082
cancel,18075,,,1691238082
cancel,24999,,,1691238082
newOrder,17722,0,5257,1691238098
newOrder,18075,1,5257,1691238098
newOrder,15742,0,12024,1691238098
newOrder,24999,1,12024,1691238098
cancel,15742,,,1691238682
cancel,17722,,,1691238682
cancel,18075,,,1691238682
cancel,24999,,,1691238682
newOrder,17722,0,5258,1691238698
newOrder,18075,1,5258,1691238698
newOrder,15762,0,6989,1691238698
newOrder,24999,1,6989,1691238698
cancel,15762,,,1691239283
cancel,17722,,,1691239283
cancel,18075,,,1691239283
cancel,24999,,,1691239283
newOrder,17722,0,5259,1691239298
newOrder,18075,1,5259,1691239298
newOrder,15742,0,12494,1691239298
newOrder,24999,1,12494,1691239298
cancel,15742,,,1691239883
cancel,17722,,,1691239883
cancel,18075,,,1691239883
cancel,24999,,,1691239883
newOrder,17722,0,5259,1691239898
newOrder,18075,1,5259,1691239898
newOrder,15762,0,9620,1691239898
newOrder,24999,1,9620,1691239898
cancel,15762,,,1691240483
cancel,17722,,,1691240483
cancel,18075,,,1691240483
cancel,24999,,,1691240483
newOrder,17727,0,5259,1691240498
newOrder,18075,1,5259,1691240498
newOrder,15742,0,17579,1691240498
newOrder,24999,1,17579,1691240498
cancel,15742,,,1691241082
cancel,17727,,,1691241082
cancel,18075,,,1691241082
cancel,24999,,,1691241082
newOrder,17722,0,5261,1691241098
newOrder,18075,1,5261,1691241098
newOrder,15742,0,10897,1691241098
newOrder,24999,1,10897,1691241098
cancel,15742,,,1691241683
cancel,17722,,,1691241683
cancel,18075,,,1691241683
cancel,24999,,,1691241683
newOrder,17725,0,5261,1691241698
newOrder,18075,1,5261,1691241698
newOrder,15742,0,10802,1691241698
newOrder,24999,1,10802,1691241698
cancel,15742,,,1691242282
cancel,17725,,,1691242282
cancel,18075,,,1691242282
cancel,24999,,,1691242282
newOrder,17722,0,5262,1691242298
newOrder,18075,1,5262,1691242298
newOrder,15742,0,17828,1691242298
newOrder,24999,1,17828,1691242298
cancel,15742,,,1691242884
cancel,17722,,,1691242884
cancel,18075,,,1691242884
cancel,24999,,,1691242884
newOrder,17707,0,5265,1691242899
newOrder,18075,1,5265,1691242899
newOrder,15742,0,21254,1691242899
newOrder,24999,1,21254,1691242899
cancel,15742,,,1691243482
cancel,17707,,,1691243482
cancel,18075,,,1691243482
cancel,24999,,,1691243482
newOrder,17740,0,5261,1691243497
newOrder,18075,1,5261,1691243497
newOrder,15742,0,12905,1691243497
newOrder,24999,1,12905,1691243497
cancel,15742,,,1691244082
cancel,17740,,,1691244082
cancel,18075,,,1691244082
cancel,24999,,,1691244082
newOrder,17722,0,5264,1691244097
newOrder,18075,1,5264,1691244097
newOrder,15742,0,16670,1691244097
newOrder,24999,1,16670,1691244097
cancel,15742,,,1691244682
cancel,17722,,,1691244682
cancel,18075,,,1691244682
cancel,24999,,,1691244682
newOrder,17722,0,5265,1691244697
newOrder,18075,1,5265,1691244697
newOrder,15742,0,16758,1691244697
newOrder,24999,1,16758,1691244697
cancel,15742,,,1691245283
cancel,17722,,,1691245283
cancel,18075,,,1691245283
cancel,24999,,,1691245283
newOrder,17728,0,5265,1691245297
newOrder,18075,1,5265,1691245297
newOrder,15762,0,8560,1691245297
newOrder,24999,1,8560,1691245297
cancel,15762,,,1691245882
cancel,17728,,,1691245882
cancel,18075,,,1691245882
cancel,24999,,,1691245882
newOrder,17722,0,5266,1691245898
newOrder,18075,1,5266,1691245898
newOrder,15762,0,5116,1691245898
newOrder,19999,1,5116,1691245898
cancel,15762,,,1691246482
cancel,17722,,,1691246482
cancel,18075,,,1691246482
cancel,19999,,,1691246482
newOrder,17746,0,5263,1691246497
newOrder,18075,1,5263,1691246497
newOrder,15742,0,22807,1691246497
newOrder,24999,1,22807,1691246497
cancel,15742,,,1691247082
cancel,17746,,,1691247082
cancel,18075,,,1691247082
cancel,24999,,,1691247082
newOrder,17729,0,5267,1691247098
newOrder,18075,1,5267,1691247098
newOrder,12310,0,25754,1691247098
newOrder,24999,1,25754,1691247098
cancel,12310,,,1691247683
cancel,17729,,,1691247683
cancel,18075,,,1691247683
cancel,24999,,,1691247683
newOrder,17722,0,5269,1691247698
newOrder,18075,1,5269,1691247698
newOrder,15742,0,20113,1691247698
newOrder,24999,1,20113,1691247698
cancel,15742,,,1691248283
cancel,17722,,,1691248283
cancel,18075,,,1691248283
cancel,24999,,,1691248283
newOrder,17769,0,5262,1691248298
newOrder,18075,1,5262,1691248298
newOrder,15742,0,20830,1691248298
newOrder,24999,1,20830,1691248298
cancel,15742,,,1691248882
cancel,17769,,,1691248882
cancel,18075,,,1691248882
cancel,24999,,,1691248882
newOrder,17722,0,5270,1691248897
newOrder,18075,1,5270,1691248897
newOrder,12310,0,26572,1691248897
newOrder,24999,1,26572,1691248897
cancel,12310,,,1691249483
cancel,17722,,,1691249483
cancel,18075,,,1691249483
cancel,24999,,,1691249483
newOrder,17704,0,5273,1691249498
newOrder,18075,1,5273,1691249498
newOrder,15742,0,21601,1691249498
newOrder,24999,1,21601,1691249498
cancel,15742,,,1691250082
cancel,17704,,,1691250082
cancel,18075,,,1691250082
cancel,24999,,,1691250082
newOrder,17702,0,5274,1691250098
newOrder,18075,1,5274,1691250098
newOrder,15742,0,16009,1691250098
newOrder,24999,1,16009,1691250098
cancel,15742,,,1691250683
cancel,17702,,,1691250683
cancel,18075,,,1691250683
cancel,24999,,,1691250683
newOrder,17722,0,5272,1691250702
newOrder,18075,1,5272,1691250702
newOrder,15742,0,12966,1691250702
newOrder,24999,1,12966,1691250702
cancel,15742,,,1691251283
cancel,17722,,,1691251283
cancel,18075,,,1691251283
cancel,24999,,,1691251283
newOrder,17722,0,5273,1691251299
newOrder,18075,1,5273,1691251299
newOrder,15742,0,14406,1691251299
newOrder,24999,1,14406,1691251299
cancel,15742,,,1691251882
cancel,17722,,,1691251882
cancel,18075,,,1691251882
cancel,24999,,,1691251882
newOrder,17722,0,5274,1691251899
newOrder,18075,1,5274,1691251899
newOrder,15742,0,16511,1691251899
newOrder,24999,1,16511,1691251899
cancel,15742,,,1691252483
cancel,17722,,,1691252483
cancel,18075,,,1691252483
cancel,24999,,,1691252483
newOrder,17722,0,5274,1691252498
newOrder,18075,1,5274,1691252498
newOrder,15762,0,9834,1691252498
newOrder,24999,1,9834,1691252498
cancel,15762,,,1691253082
cancel,17722,,,1691253082
cancel,18075,,,1691253082
cancel,24999,,,1691253082
newOrder,17722,0,5275,1691253097
newOrder,18075,1,5275,1691253097
newOrder,15762,0,7149,1691253097
newOrder,24999,1,7149,1691253097
cancel,15762,,,1691253682
cancel,17722,,,1691253682
cancel,18075,,,1691253682
cancel,24999,,,1691253682
newOrder,17722,0,5276,1691253697
newOrder,18075,1,5276,1691253697
newOrder,15742,0,15192,1691253697
newOrder,24999,1,15192,1691253697
cancel,15742,,,1691254282
cancel,17722,,,1691254282
cancel,18075,,,1691254282
cancel,24999,,,1691254282
newOrder,17722,0,5276,1691254297
newOrder,18075,1,5276,1691254297
newOrder,15742,0,11661,1691254297
newOrder,24999,1,11661,1691254297
cancel,15742,,,1691254882
cancel,17722,,,1691254882
cancel,18075,,,1691254882
cancel,24999,,,1691254882
newOrder,17722,0,5277,1691254898
newOrder,18075,1,5277,1691254898
newOrder,15742,0,21535,1691254898
newOrder,24999,1,21535,1691254898
cancel,15742,,,1691255482
cancel,17722,,,1691255482
cancel,18075,,,1691255482
cancel,24999,,,1691255482
newOrder,17722,0,5278,1691255498
newOrder,18075,1,5278,1691255498
newOrder,15762,0,9980,1691255498
newOrder,24999,1,9980,1691255498
cancel,15762,,,1691256083
cancel,17722,,,1691256083
cancel,18075,,,1691256083
cancel,24999,,,1691256083
newOrder,17722,0,5279,1691256098
newOrder,18075,1,5279,1691256098
newOrder,15742,0,20895,1691256098
newOrder,24999,1,20895,1691256098
cancel,15742,,,1691256683
cancel,17722,,,1691256683
cancel,18075,,,1691256683
cancel,24999,,,1691256683
newOrder,17722,0,5279,1691256698
newOrder,18075,1,5279,1691256698
newOrder,15742,0,16213,1691256698
newOrder,24999,1,16213,1691256698
cancel,15742,,,1691257283
cancel,17722,,,1691257283
cancel,18075,,,1691257283
cancel,24999,,,1691257283
newOrder,17769,0,5272,1691257298
newOrder,18075,1,5272,1691257298
newOrder,15762,0,9717,1691257298
newOrder,24999,1,9717,1691257298
cancel,15762,,,1691257882
cancel,17769,,,1691257882
cancel,18075,,,1691257882
cancel,24999,,,1691257882
newOrder,17803,0,5267,1691257897
newOrder,18075,1,5267,1691257897
newOrder,15762,0,5953,1691257897
newOrder,21899,1,5953,1691257897
cancel,15762,,,1691258482
cancel,17803,,,1691258482
cancel,18075,,,1691258482
cancel,21899,,,1691258482
newOrder,17791,0,5270,1691258497
newOrder,18075,1,5270,1691258497
newOrder,12310,0,24671,1691258497
newOrder,24999,1,24671,1691258497
cancel,12310,,,1691259082
cancel,17791,,,1691259082
cancel,18075,,,1691259082
cancel,24999,,,1691259082
newOrder,17800,0,5269,1691259098
newOrder,18075,1,5269,1691259098
newOrder,15762,0,3259,1691259098
newOrder,19999,1,3259,1691259098
cancel,15762,,,1691259682
cancel,17800,,,1691259682
cancel,18075,,,1691259682
cancel,19999,,,1691259682
newOrder,17812,0,5268,1691259697
newOrder,18075,1,5268,1691259697
newOrder,12310,0,24587,1691259697
newOrder,24999,1,24587,1691259697
cancel,12310,,,1691260282
cancel,17812,,,1691260282
cancel,18075,,,1691260282
cancel,24999,,,1691260282
newOrder,17791,0,5272,1691260297
newOrder,18075,1,5272,1691260297
newOrder,15761,0,10359,1691260297
newOrder,24999,1,10359,1691260297
cancel,15761,,,1691260883
cancel,17791,,,1691260883
cancel,18075,,,1691260883
cancel,24999,,,1691260883
newOrder,17770,0,5276,1691260898
newOrder,18075,1,5276,1691260898
newOrder,15742,0,12817,1691260898
newOrder,24999,1,12817,1691260898
cancel,15742,,,1691261484
cancel,17770,,,1691261484
cancel,18075,,,1691261484
cancel,24999,,,1691261484
newOrder,17791,0,5274,1691261499
newOrder,18075,1,5274,1691261499
newOrder,15762,0,8483,1691261499
newOrder,24999,1,8483,1691261499
cancel,15762,,,1691262083
cancel,17791,,,1691262083
cancel,18075,,,1691262083
cancel,24999,,,1691262083
newOrder,17808,0,5271,1691262097
newOrder,18075,1,5271,1691262097
newOrder,14501,0,23942,1691262097
newOrder,24999,1,23942,1691262097
cancel,14501,,,1691262682
cancel,17808,,,1691262682
cancel,18075,,,1691262682
cancel,24999,,,1691262682
newOrder,17824,0,5269,1691262698
newOrder,18075,1,5269,1691262698
newOrder,12310,0,25460,1691262698
newOrder,24999,1,25460,1691262698
cancel,12310,,,1691263282
cancel,17824,,,1691263282
cancel,18075,,,1691263282
cancel,24999,,,1691263282
newOrder,17800,0,5274,1691263298
newOrder,18075,1,5274,1691263298
newOrder,15762,0,9848,1691263298
newOrder,24999,1,9848,1691263298
cancel,15762,,,1691263882
cancel,17800,,,1691263882
cancel,18075,,,1691263882
cancel,24999,,,1691263882
newOrder,17789,0,5277,1691263898
newOrder,18075,1,5277,1691263898
newOrder,15762,0,8737,1691263898
newOrder,24999,1,8737,1691263898
cancel,15762,,,1691264482
cancel,17789,,,1691264482
cancel,18075,,,1691264482
cancel,24999,,,1691264482
newOrder,17791,0,5277,1691264497
newOrder,18075,1,5277,1691264497
newOrder,12310,0,25898,1691264497
newOrder,24999,1,25898,1691264497
cancel,12310,,,1691265083
cancel,17791,,,1691265083
cancel,18075,,,1691265083
cancel,24999,,,1691265083
newOrder,17803,0,5276,1691265097
newOrder,18075,1,5276,1691265097
newOrder,15766,0,4919,1691265097
newOrder,19999,1,4919,1691265097
cancel,15766,,,1691265683
cancel,17803,,,1691265683
cancel,18075,,,1691265683
cancel,19999,,,1691265683
newOrder,17791,0,5279,1691265698
newOrder,18075,1,5279,1691265698
newOrder,15762,0,8882,1691265698
newOrder,24999,1,8882,1691265698
cancel,15762,,,1691266282
cancel,17791,,,1691266282
cancel,18075,,,1691266282
cancel,24999,,,1691266282
newOrder,17801,0,5278,1691266298
newOrder,18075,1,5278,1691266298
newOrder,15742,0,11362,1691266298
newOrder,24999,1,11362,1691266298
cancel,15742,,,1691266882
cancel,17801,,,1691266882
cancel,18075,,,1691266882
cancel,24999,,,1691266882
newOrder,17814,0,5276,1691266897
newOrder,18075,1,5276,1691266897
newOrder,12311,0,24271,1691266897
newOrder,24999,1,24271,1691266897
cancel,12311,,,1691267482
cancel,17814,,,1691267482
cancel,18075,,,1691267482
cancel,24999,,,1691267482
newOrder,17791,0,5281,1691267497
newOrder,18075,1,5281,1691267497
newOrder,15762,0,9255,1691267497
newOrder,24999,1,9255,1691267497
cancel,15762,,,1691268082
cancel,17791,,,1691268082
cancel,18075,,,1691268082
cancel,24999,,,1691268082
newOrder,17796,0,5281,1691268097
newOrder,18075,1,5281,1691268097
newOrder,12310,0,24926,1691268097
newOrder,24999,1,24926,1691268097
cancel,12310,,,1691268684
cancel,17796,,,1691268684
cancel,18075,,,1691268684
cancel,24999,,,1691268684
newOrder,17801,0,5280,1691268700
newOrder,18075,1,5280,1691268700
newOrder,12310,0,26615,1691268700
newOrder,24999,1,26615,1691268700
cancel,12310,,,1691269282
cancel,17801,,,1691269282
cancel,18075,,,1691269282
cancel,24999,,,1691269282
newOrder,17791,0,5283,1691269298
newOrder,18075,1,5283,1691269298
newOrder,15762,0,7788,1691269298
newOrder,24999,1,7788,1691269298
cancel,15762,,,1691269882
cancel,17791,,,1691269882
cancel,18075,,,1691269882
cancel,24999,,,1691269882
newOrder,17818,0,5279,1691269898
newOrder,18075,1,5279,1691269898
newOrder,15742,0,20102,1691269898
newOrder,24999,1,20102,1691269898
cancel,15742,,,1691270483
cancel,17818,,,1691270483
cancel,18075,,,1691270483
cancel,24999,,,1691270483
newOrder,17794,0,5284,1691270498
newOrder,18075,1,5284,1691270498
newOrder,12310,0,24562,1691270498
newOrder,24999,1,24562,1691270498
cancel,12310,,,1691271082
cancel,17794,,,1691271082
cancel,18075,,,1691271082
cancel,24999,,,1691271082
newOrder,17811,0,5282,1691271097
newOrder,18075,1,5282,1691271097
newOrder,15742,0,21711,1691271097
newOrder,24999,1,21711,1691271097
cancel,15742,,,1691271682
cancel,17811,,,1691271682
cancel,18075,,,1691271682
cancel,24999,,,1691271682
newOrder,17782,0,5287,1691271697
newOrder,18075,1,5287,1691271697
newOrder,15742,0,11418,1691271697
newOrder,24999,1,11418,1691271697
cancel,15742,,,1691272284
cancel,17782,,,1691272284
cancel,18075,,,1691272284
cancel,24999,,,1691272284
newOrder,17791,0,5286,1691272299
newOrder,18075,1,5286,1691272299
newOrder,12310,0,24393,1691272299
newOrder,24999,1,24393,1691272299
cancel,12310,,,1691272882
cancel,17791,,,1691272882
cancel,18075,,,1691272882
cancel,24999,,,1691272882
newOrder,17805,0,5285,1691272897
newOrder,18075,1,5285,1691272897
newOrder,15762,0,10556,1691272897
newOrder,24999,1,10556,1691272897
cancel,15762,,,1691273482
cancel,17805,,,1691273482
cancel,18075,,,1691273482
cancel,24999,,,1691273482
newOrder,17791,0,5288,1691273498
newOrder,18075,1,5288,1691273498
newOrder,15742,0,23335,1691273498
newOrder,24999,1,23335,1691273498
cancel,15742,,,1691274083
cancel,17791,,,1691274083
cancel,18075,,,1691274083
cancel,24999,,,1691274083
newOrder,17908,0,5266,1691274096
newOrder,18075,1,5266,1691274096
newOrder,15742,0,14526,1691274096
newOrder,24999,1,14526,1691274096
cancel,15742,,,1691274682
cancel,17908,,,1691274682
cancel,18075,,,1691274682
cancel,24999,,,1691274682
newOrder,17893,0,5270,1691274697
newOrder,18075,1,5270,1691274697
newOrder,12310,0,28179,1691274697
newOrder,24999,1,28179,1691274697
cancel,12310,,,1691275283
cancel,17893,,,1691275283
cancel,18075,,,1691275283
cancel,24999,,,1691275283
newOrder,17908,0,5267,1691275298
newOrder,18075,1,5267,1691275298
newOrder,15762,0,8483,1691275298
newOrder,24999,1,8483,1691275298
cancel,15762,,,1691275883
cancel,17908,,,1691275883
cancel,18075,,,1691275883
cancel,24999,,,1691275883
newOrder,17914,0,5267,1691275898
newOrder,18075,1,5267,1691275898
newOrder,15742,0,21431,1691275898
newOrder,24999,1,21431,1691275898
cancel,15742,,,1691276483
cancel,17914,,,1691276483
cancel,18075,,,1691276483
cancel,24999,,,1691276483
newOrder,17903,0,5270,1691276499
newOrder,18075,1,5270,1691276499
newOrder,15742,0,18471,1691276499
newOrder,24999,1,18471,1691276499
cancel,15742,,,1691277083
cancel,17903,,,1691277083
cancel,18075,,,1691277083
cancel,24999,,,1691277083
newOrder,17908,0,5269,1691277098
newOrder,18075,1,5269,1691277098
newOrder,15766,0,5609,1691277098
newOrder,19999,1,5609,1691277098
cancel,15766,,,1691277683
cancel,17908,,,1691277683
cancel,18075,,,1691277683
cancel,19999,,,1691277683
newOrder,17894,0,5273,1691277698
newOrder,18075,1,5273,1691277698
newOrder,15742,0,11941,1691277698
newOrder,24999,1,11941,1691277698
cancel,15742,,,1691278282
cancel,17894,,,1691278282
cancel,18075,,,1691278282
cancel,24999,,,1691278282
newOrder,17911,0,5270,1691278298
newOrder,18075,1,5270,1691278298
newOrder,15742,0,16650,1691278298
newOrder,24999,1,16650,1691278298
cancel,15742,,,1691278883
cancel,17911,,,1691278883
cancel,18075,,,1691278883
cancel,24999,,,1691278883
newOrder,17903,0,5273,1691278898
newOrder,18075,1,5273,1691278898
newOrder,15762,0,7090,1691278898
newOrder,24999,1,7090,1691278898
cancel,15762,,,1691279482
cancel,17903,,,1691279482
cancel,18075,,,1691279482
cancel,24999,,,1691279482
newOrder,17896,0,5275,1691279499
newOrder,18075,1,5275,1691279499
newOrder,12310,0,26666,1691279499
newOrder,24999,1,26666,1691279499
cancel,12310,,,1691280082
cancel,17896,,,1691280082
cancel,18075,,,1691280082
cancel,24999,,,1691280082
newOrder,17889,0,5277,1691280098
newOrder,18075,1,5277,1691280098
newOrder,15742,0,23897,1691280098
newOrder,24999,1,23897,1691280098
cancel,15742,,,1691280682
cancel,17889,,,1691280682
cancel,18075,,,1691280682
cancel,24999,,,1691280682
newOrder,17925,0,5265,1691280699
newOrder,18100,1,5265,1691280699
newOrder,15742,0,20147,1691280699
newOrder,24999,1,20147,1691280699
cancel,15742,,,1691281283
cancel,17925,,,1691281283
cancel,18100,,,1691281283
cancel,24999,,,1691281283
newOrder,17893,0,5278,1691281299
newOrder,18075,1,5278,1691281299
newOrder,12310,0,25606,1691281299
newOrder,24999,1,25606,1691281299
cancel,12310,,,1691281883
cancel,17893,,,1691281883
cancel,18075,,,1691281883
cancel,24999,,,1691281883
newOrder,17893,0,5278,1691281898
newOrder,18075,1,5278,1691281898
newOrder,15742,0,19760,1691281898
newOrder,24999,1,19760,1691281898
cancel,15742,,,1691282482
cancel,17893,,,1691282482
cancel,18075,,,1691282482
cancel,24999,,,1691282482
newOrder,17912,0,5275,1691282498
newOrder,18075,1,5275,1691282498
newOrder,14501,0,23932,1691282498
newOrder,24999,1,23932,1691282498
cancel,14501,,,1691283082
cancel,17912,,,1691283082
cancel,18075,,,1691283082
cancel,24999,,,1691283082
newOrder,17742,0,5308,1691283098
newOrder,18075,1,5308,1691283098
newOrder,15742,0,15644,1691283098
newOrder,24999,1,15644,1691283098
cancel,15742,,,1691283683
cancel,17742,,,1691283683
cancel,18075,,,1691283683
cancel,24999,,,1691283683
newOrder,17743,0,5308,1691283698
newOrder,18075,1,5308,1691283698
newOrder,15762,0,8551,1691283698
newOrder,24999,1,8551,1691283698
cancel,15762,,,1691284283
cancel,17743,,,1691284283
cancel,18075,,,1691284283
cancel,24999,,,1691284283
newOrder,17744,0,5309,1691284299
newOrder,18075,1,5309,1691284299
newOrder,15766,0,4847,1691284299
newOrder,19999,1,4847,1691284299
cancel,15766,,,1691284884
cancel,17744,,,1691284884
cancel,18075,,,1691284884
cancel,19999,,,1691284884
newOrder,17743,0,5310,1691284899
newOrder,18075,1,5310,1691284899
newOrder,15762,0,7951,1691284899
newOrder,24999,1,7951,1691284899
cancel,15762,,,1691285482
cancel,17743,,,1691285482
cancel,18075,,,1691285482
cancel,24999,,,1691285482
newOrder,17765,0,5307,1691285497
newOrder,18075,1,5307,1691285497
newOrder,12310,0,25577,1691285497
newOrder,24999,1,25577,1691285497
cancel,12310,,,1691286082
cancel,17765,,,1691286082
cancel,18075,,,1691286082
cancel,24999,,,1691286082
newOrder,17743,0,5311,1691286098
newOrder,18075,1,5311,1691286098
newOrder,15742,0,18009,1691286098
newOrder,24999,1,18009,1691286098
cancel,15742,,,1691286683
cancel,17743,,,1691286683
cancel,18075,,,1691286683
cancel,24999,,,1691286683
newOrder,17743,0,5312,1691286698
newOrder,18075,1,5312,1691286698
newOrder,15742,0,23584,1691286698
newOrder,24999,1,23584,1691286698
cancel,15742,,,1691287283
cancel,17743,,,1691287283
cancel,18075,,,1691287283
cancel,24999,,,1691287283
newOrder,17743,0,5313,1691287308
newOrder,18075,1,5313,1691287308
newOrder,12310,0,27606,1691287308
newOrder,24999,1,27606,1691287308
cancel,12310,,,1691287883
cancel,17743,,,1691287883
cancel,18075,,,1691287883
cancel,24999,,,1691287883
newOrder,17595,0,5333,1691287898
newOrder,18075,1,5333,1691287898
newOrder,15766,0,5052,1691287898
newOrder,19999,1,5052,1691287898
cancel,15766,,,1691288483
cancel,17595,,,1691288483
cancel,18075,,,1691288483
cancel,19999,,,1691288483
newOrder,17603,0,5333,1691288498
newOrder,18075,1,5333,1691288498
newOrder,15742,0,14646,1691288498
newOrder,24999,1,14646,1691288498
cancel,15742,,,1691289083
cancel,17603,,,1691289083
cancel,18075,,,1691289083
cancel,24999,,,1691289083
newOrder,17662,0,5326,1691289098
newOrder,18075,1,5326,1691289098
newOrder,12310,0,24641,1691289098
newOrder,24999,1,24641,1691289098
cancel,12310,,,1691289683
cancel,17662,,,1691289683
cancel,18075,,,1691289683
cancel,24999,,,1691289683
newOrder,17677,0,5325,1691289698
newOrder,18075,1,5325,1691289698
newOrder,12310,0,26793,1691289698
newOrder,24999,1,26793,1691289698
cancel,12310,,,1691290282
cancel,17677,,,1691290282
cancel,18075,,,1691290282
cancel,24999,,,1691290282
newOrder,17700,0,5323,1691290297
newOrder,18075,1,5323,1691290297
newOrder,15766,0,5226,1691290297
newOrder,19999,1,5226,1691290297
cancel,15766,,,1691290882
cancel,17700,,,1691290882
cancel,18075,,,1691290882
cancel,19999,,,1691290882
newOrder,17718,0,5321,1691290899
newOrder,18075,1,5321,1691290899
newOrder,15766,0,3538,1691290899
newOrder,19999,1,3538,1691290899
cancel,15766,,,1691291482
cancel,17718,,,1691291482
cancel,18075,,,1691291482
cancel,19999,,,1691291482
newOrder,17707,0,5323,1691291498
newOrder,18075,1,5323,1691291498
newOrder,15762,0,10132,1691291498
newOrder,24999,1,10132,1691291498
cancel,15762,,,1691292082
cancel,17707,,,1691292082
cancel,18075,,,1691292082
cancel,24999,,,1691292082
newOrder,17715,0,5323,1691292097
newOrder,18075,1,5323,1691292097
newOrder,15762,0,6067,1691292097
newOrder,21899,1,6067,1691292097
cancel,15762,,,1691292683
cancel,17715,,,1691292683
cancel,18075,,,1691292683
cancel,21899,,,1691292683
newOrder,17715,0,5324,1691292699
newOrder,18075,1,5324,1691292699
newOrder,12310,0,26382,1691292699
newOrder,24999,1,26382,1691292699
cancel,12310,,,1691293283
cancel,17715,,,1691293283
cancel,18075,,,1691293283
cancel,24999,,,1691293283
newOrder,17701,0,5326,1691293298
newOrder,18075,1,5326,1691293298
newOrder,15742,0,15784,1691293298
newOrder,24999,1,15784,1691293298
cancel,15742,,,1691293883
cancel,17701,,,1691293883
cancel,18075,,,1691293883
cancel,24999,,,1691293883
newOrder,17719,0,5324,1691293897
newOrder,18075,1,5324,1691293897
newOrder,12310,0,27232,1691293897
newOrder,24999,1,27232,1691293897
cancel,12310,,,1691294483
cancel,17719,,,1691294483
cancel,18075,,,1691294483
cancel,24999,,,1691294483
newOrder,17719,0,5325,1691294500
newOrder,18075,1,5325,1691294500
newOrder,15766,0,3651,1691294500
newOrder,19999,1,3651,1691294500
cancel,15766,,,1691295082
cancel,17719,,,1691295082
cancel,18075,,,1691295082
cancel,19999,,,1691295082
newOrder,17724,0,5325,1691295098
newOrder,18075,1,5325,1691295098
newOrder,15766,0,5535,1691295098
newOrder,19999,1,5535,1691295098
cancel,15766,,,1691295682
cancel,17724,,,1691295682
cancel,18075,,,1691295682
cancel,19999,,,1691295682
newOrder,17685,0,5331,1691295697
newOrder,18075,1,5331,1691295697
newOrder,15762,0,9131,1691295697
newOrder,24999,1,9131,1691295697
cancel,15762,,,1691296283
cancel,17685,,,1691296283
cancel,18075,,,1691296283
cancel,24999,,,1691296283
newOrder,17673,0,5334,1691296299
newOrder,18075,1,5334,1691296299
newOrder,15742,0,16215,1691296299
newOrder,24999,1,16215,1691296299
cancel,15742,,,1691296882
cancel,17673,,,1691296882
cancel,18075,,,1691296882
cancel,24999,,,1691296882
newOrder,17700,0,5331,1691296897
newOrder,18075,1,5331,1691296897
newOrder,12310,0,27126,1691296897
newOrder,24999,1,27126,1691296897
cancel,12310,,,1691297482
cancel,17700,,,1691297482
cancel,18075,,,1691297482
cancel,24999,,,1691297482
newOrder,17696,0,5332,1691297498
newOrder,18075,1,5332,1691297498
newOrder,15742,0,23610,1691297498
newOrder,24999,1,23610,1691297498
cancel,15742,,,1691298082
cancel,17696,,,1691298082
cancel,18075,,,1691298082
cancel,24999,,,1691298082
newOrder,17607,0,5344,1691298098
newOrder,18075,1,5344,1691298098
newOrder,15762,0,6824,1691298098
newOrder,24999,1,6824,1691298098
cancel,15762,,,1691298683
cancel,17607,,,1691298683
cancel,18075,,,1691298683
cancel,24999,,,1691298683
newOrder,17614,0,5344,1691298698
newOrder,18075,1,5344,1691298698
newOrder,15766,0,5162,1691298698
newOrder,19999,1,5162,1691298698
cancel,15766,,,1691299282
cancel,17614,,,1691299282
cancel,18075,,,1691299282
cancel,19999,,,1691299282
newOrder,17710,0,5332,1691299297
newOrder,18075,1,5332,1691299297
newOrder,12310,0,27086,1691299297
newOrder,24999,1,27086,1691299297
cancel,12310,,,1691299882
cancel,17710,,,1691299882
cancel,18075,,,1691299882
cancel,24999,,,1691299882
newOrder,17656,0,5340,1691299896
newOrder,18075,1,5340,1691299896
newOrder,15742,0,14594,1691299896
newOrder,24999,1,14594,1691299896
cancel,15742,,,1691300482
cancel,17656,,,1691300482
cancel,18075,,,1691300482
cancel,24999,,,1691300482
newOrder,17698,0,5335,1691300498
newOrder,18075,1,5335,1691300498
newOrder,15762,0,8595,1691300498
newOrder,24999,1,8595,1691300498
cancel,15762,,,1691301082
cancel,17698,,,1691301082
cancel,18075,,,1691301082
cancel,24999,,,1691301082
newOrder,17625,0,5346,1691301098
newOrder,18075,1,5346,1691301098
newOrder,12310,0,25759,1691301098
newOrder,24999,1,25759,1691301098
cancel,12310,,,1691301683
cancel,17625,,,1691301683
cancel,18075,,,1691301683
cancel,24999,,,1691301683
newOrder,17634,0,5345,1691301697
newOrder,18075,1,5345,1691301697
newOrder,15742,0,13433,1691301697
newOrder,24999,1,13433,1691301697
cancel,15742,,,1691302282
cancel,17634,,,1691302282
cancel,18075,,,1691302282
cancel,24999,,,1691302282
newOrder,17719,0,5335,1691302297
newOrder,18075,1,5335,1691302297
newOrder,15742,0,23302,1691302297
newOrder,24999,1,23302,1691302297
cancel,15742,,,1691302883
cancel,17719,,,1691302883
cancel,18075,,,1691302883
cancel,24999,,,1691302883
newOrder,17632,0,5347,1691302898
newOrder,18075,1,5347,1691302898
newOrder,15766,0,5672,1691302898
newOrder,19999,1,5672,1691302898
cancel,15766,,,1691303482
cancel,17632,,,1691303482
cancel,18075,,,1691303482
cancel,19999,,,1691303482
newOrder,17628,0,5348,1691303498
newOrder,18075,1,5348,1691303498
newOrder,15742,0,16959,1691303498
newOrder,24999,1,16959,1691303498
cancel,15742,,,1691304083
cancel,17628,,,1691304083
cancel,18075,,,1691304083
cancel,24999,,,1691304083
newOrder,17646,0,5347,1691304098
newOrder,18075,1,5347,1691304098
newOrder,15742,0,15617,1691304098
newOrder,24999,1,15617,1691304098
cancel,15742,,,1691304682
cancel,17646,,,1691304682
cancel,18075,,,1691304682
cancel,24999,,,1691304682
newOrder,17611,0,5352,1691304697
newOrder,18075,1,5352,1691304697
newOrder,15742,0,10889,1691304697
newOrder,24999,1,10889,1691304697
cancel,15742,,,1691305283
cancel,17611,,,1691305283
cancel,18075,,,1691305283
cancel,24999,,,1691305283
newOrder,17621,0,5351,1691305298
newOrder,18075,1,5351,1691305298
newOrder,15742,0,20948,1691305298
newOrder,24999,1,20948,1691305298
cancel,15742,,,1691305882
cancel,17621,,,1691305882
cancel,18075,,,1691305882
cancel,24999,,,1691305882
newOrder,17615,0,5353,1691305897
newOrder,18075,1,5353,1691305897
newOrder,15742,0,20390,1691305897
newOrder,24999,1,20390,1691305897
cancel,15742,,,1691306484
cancel,17615,,,1691306484
cancel,18075,,,1691306484
cancel,24999,,,1691306484
newOrder,17643,0,5350,1691306499
newOrder,18075,1,5350,1691306499
newOrder,15762,0,7437,1691306499
newOrder,24999,1,7437,1691306499
cancel,15762,,,1691307082
cancel,17643,,,1691307082
cancel,18075,,,1691307082
cancel,24999,,,1691307082
newOrder,17673,0,5347,1691307097
newOrder,18075,1,5347,1691307097
newOrder,12310,0,28064,1691307097
newOrder,24999,1,28064,1691307097
cancel,12310,,,1691307683
cancel,17673,,,1691307683
cancel,18075,,,1691307683
cancel,24999,,,1691307683
newOrder,17598,0,5357,1691307700
newOrder,18075,1,5357,1691307700
newOrder,15742,0,23060,1691307700
newOrder,24999,1,23060,1691307700
cancel,15742,,,1691308282
cancel,17598,,,1691308282
cancel,18075,,,1691308282
cancel,24999,,,1691308282
newOrder,17648,0,5352,1691308298
newOrder,18075,1,5352,1691308298
newOrder,12311,0,24291,1691308298
newOrder,24999,1,24291,1691308298
cancel,12311,,,1691308882
cancel,17648,,,1691308882
cancel,18075,,,1691308882
cancel,24999,,,1691308882
newOrder,17715,0,5343,1691308897
newOrder,18075,1,5343,1691308897
newOrder,15742,0,15919,1691308897
newOrder,24999,1,15919,1691308897
cancel,15742,,,1691309482
cancel,17715,,,1691309482
cancel,18075,,,1691309482
cancel,24999,,,1691309482
newOrder,17703,0,5346,1691309498
newOrder,18075,1,5346,1691309498
newOrder,12310,0,26460,1691309498
newOrder,24999,1,26460,1691309498
cancel,12310,,,1691310083
cancel,17703,,,1691310083
cancel,18075,,,1691310083
cancel,24999,,,1691310083
newOrder,17697,0,5347,1691310097
newOrder,18075,1,5347,1691310097
newOrder,12310,0,26063,1691310097
newOrder,24999,1,26063,1691310097
cancel,12310,,,1691310683
cancel,17697,,,1691310683
cancel,18075,,,1691310683
cancel,24999,,,1691310683
newOrder,17689,0,5349,1691310698
newOrder,18075,1,5349,1691310698
newOrder,15742,0,19919,1691310698
newOrder,24999,1,19919,1691310698
cancel,15742,,,1691311282
cancel,17689,,,1691311282
cancel,18075,,,1691311282
cancel,24999,,,1691311282
newOrder,17666,0,5353,1691311298
newOrder,18075,1,5353,1691311298
newOrder,15742,0,22563,1691311298
newOrder,24999,1,22563,1691311298
cancel,15742,,,1691311882
cancel,17666,,,1691311882
cancel,18075,,,1691311882
cancel,24999,,,1691311882
newOrder,17645,0,5357,1691311898
newOrder,18075,1,5357,1691311898
newOrder,15742,0,21057,1691311898
newOrder,24999,1,21057,1691311898
cancel,15742,,,1691312483
cancel,17645,,,1691312483
cancel,18075,,,1691312483
cancel,24999,,,1691312483
newOrder,17625,0,5360,1691312497
newOrder,18075,1,5360,1691312497
newOrder,15742,0,11821,1691312497
newOrder,24999,1,11821,1691312497
cancel,15742,,,1691313083
cancel,17625,,,1691313083
cancel,18075,,,1691313083
cancel,24999,,,1691313083
newOrder,17675,0,5354,1691313098
newOrder,18075,1,5354,1691313098
newOrder,15762,0,5892,1691313098
newOrder,19999,1,5892,1691313098
cancel,15762,,,1691313683
cancel,17675,,,1691313683
cancel,18075,,,1691313683
cancel,19999,,,1691313683
newOrder,17674,0,5355,1691313697
newOrder,18075,1,5355,1691313697
newOrder,15766,0,4627,1691313697
newOrder,19999,1,4627,1691313697
cancel,15766,,,1691314283
cancel,17674,,,1691314283
cancel,18075,,,1691314283
cancel,19999,,,1691314283
newOrder,17676,0,5355,1691314298
newOrder,18075,1,5355,1691314298
newOrder,15742,0,15622,1691314298
newOrder,24999,1,15622,1691314298
cancel,15742,,,1691314883
cancel,17676,,,1691314883
cancel,18075,,,1691314883
cancel,24999,,,1691314883
newOrder,17660,0,5358,1691314898
newOrder,18075,1,5358,1691314898
newOrder,15742,0,21311,1691314898
newOrder,24999,1,21311,1691314898
cancel,15742,,,1691315482
cancel,17660,,,1691315482
cancel,18075,,,1691315482
cancel,24999,,,1691315482
newOrder,17662,0,5359,1691315497
newOrder,18075,1,5359,1691315497
newOrder,12310,0,26753,1691315497
newOrder,24999,1,26753,1691315497
cancel,12310,,,1691316082
cancel,17662,,,1691316082
cancel,18075,,,1691316082
cancel,24999,,,1691316082
newOrder,17669,0,5359,1691316097
newOrder,18075,1,5359,1691316097
newOrder,12310,0,26560,1691316097
newOrder,24999,1,26560,1691316097
cancel,12310,,,1691316681
cancel,17669,,,1691316681
cancel,18075,,,1691316681
cancel,24999,,,1691316681
newOrder,17719,0,5352,1691316749
newOrder,18075,1,5352,1691316749
newOrder,15742,0,15439,1691316749
newOrder,24999,1,15439,1691316749
cancel,15742,,,1691317284
cancel,17719,,,1691317284
cancel,18075,,,1691317284
cancel,24999,,,1691317284
newOrder,17719,0,5353,1691317299
newOrder,18075,1,5353,1691317299
newOrder,12310,0,26477,1691317299
newOrder,24999,1,26477,1691317299
cancel,12310,,,1691317882
cancel,17719,,,1691317882
cancel,18075,,,1691317882
cancel,24999,,,1691317882
newOrder,17718,0,5354,1691317898
newOrder,18075,1,5354,1691317898
newOrder,15742,0,14572,1691317898
newOrder,24999,1,14572,1691317898
cancel,15742,,,1691318482
cancel,17718,,,1691318482
cancel,18075,,,1691318482
cancel,24999,,,1691318482
newOrder,17719,0,5355,1691318498
newOrder,18075,1,5355,1691318498
newOrder,15742,0,22892,1691318498
newOrder,24999,1,22892,1691318498
cancel,15742,,,1691319082
cancel,17719,,,1691319082
cancel,18075,,,1691319082
cancel,24999,,,1691319082
newOrder,17719,0,5355,1691319097
newOrder,18075,1,5355,1691319097
newOrder,15762,0,6319,1691319097
newOrder,24999,1,6319,1691319097
cancel,15762,,,1691319682
cancel,17719,,,1691319682
cancel,18075,,,1691319682
cancel,24999,,,1691319682
newOrder,17719,0,5356,1691319697
newOrder,18075,1,5356,1691319697
newOrder,15742,0,18794,1691319697
newOrder,24999,1,18794,1691319697
cancel,15742,,,1691320282
cancel,17719,,,1691320282
cancel,18075,,,1691320282
cancel,24999,,,1691320282
newOrder,17700,0,5359,1691320298
newOrder,18075,1,5359,1691320298
newOrder,15762,0,7732,1691320298
newOrder,24999,1,7732,1691320298
cancel,15762,,,1691320882
cancel,17700,,,1691320882
cancel,18075,,,1691320882
cancel,24999,,,1691320882
newOrder,17719,0,5358,1691320897
newOrder,18075,1,5358,1691320897
newOrder,15762,0,9795,1691320897
newOrder,24999,1,9795,1691320897
cancel,15762,,,1691321483
cancel,17719,,,1691321483
cancel,18075,,,1691321483
cancel,24999,,,1691321483
newOrder,17719,0,5358,1691321497
newOrder,18075,1,5358,1691321497
newOrder,15742,0,22387,1691321497
newOrder,24999,1,22387,1691321497
cancel,15742,,,1691322084
cancel,17719,,,1691322084
cancel,18075,,,1691322084
cancel,24999,,,1691322084
newOrder,17723,0,5358,1691322099
newOrder,18075,1,5358,1691322099
newOrder,15742,0,11747,1691322099
newOrder,24999,1,11747,1691322099
cancel,15742,,,1691322683
cancel,17723,,,1691322683
cancel,18075,,,1691322683
cancel,24999,,,1691322683
newOrder,17721,0,5359,1691322700
newOrder,18075,1,5359,1691322700
newOrder,15742,0,20034,1691322700
newOrder,24999,1,20034,1691322700
cancel,15742,,,1691323284
cancel,17721,,,1691323284
cancel,18075,,,1691323284
cancel,24999,,,1691323284
newOrder,17721,0,5360,1691323300
newOrder,18075,1,5360,1691323300
newOrder,15762,0,5826,1691323300
newOrder,19999,1,5826,1691323300