instruction,price,side,qty,time
cancel,10451,,,1684412154
cancel,17419,,,1684412154
cancel,19066,,,1684412154
cancel,24999,,,1684412154
newOrder,17420,0,9854,1684412184
newOrder,19066,1,9854,1684412184
newOrder,12177,0,17227,1684412184
newOrder,24957,1,17227,1684412184
cancel,12177,,,1684412754
cancel,17420,,,1684412754
cancel,19066,,,1684412754
cancel,24957,,,1684412754
newOrder,17419,0,9855,1684412784
newOrder,19066,1,9855,1684412784
newOrder,12177,0,15414,1684412784
newOrder,24957,1,15414,1684412784
cancel,12177,,,1684413355
cancel,17419,,,1684413355
cancel,19066,,,1684413355
cancel,24957,,,1684413355
newOrder,17419,0,9856,1684413385
newOrder,19066,1,9856,1684413385
newOrder,10451,0,52808,1684413385
newOrder,24999,1,52808,1684413385
cancel,10451,,,1684413953
cancel,17419,,,1684413953
cancel,19066,,,1684413953
cancel,24999,,,1684413953
newOrder,17419,0,9857,1684413983
newOrder,19066,1,9857,1684413983
newOrder,12176,0,31572,1684413983
newOrder,24957,1,31572,1684413983
cancel,12176,,,1684414554
cancel,17419,,,1684414554
cancel,19066,,,1684414554
cancel,24957,,,1684414554
newOrder,17419,0,9859,1684414583
newOrder,19066,1,9859,1684414583
newOrder,10451,0,39497,1684414583
newOrder,24999,1,39497,1684414583
cancel,10451,,,1684415153
cancel,17419,,,1684415153
cancel,19066,,,1684415153
cancel,24999,,,1684415153
newOrder,17419,0,9860,1684415184
newOrder,19066,1,9860,1684415184
newOrder,12178,0,10709,1684415184
newOrder,24957,1,10709,1684415184
cancel,12178,,,1684415754
cancel,17419,,,1684415754
cancel,19066,,,1684415754
cancel,24957,,,1684415754
newOrder,17419,0,9863,1684415785
newOrder,19066,1,9863,1684415785
newOrder,12176,0,28103,1684415785
newOrder,24957,1,28103,1684415785
cancel,12176,,,1684416353
cancel,17419,,,1684416353
cancel,19066,,,1684416353
cancel,24957,,,1684416353
newOrder,17419,0,9864,1684416383
newOrder,19066,1,9864,1684416383
newOrder,12176,0,20088,1684416383
newOrder,24957,1,20088,1684416383
cancel,12176,,,1684416953
cancel,17419,,,1684416953
cancel,19066,,,1684416953
cancel,24957,,,1684416953
newOrder,17419,0,9866,1684416983
newOrder,19066,1,9866,1684416983
newOrder,10452,0,39247,1684416983
newOrder,24999,1,39247,1684416983
cancel,10452,,,1684417555
cancel,17419,,,1684417555
cancel,19066,,,1684417555
cancel,24999,,,1684417555
newOrder,17419,0,9867,1684417583
newOrder,19066,1,9867,1684417583
newOrder,12126,0,35720,1684417583
newOrder,24999,1,35720,1684417583
cancel,12126,,,1684418153
cancel,17419,,,1684418153
cancel,19066,,,1684418153
cancel,24999,,,1684418153
newOrder,17419,0,9868,1684418182
newOrder,19066,1,9868,1684418182
newOrder,12162,0,34428,1684418182
newOrder,24957,1,34428,1684418182
cancel,12162,,,1684418755
cancel,17419,,,1684418755
cancel,19066,,,1684418755
cancel,24957,,,1684418755
newOrder,17419,0,9870,1684418784
newOrder,19066,1,9870,1684418784
newOrder,12176,0,26636,1684418784
newOrder,24957,1,26636,1684418784
cancel,12176,,,1684419354
cancel,17419,,,1684419354
cancel,19066,,,1684419354
cancel,24957,,,1684419354
newOrder,17419,0,9872,1684419381
newOrder,19066,1,9872,1684419381
newOrder,10451,0,38187,1684419381
newOrder,24999,1,38187,1684419381
cancel,10451,,,1684419954
cancel,17419,,,1684419954
cancel,19066,,,1684419954
cancel,24999,,,1684419954
newOrder,17419,0,9873,1684419982
newOrder,19066,1,9873,1684419982
newOrder,12176,0,22332,1684419982
newOrder,24957,1,22332,1684419982
cancel,12176,,,1684420554
cancel,17419,,,1684420554
cancel,19066,,,1684420554
cancel,24957,,,1684420554
newOrder,17421,0,9877,1684420582
newOrder,19066,1,9877,1684420582
newOrder,12176,0,18604,1684420582
newOrder,24957,1,18604,1684420582
cancel,12176,,,1684421155
cancel,17421,,,1684421155
cancel,19066,,,1684421155
cancel,24957,,,1684421155
newOrder,17421,0,9879,1684421184
newOrder,19066,1,9879,1684421184
newOrder,10453,0,39785,1684421184
newOrder,24999,1,39785,1684421184
cancel,10453,,,1684421754
cancel,17421,,,1684421754
cancel,19066,,,1684421754
cancel,24999,,,1684421754
newOrder,17420,0,9880,1684421782
newOrder,19066,1,9880,1684421782
newOrder,10452,0,44701,1684421782
newOrder,24999,1,44701,1684421782
cancel,10452,,,1684422354
cancel,17420,,,1684422354
cancel,19066,,,1684422354
cancel,24999,,,1684422354
newOrder,17421,0,9882,1684422382
newOrder,19066,1,9882,1684422382
newOrder,12178,0,9438,1684422382
cancel,12178,,,1684422953
cancel,17421,,,1684422953
cancel,19066,,,1684422953
newOrder,17420,0,9883,1684422981
newOrder,19066,1,9883,1684422981
newOrder,10452,0,41419,1684422981
newOrder,24999,1,41419,1684422981
cancel,10452,,,1684423554
cancel,17420,,,1684423554
cancel,19066,,,1684423554
cancel,24999,,,1684423554
newOrder,17421,0,9886,1684423581
newOrder,19066,1,9886,1684423581
newOrder,12162,0,34843,1684423581
newOrder,24957,1,34843,1684423581
cancel,12162,,,1684424154
cancel,17421,,,1684424154
cancel,19066,,,1684424154
cancel,24957,,,1684424154
newOrder,17420,0,9886,1684424182
newOrder,19066,1,9886,1684424182
newOrder,12176,0,32856,1684424182
newOrder,24957,1,32856,1684424182
cancel,12176,,,1684424754
cancel,17420,,,1684424754
cancel,19066,,,1684424754
cancel,24957,,,1684424754
newOrder,17420,0,9888,1684424783
newOrder,19066,1,9888,1684424783
newOrder,12176,0,20800,1684424783
newOrder,24957,1,20800,1684424783
cancel,12176,,,1684425354
cancel,17420,,,1684425354
cancel,19066,,,1684425354
cancel,24957,,,1684425354
newOrder,17422,0,9892,1684425385
newOrder,19066,1,9892,1684425385
newOrder,10453,0,45673,1684425385
newOrder,24999,1,45673,1684425385
cancel,10453,,,1684425954
cancel,17422,,,1684425954
cancel,19066,,,1684425954
cancel,24999,,,1684425954
newOrder,17420,0,9890,1684425983
newOrder,19066,1,9890,1684425983
newOrder,12176,0,22757,1684425983
newOrder,24957,1,22757,1684425983
cancel,12176,,,1684426554
cancel,17420,,,1684426554
cancel,19066,,,1684426554
cancel,24957,,,1684426554
newOrder,17420,0,9893,1684426582
newOrder,19066,1,9893,1684426582
newOrder,12176,0,21292,1684426582
newOrder,24957,1,21292,1684426582
cancel,12176,,,1684427154
cancel,17420,,,1684427154
cancel,19066,,,1684427154
cancel,24957,,,1684427154
newOrder,17420,0,9894,1684427186
newOrder,19066,1,9894,1684427186
newOrder,10452,0,39067,1684427186
newOrder,24999,1,39067,1684427186
cancel,10452,,,1684427754
cancel,17420,,,1684427754
cancel,19066,,,1684427754
cancel,24999,,,1684427754
newOrder,17419,0,9895,1684427783
newOrder,19066,1,9895,1684427783
newOrder,10452,0,51181,1684427783
newOrder,24999,1,51181,1684427783
cancel,10452,,,1684428353
cancel,17419,,,1684428353
cancel,19066,,,1684428353
cancel,24999,,,1684428353
newOrder,17421,0,9899,1684428381
newOrder,19066,1,9899,1684428381
newOrder,10453,0,41176,1684428381
newOrder,24999,1,41176,1684428381
cancel,10453,,,1684428954
cancel,17421,,,1684428954
cancel,19066,,,1684428954
cancel,24999,,,1684428954
newOrder,17419,0,9898,1684428982
newOrder,19066,1,9898,1684428982
newOrder,10452,0,48684,1684428982
newOrder,24999,1,48684,1684428982
cancel,10452,,,1684429553
cancel,17419,,,1684429553
cancel,19066,,,1684429553
cancel,24999,,,1684429553
newOrder,17419,0,9900,1684429581
newOrder,19066,1,9900,1684429581
newOrder,10452,0,39606,1684429581
newOrder,24999,1,39606,1684429581
cancel,10452,,,1684430154
cancel,17419,,,1684430154
cancel,19066,,,1684430154
cancel,24999,,,1684430154
newOrder,17420,0,9902,1684430183
newOrder,19066,1,9902,1684430183
newOrder,10452,0,52173,1684430183
newOrder,24999,1,52173,1684430183
cancel,10452,,,1684430753
cancel,17420,,,1684430753
cancel,19066,,,1684430753
cancel,24999,,,1684430753
newOrder,17420,0,9903,1684430782
newOrder,19066,1,9903,1684430782
newOrder,12178,0,10134,1684430782
newOrder,21899,1,10134,1684430782
cancel,12178,,,1684431353
cancel,17420,,,1684431353
cancel,19066,,,1684431353
cancel,21899,,,1684431353
newOrder,17419,0,9904,1684431383
newOrder,19066,1,9904,1684431383
newOrder,12176,0,31140,1684431383
newOrder,24957,1,31140,1684431383
cancel,12176,,,1684431953
cancel,17419,,,1684431953
cancel,19066,,,1684431953
cancel,24957,,,1684431953
newOrder,17420,0,9906,1684431982
newOrder,19066,1,9906,1684431982
newOrder,12002,0,37410,1684431982
newOrder,24999,1,37410,1684431982
cancel,12002,,,1684432554
cancel,17420,,,1684432554
cancel,19066,,,1684432554
cancel,24999,,,1684432554
newOrder,17419,0,9908,1684432585
newOrder,19066,1,9908,1684432585
newOrder,10452,0,46753,1684432585
newOrder,24999,1,46753,1684432585
cancel,10452,,,1684433154
cancel,17419,,,1684433154
cancel,19066,,,1684433154
cancel,24999,,,1684433154
newOrder,17420,0,9910,1684433182
newOrder,19066,1,9910,1684433182
newOrder,12176,0,26668,1684433182
newOrder,24957,1,26668,1684433182
cancel,12176,,,1684433754
cancel,17420,,,1684433754
cancel,19066,,,1684433754
cancel,24957,,,1684433754
newOrder,17420,0,9912,1684433783
newOrder,19066,1,9912,1684433783
newOrder,10452,0,43432,1684433783
newOrder,24999,1,43432,1684433783
cancel,10452,,,1684434353
cancel,17420,,,1684434353
cancel,19066,,,1684434353
cancel,24999,,,1684434353
newOrder,17420,0,9914,1684434382
newOrder,19066,1,9914,1684434382
newOrder,12176,0,24794,1684434382
newOrder,24957,1,24794,1684434382
cancel,12176,,,1684434953
cancel,17420,,,1684434953
cancel,19066,,,1684434953
cancel,24957,,,1684434953
newOrder,17421,0,9916,1684434981
newOrder,19066,1,9916,1684434981
newOrder,12178,0,8734,1684434981
cancel,12178,,,1684435554
cancel,17421,,,1684435554
cancel,19066,,,1684435554
newOrder,17421,0,9917,1684435583
newOrder,19066,1,9917,1684435583
newOrder,12176,0,30282,1684435583
newOrder,24957,1,30282,1684435583
cancel,12176,,,1684436153
cancel,17421,,,1684436153
cancel,19066,,,1684436153
cancel,24957,,,1684436153
newOrder,17421,0,9920,1684436182
newOrder,19066,1,9920,1684436182
newOrder,12178,0,7351,1684436182
cancel,12178,,,1684436754
cancel,17421,,,1684436754
cancel,19066,,,1684436754
newOrder,17420,0,9920,1684436784
newOrder,19066,1,9920,1684436784
newOrder,12178,0,11409,1684436784
newOrder,24957,1,11409,1684436784
cancel,12178,,,1684437354
cancel,17420,,,1684437354
cancel,19066,,,1684437354
cancel,24957,,,1684437354
newOrder,17420,0,9922,1684437382
newOrder,19066,1,9922,1684437382
newOrder,12176,0,32021,1684437382
newOrder,24957,1,32021,1684437382
cancel,12176,,,1684437953
cancel,17420,,,1684437953
cancel,19066,,,1684437953
cancel,24957,,,1684437953
newOrder,17443,0,9953,1684437981
newOrder,19066,1,9953,1684437981
newOrder,12178,0,7471,1684437981
cancel,12178,,,1684438554
cancel,17443,,,1684438554
cancel,19066,,,1684438554
newOrder,17442,0,9955,1684438582
newOrder,19066,1,9955,1684438582
newOrder,12178,0,10581,1684438582
newOrder,24957,1,10581,1684438582
cancel,12178,,,1684439154
cancel,17442,,,1684439154
cancel,19066,,,1684439154
cancel,24957,,,1684439154
newOrder,17442,0,9956,1684439182
newOrder,19066,1,9956,1684439182
newOrder,10465,0,49460,1684439182
newOrder,24999,1,49460,1684439182
cancel,10465,,,1684439754
cancel,17442,,,1684439754
cancel,19066,,,1684439754
cancel,24999,,,1684439754
newOrder,17442,0,9957,1684439783
newOrder,19066,1,9957,1684439783
newOrder,12178,0,12042,1684439783
newOrder,24957,1,12042,1684439783
cancel,12178,,,1684440356
cancel,17442,,,1684440356
cancel,19066,,,1684440356
cancel,24957,,,1684440356
newOrder,17443,0,9960,1684440384
newOrder,19066,1,9960,1684440384
newOrder,10466,0,53591,1684440384
newOrder,24999,1,53591,1684440384
cancel,10466,,,1684440953
cancel,17443,,,1684440953
cancel,19066,,,1684440953
cancel,24999,,,1684440953
newOrder,17443,0,9961,1684440982
newOrder,19066,1,9961,1684440982
newOrder,12177,0,15662,1684440982
newOrder,24957,1,15662,1684440982
cancel,12177,,,1684441554
cancel,17443,,,1684441554
cancel,19066,,,1684441554
cancel,24957,,,1684441554
newOrder,17549,0,10098,1684441583
newOrder,19066,1,10098,1684441583
newOrder,12176,0,29415,1684441583
newOrder,24957,1,29415,1684441583
cancel,12176,,,1684442154
cancel,17549,,,1684442154
cancel,19066,,,1684442154
cancel,24957,,,1684442154
newOrder,17458,0,9985,1684442182
newOrder,19066,1,9985,1684442182
newOrder,12176,0,22540,1684442182
newOrder,24957,1,22540,1684442182
cancel,12176,,,1684442753
cancel,17458,,,1684442753
cancel,19066,,,1684442753
cancel,24957,,,1684442753
newOrder,17459,0,9987,1684442781
newOrder,19066,1,9987,1684442781
newOrder,10475,0,48424,1684442781
newOrder,24999,1,48424,1684442781
cancel,10475,,,1684443353
cancel,17459,,,1684443353
cancel,19066,,,1684443353
cancel,24999,,,1684443353
newOrder,17460,0,9991,1684443381
newOrder,19066,1,9991,1684443381
newOrder,10476,0,52635,1684443381
newOrder,24999,1,52635,1684443381
cancel,10476,,,1684443953
cancel,17460,,,1684443953
cancel,19066,,,1684443953
cancel,24999,,,1684443953
newOrder,17459,0,9992,1684443981
newOrder,19066,1,9992,1684443981
newOrder,12178,0,9572,1684443981
cancel,12178,,,1684444554
cancel,17459,,,1684444554
cancel,19066,,,1684444554
newOrder,17458,0,9992,1684444584
newOrder,19066,1,9992,1684444584
newOrder,12176,0,32085,1684444584
newOrder,24957,1,32085,1684444584
cancel,12176,,,1684445154
cancel,17458,,,1684445154
cancel,19066,,,1684445154
cancel,24957,,,1684445154
newOrder,17457,0,9992,1684445183
newOrder,19066,1,9992,1684445183
newOrder,12178,0,11618,1684445183
newOrder,24957,1,11618,1684445183
cancel,12178,,,1684445754
cancel,17457,,,1684445754
cancel,19066,,,1684445754
cancel,24957,,,1684445754
newOrder,17417,0,9940,1684445782
newOrder,19066,1,9940,1684445782
newOrder,12178,0,6280,1684445782
cancel,12178,,,1684446353
cancel,17417,,,1684446353
cancel,19066,,,1684446353
newOrder,17416,0,9941,1684446384
newOrder,19066,1,9941,1684446384
newOrder,10450,0,48988,1684446384
newOrder,24999,1,48988,1684446384
cancel,10450,,,1684446954
cancel,17416,,,1684446954
cancel,19066,,,1684446954
cancel,24999,,,1684446954
newOrder,17442,0,9977,1684446981
newOrder,19066,1,9977,1684446981
newOrder,12176,0,31260,1684446981
newOrder,24957,1,31260,1684446981
cancel,12176,,,1684447554
cancel,17442,,,1684447554
cancel,19066,,,1684447554
cancel,24957,,,1684447554
newOrder,17376,0,9888,1684447582
newOrder,19066,1,9888,1684447582
newOrder,12013,0,37012,1684447582
newOrder,24999,1,37012,1684447582
cancel,12013,,,1684448153
cancel,17376,,,1684448153
cancel,19066,,,1684448153
cancel,24999,,,1684448153
newOrder,17377,0,9891,1684448180
newOrder,19066,1,9891,1684448180
newOrder,12178,0,9282,1684448180
cancel,12178,,,1684448754
cancel,17377,,,1684448754
cancel,19066,,,1684448754
newOrder,17377,0,9893,1684448783
newOrder,19066,1,9893,1684448783
newOrder,12176,0,31768,1684448783
newOrder,24957,1,31768,1684448783
cancel,12176,,,1684449354
cancel,17377,,,1684449354
cancel,19066,,,1684449354
cancel,24957,,,1684449354
newOrder,17376,0,9893,1684449382
newOrder,19066,1,9893,1684449382
newOrder,10426,0,45813,1684449382
newOrder,24999,1,45813,1684449382
cancel,10426,,,1684449953
cancel,17376,,,1684449953
cancel,19066,,,1684449953
cancel,24999,,,1684449953
newOrder,17377,0,9896,1684449984
newOrder,19066,1,9896,1684449984
newOrder,10426,0,45218,1684449984
newOrder,24999,1,45218,1684449984
cancel,10426,,,1684450554
cancel,17377,,,1684450554
cancel,19066,,,1684450554
cancel,24999,,,1684450554
newOrder,17377,0,9897,1684450583
newOrder,19066,1,9897,1684450583
newOrder,12177,0,15125,1684450583
newOrder,24957,1,15125,1684450583
cancel,12177,,,1684451154
cancel,17377,,,1684451154
cancel,19066,,,1684451154
cancel,24957,,,1684451154
newOrder,17377,0,9898,1684451182
newOrder,19066,1,9898,1684451182
newOrder,12178,0,11326,1684451182
newOrder,24957,1,11326,1684451182
cancel,12178,,,1684451753
cancel,17377,,,1684451753
cancel,19066,,,1684451753
cancel,24957,,,1684451753
newOrder,17377,0,9900,1684451782
newOrder,19066,1,9900,1684451782
newOrder,12176,0,20016,1684451782
newOrder,24957,1,20016,1684451782
cancel,12176,,,1684452354
cancel,17377,,,1684452354
cancel,19066,,,1684452354
cancel,24957,,,1684452354
newOrder,17377,0,9902,1684452382
newOrder,19066,1,9902,1684452382
newOrder,12178,0,8813,1684452382
cancel,12178,,,1684452954
cancel,17377,,,1684452954
cancel,19066,,,1684452954
newOrder,17362,0,9882,1684452983
newOrder,19066,1,9882,1684452983
newOrder,12162,0,33672,1684452983
newOrder,24957,1,33672,1684452983
cancel,12162,,,1684453553
cancel,17362,,,1684453553
cancel,19066,,,1684453553
cancel,24957,,,1684453553
newOrder,17360,0,9882,1684453584
newOrder,19066,1,9882,1684453584
newOrder,12176,0,22047,1684453584
newOrder,24957,1,22047,1684453584
cancel,12176,,,1684454154
cancel,17360,,,1684454154
cancel,19066,,,1684454154
cancel,24957,,,1684454154
newOrder,17360,0,9883,1684454183
newOrder,19066,1,9883,1684454183
newOrder,12176,0,29429,1684454183
newOrder,24957,1,29429,1684454183
cancel,12176,,,1684454755
cancel,17360,,,1684454755
cancel,19066,,,1684454755
cancel,24957,,,1684454755
newOrder,17361,0,9886,1684454784
newOrder,19066,1,9886,1684454784
newOrder,12178,0,12802,1684454784
newOrder,24957,1,12802,1684454784
cancel,12178,,,1684455353
cancel,17361,,,1684455353
cancel,19066,,,1684455353
cancel,24957,,,1684455353
newOrder,17361,0,9887,1684455383
newOrder,19066,1,9887,1684455383
newOrder,10416,0,45125,1684455383
newOrder,24999,1,45125,1684455383
cancel,10416,,,1684455954
cancel,17361,,,1684455954
cancel,19066,,,1684455954
cancel,24999,,,1684455954
newOrder,17361,0,9889,1684455985
newOrder,19066,1,9889,1684455985
newOrder,12176,0,24834,1684455985
newOrder,24957,1,24834,1684455985
cancel,12176,,,1684456553
cancel,17361,,,1684456553
cancel,19066,,,1684456553
cancel,24957,,,1684456553
newOrder,17361,0,9891,1684456584
newOrder,19066,1,9891,1684456584
newOrder,12176,0,22931,1684456584
newOrder,24957,1,22931,1684456584
cancel,12176,,,1684457154
cancel,17361,,,1684457154
cancel,19066,,,1684457154
cancel,24957,,,1684457154
newOrder,17361,0,9893,1684457182
newOrder,19066,1,9893,1684457182
newOrder,12176,0,31706,1684457182
newOrder,24957,1,31706,1684457182
cancel,12176,,,1684457753
cancel,17361,,,1684457753
cancel,19066,,,1684457753
cancel,24957,,,1684457753
newOrder,17361,0,9894,1684457783
newOrder,19066,1,9894,1684457783
newOrder,10417,0,49363,1684457783
newOrder,24999,1,49363,1684457783
cancel,10417,,,1684458354
cancel,17361,,,1684458354
cancel,19066,,,1684458354
cancel,24999,,,1684458354
newOrder,17362,0,9897,1684458381
newOrder,19066,1,9897,1684458381
newOrder,10417,0,41540,1684458381
newOrder,24999,1,41540,1684458381
cancel,10417,,,1684458954
cancel,17362,,,1684458954
cancel,19066,,,1684458954
cancel,24999,,,1684458954
newOrder,17361,0,9897,1684458982
newOrder,19066,1,9897,1684458982
newOrder,10417,0,45403,1684458982
newOrder,24999,1,45403,1684458982
cancel,10417,,,1684459554
cancel,17361,,,1684459554
cancel,19066,,,1684459554
cancel,24999,,,1684459554
newOrder,17361,0,9899,1684459583
newOrder,19066,1,9899,1684459583
newOrder,10417,0,44684,1684459583
newOrder,24999,1,44684,1684459583
cancel,10417,,,1684460154
cancel,17361,,,1684460154
cancel,19066,,,1684460154
cancel,24999,,,1684460154
newOrder,17361,0,9901,1684460185
newOrder,19066,1,9901,1684460185
newOrder,12176,0,29693,1684460185
newOrder,24957,1,29693,1684460185
cancel,12176,,,1684460753
cancel,17361,,,1684460753
cancel,19066,,,1684460753
cancel,24957,,,1684460753
newOrder,17361,0,9902,1684460782
newOrder,19066,1,9902,1684460782
newOrder,12013,0,36766,1684460782
newOrder,24999,1,36766,1684460782
cancel,12013,,,1684461354
cancel,17361,,,1684461354
cancel,19066,,,1684461354
cancel,24999,,,1684461354
newOrder,17361,0,9904,1684461380
newOrder,19066,1,9904,1684461380
newOrder,12179,0,8471,1684461380
cancel,12179,,,1684461955
cancel,17361,,,1684461955
cancel,19066,,,1684461955
newOrder,17360,0,9904,1684461985
newOrder,19066,1,9904,1684461985
newOrder,12162,0,34096,1684461985
newOrder,24957,1,34096,1684461985
cancel,12162,,,1684462554
cancel,17360,,,1684462554
cancel,19066,,,1684462554
cancel,24957,,,1684462554
newOrder,17362,0,9908,1684462583
newOrder,19066,1,9908,1684462583
newOrder,12179,0,16867,1684462583
newOrder,24957,1,16867,1684462583
cancel,12179,,,1684463153
cancel,17362,,,1684463153
cancel,19066,,,1684463153
cancel,24957,,,1684463153
newOrder,17362,0,9909,1684463181
newOrder,19066,1,9909,1684463181
newOrder,12179,0,19393,1684463181
newOrder,24957,1,19393,1684463181
cancel,12179,,,1684463754
cancel,17362,,,1684463754
cancel,19066,,,1684463754
cancel,24957,,,1684463754
newOrder,17362,0,9911,1684463783
newOrder,19066,1,9911,1684463783
newOrder,10417,0,49873,1684463783
newOrder,24999,1,49873,1684463783
cancel,10417,,,1684464354
cancel,17362,,,1684464354
cancel,19066,,,1684464354
cancel,24999,,,1684464354
newOrder,17363,0,9913,1684464382
newOrder,19066,1,9913,1684464382
newOrder,10418,0,42290,1684464382
newOrder,24999,1,42290,1684464382
cancel,10418,,,1684464954
cancel,17363,,,1684464954
cancel,19066,,,1684464954
cancel,24999,,,1684464954
newOrder,17361,0,9913,1684464981
newOrder,19066,1,9913,1684464981
cancel,17361,,,1684465554
cancel,19066,,,1684465554
newOrder,17362,0,9915,1684465582
newOrder,19066,1,9915,1684465582
newOrder,12178,0,25283,1684465582
newOrder,24957,1,25283,1684465582
cancel,12178,,,1684466154
cancel,17362,,,1684466154
cancel,19066,,,1684466154
cancel,24957,,,1684466154
newOrder,17363,0,9918,1684466182
newOrder,19066,1,9918,1684466182
newOrder,12179,0,17303,1684466182
newOrder,24957,1,17303,1684466182
cancel,12179,,,1684466754
cancel,17363,,,1684466754
cancel,19066,,,1684466754
cancel,24957,,,1684466754
newOrder,17361,0,9917,1684466785
newOrder,19066,1,9917,1684466785
newOrder,12177,0,30147,1684466785
newOrder,24957,1,30147,1684466785
cancel,12177,,,1684467354
cancel,17361,,,1684467354
cancel,19066,,,1684467354
cancel,24957,,,1684467354
newOrder,17362,0,9920,1684467383
newOrder,19066,1,9920,1684467383
newOrder,12178,0,28322,1684467383
newOrder,24957,1,28322,1684467383
cancel,12178,,,1684467954
cancel,17362,,,1684467954
cancel,19066,,,1684467954
cancel,24957,,,1684467954
newOrder,17361,0,9920,1684467983
newOrder,19066,1,9920,1684467983
newOrder,12179,0,15914,1684467983
newOrder,24957,1,15914,1684467983
cancel,12179,,,1684468553
cancel,17361,,,1684468553
cancel,19066,,,1684468553
cancel,24957,,,1684468553
newOrder,17363,0,9926,1684468583
newOrder,19066,1,9926,1684468583
newOrder,10418,0,40073,1684468583
newOrder,24999,1,40073,1684468583
cancel,10418,,,1684469154
cancel,17363,,,1684469154
cancel,19066,,,1684469154
cancel,24999,,,1684469154
newOrder,17363,0,9926,1684469182
newOrder,19066,1,9926,1684469182
newOrder,12179,0,23736,1684469182
newOrder,24957,1,23736,1684469182
cancel,12179,,,1684469754
cancel,17363,,,1684469754
cancel,19066,,,1684469754
cancel,24957,,,1684469754
newOrder,17363,0,9929,1684469782
newOrder,19066,1,9929,1684469782
newOrder,10418,0,50038,1684469782
newOrder,24999,1,50038,1684469782
cancel,10418,,,1684470355
cancel,17363,,,1684470355
cancel,19066,,,1684470355
cancel,24999,,,1684470355
newOrder,17363,0,9931,1684470382
newOrder,19066,1,9931,1684470382
cancel,17363,,,1684470956
cancel,19066,,,1684470956
newOrder,17363,0,9931,1684470985
newOrder,19066,1,9931,1684470985
newOrder,10418,0,42757,1684470985
newOrder,24999,1,42757,1684470985
cancel,10418,,,1684471554
cancel,17363,,,1684471554
cancel,19066,,,1684471554
cancel,24999,,,1684471554
newOrder,17363,0,9933,1684471583
newOrder,19066,1,9933,1684471583
newOrder,10418,0,39151,1684471583
newOrder,24999,1,39151,1684471583
cancel,10418,,,1684472153
cancel,17363,,,1684472153
cancel,19066,,,1684472153
cancel,24999,,,1684472153
newOrder,17364,0,9937,1684472181
newOrder,19066,1,9937,1684472181
newOrder,12179,0,12476,1684472181
newOrder,24957,1,12476,1684472181
cancel,12179,,,1684472754
cancel,17364,,,1684472754
cancel,19066,,,1684472754
cancel,24957,,,1684472754
newOrder,17362,0,9934,1684472783
newOrder,19066,1,9934,1684472783
newOrder,12178,0,27430,1684472783
newOrder,24957,1,27430,1684472783
cancel,12178,,,1684473353
cancel,17362,,,1684473353
cancel,19066,,,1684473353
cancel,24957,,,1684473353
newOrder,17362,0,9936,1684473382
newOrder,19066,1,9936,1684473382
newOrder,12179,0,15504,1684473382
newOrder,24957,1,15504,1684473382
cancel,12179,,,1684473954
cancel,17362,,,1684473954
cancel,19066,,,1684473954
cancel,24957,,,1684473954
newOrder,17363,0,9939,1684473981
newOrder,19066,1,9939,1684473981
newOrder,12179,0,24372,1684473981
newOrder,24957,1,24372,1684473981
cancel,12179,,,1684474554
cancel,17363,,,1684474554
cancel,19066,,,1684474554
cancel,24957,,,1684474554
newOrder,17363,0,9941,1684474584
newOrder,19066,1,9941,1684474584
newOrder,10418,0,53102,1684474584
newOrder,24999,1,53102,1684474584
cancel,10418,,,1684475154
cancel,17363,,,1684475154
cancel,19066,,,1684475154
cancel,24999,,,1684475154
newOrder,17363,0,9943,1684475182
newOrder,19066,1,9943,1684475182
newOrder,12179,0,20763,1684475182
newOrder,24957,1,20763,1684475182
cancel,12179,,,1684475754
cancel,17363,,,1684475754
cancel,19066,,,1684475754
cancel,24957,,,1684475754
newOrder,17363,0,9944,1684475783
newOrder,19066,1,9944,1684475783
newOrder,10418,0,45880,1684475783
newOrder,24999,1,45880,1684475783
cancel,10418,,,1684476353
cancel,17363,,,1684476353
cancel,19066,,,1684476353
cancel,24999,,,1684476353
newOrder,17364,0,9947,1684476382
newOrder,19066,1,9947,1684476382
newOrder,12162,0,36037,1684476382
newOrder,24999,1,36037,1684476382
cancel,12162,,,1684476954
cancel,17364,,,1684476954
cancel,19066,,,1684476954
cancel,24999,,,1684476954
newOrder,17364,0,9949,1684476981
newOrder,19066,1,9949,1684476981
newOrder,12179,0,26885,1684476981
newOrder,24957,1,26885,1684476981
cancel,12179,,,1684477553
cancel,17364,,,1684477553
cancel,19066,,,1684477553
cancel,24957,,,1684477553
newOrder,17363,0,9949,1684477582
newOrder,19066,1,9949,1684477582
newOrder,12182,0,13418,1684477582
newOrder,24957,1,13418,1684477582
cancel,12182,,,1684478154
cancel,17363,,,1684478154
cancel,19066,,,1684478154
cancel,24957,,,1684478154
newOrder,17364,0,9952,1684478182
newOrder,19066,1,9952,1684478182
newOrder,10418,0,52166,1684478182
newOrder,24999,1,52166,1684478182
cancel,10418,,,1684478754
cancel,17364,,,1684478754
cancel,19066,,,1684478754
cancel,24999,,,1684478754
newOrder,17364,0,9954,1684478781
newOrder,19066,1,9954,1684478781
cancel,17364,,,1684479353
cancel,19066,,,1684479353
newOrder,17364,0,9955,1684479381
newOrder,19066,1,9955,1684479381
newOrder,10418,0,48191,1684479381
newOrder,24999,1,48191,1684479381
cancel,10418,,,1684479953
cancel,17364,,,1684479953
cancel,19066,,,1684479953
cancel,24999,,,1684479953
newOrder,17363,0,9955,1684479981
newOrder,19066,1,9955,1684479981
newOrder,12179,0,24976,1684479981
newOrder,24957,1,24976,1684479981
cancel,12179,,,1684480554
cancel,17363,,,1684480554
cancel,19066,,,1684480554
cancel,24957,,,1684480554
newOrder,17364,0,9958,1684480585
newOrder,19066,1,9958,1684480585
newOrder,10418,0,41808,1684480585
newOrder,24999,1,41808,1684480585
cancel,10418,,,1684481153
cancel,17364,,,1684481153
cancel,19066,,,1684481153
cancel,24999,,,1684481153
newOrder,17363,0,9959,1684481182
newOrder,19066,1,9959,1684481182
cancel,17363,,,1684481754
cancel,19066,,,1684481754
newOrder,17363,0,9960,1684481783
newOrder,19066,1,9960,1684481783
newOrder,10418,0,43007,1684481783
newOrder,24999,1,43007,1684481783
cancel,10418,,,1684482353
cancel,17363,,,1684482353
cancel,19066,,,1684482353
cancel,24999,,,1684482353
newOrder,17363,0,9962,1684482381
newOrder,19066,1,9962,1684482381
newOrder,10418,0,46216,1684482381
newOrder,24999,1,46216,1684482381
cancel,10418,,,1684482954
cancel,17363,,,1684482954
cancel,19066,,,1684482954
cancel,24999,,,1684482954
newOrder,17361,0,9961,1684482981
newOrder,19066,1,9961,1684482981
newOrder,10417,0,38412,1684482981
newOrder,24999,1,38412,1684482981
cancel,10417,,,1684483553
cancel,17361,,,1684483553
cancel,19066,,,1684483553
cancel,24999,,,1684483553
newOrder,17361,0,9963,1684483582
newOrder,19066,1,9963,1684483582
newOrder,12179,0,30084,1684483582
newOrder,24957,1,30084,1684483582
cancel,12179,,,1684484154
cancel,17361,,,1684484154
cancel,19066,,,1684484154
cancel,24957,,,1684484154
newOrder,17361,0,9964,1684484183
newOrder,19066,1,9964,1684484183
newOrder,12013,0,37433,1684484183
newOrder,24999,1,37433,1684484183
cancel,12013,,,1684484754
cancel,17361,,,1684484754
cancel,19066,,,1684484754
cancel,24999,,,1684484754
newOrder,17362,0,9967,1684484783
newOrder,19066,1,9967,1684484783
newOrder,10417,0,39735,1684484783
newOrder,24999,1,39735,1684484783
cancel,10417,,,1684485354
cancel,17362,,,1684485354
cancel,19066,,,1684485354
cancel,24999,,,1684485354
newOrder,17363,0,9970,1684485382
newOrder,19066,1,9970,1684485382
newOrder,12181,0,14626,1684485382
newOrder,24957,1,14626,1684485382
cancel,12181,,,1684485955
cancel,17363,,,1684485955
cancel,19066,,,1684485955
cancel,24957,,,1684485955
newOrder,17362,0,9970,1684485985
newOrder,19066,1,9970,1684485985
newOrder,10417,0,43016,1684485985
newOrder,24999,1,43016,1684485985
cancel,10417,,,1684486554
cancel,17362,,,1684486554
cancel,19066,,,1684486554
cancel,24999,,,1684486554
newOrder,17363,0,9973,1684486582
newOrder,19066,1,9973,1684486582
newOrder,12179,0,25031,1684486582
newOrder,24957,1,25031,1684486582
cancel,12179,,,1684487154
cancel,17363,,,1684487154
cancel,19066,,,1684487154
cancel,24957,,,1684487154
newOrder,17363,0,9975,1684487182
newOrder,19066,1,9975,1684487182
newOrder,10418,0,44439,1684487182
newOrder,24999,1,44439,1684487182
cancel,10418,,,1684487754
cancel,17363,,,1684487754
cancel,19066,,,1684487754
cancel,24999,,,1684487754
newOrder,17362,0,9975,1684487783
newOrder,19066,1,9975,1684487783
newOrder,10417,0,41137,1684487783
newOrder,24999,1,41137,1684487783
cancel,10417,,,1684488354
cancel,17362,,,1684488354
cancel,19066,,,1684488354
cancel,24999,,,1684488354
newOrder,17363,0,9978,1684488383
newOrder,19066,1,9978,1684488383
newOrder,12162,0,33833,1684488383
newOrder,24957,1,33833,1684488383
cancel,12162,,,1684488954
cancel,17363,,,1684488954
cancel,19066,,,1684488954
cancel,24957,,,1684488954
newOrder,17363,0,9980,1684488981
newOrder,19066,1,9980,1684488981
newOrder,12181,0,16164,1684488981
newOrder,24957,1,16164,1684488981
cancel,12181,,,1684489557
cancel,17363,,,1684489557
cancel,19066,,,1684489557
cancel,24957,,,1684489557
newOrder,17363,0,9981,1684489587
newOrder,19066,1,9981,1684489587
newOrder,12162,0,35632,1684489587
newOrder,24999,1,35632,1684489587
cancel,12162,,,1684490154
cancel,17363,,,1684490154
cancel,19066,,,1684490154
cancel,24999,,,1684490154
newOrder,17362,0,9982,1684490182
newOrder,19066,1,9982,1684490182
newOrder,10417,0,49810,1684490182
newOrder,24999,1,49810,1684490182
cancel,10417,,,1684490754
cancel,17362,,,1684490754
cancel,19066,,,1684490754
cancel,24999,,,1684490754
newOrder,17371,0,9997,1684490781
newOrder,19066,1,9997,1684490781
cancel,17371,,,1684491354
cancel,19066,,,1684491354
newOrder,17370,0,9997,1684491382
newOrder,19066,1,9997,1684491382
newOrder,10422,0,44989,1684491382
newOrder,24999,1,44989,1684491382
cancel,10422,,,1684491954
cancel,17370,,,1684491954
cancel,19066,,,1684491954
cancel,24999,,,1684491954
newOrder,17371,0,10000,1684491983
newOrder,19066,1,10000,1684491983
newOrder,10423,0,42107,1684491983
newOrder,24999,1,42107,1684491983
cancel,10423,,,1684492554
cancel,17371,,,1684492554
cancel,19066,,,1684492554
cancel,24999,,,1684492554
newOrder,17371,0,10002,1684492581
newOrder,19066,1,10002,1684492581
newOrder,10423,0,43733,1684492581
newOrder,24999,1,43733,1684492581
cancel,10423,,,1684493154
cancel,17371,,,1684493154
cancel,19066,,,1684493154
cancel,24999,,,1684493154
newOrder,17372,0,10004,1684493180
newOrder,19066,1,10004,1684493180
cancel,17372,,,1684493755
cancel,19066,,,1684493755
newOrder,17372,0,10006,1684493787
newOrder,19066,1,10006,1684493787
newOrder,12179,0,32548,1684493787
newOrder,24957,1,32548,1684493787
cancel,12179,,,1684494354
cancel,17372,,,1684494354
cancel,19066,,,1684494354
cancel,24957,,,1684494354
newOrder,17372,0,10008,1684494382
newOrder,19066,1,10008,1684494382
newOrder,10423,0,44135,1684494382
newOrder,24999,1,44135,1684494382
cancel,10423,,,1684494954
cancel,17372,,,1684494954
cancel,19066,,,1684494954
cancel,24999,,,1684494954
newOrder,17371,0,10009,1684494983
newOrder,19066,1,10009,1684494983
newOrder,12179,0,21528,1684494983
newOrder,24957,1,21528,1684494983
cancel,12179,,,1684495554
cancel,17371,,,1684495554
cancel,19066,,,1684495554
cancel,24957,,,1684495554
newOrder,17371,0,10010,1684495581
newOrder,19066,1,10010,1684495581
cancel,17371,,,1684496155
cancel,19066,,,1684496155
newOrder,17371,0,10011,1684496184
newOrder,19066,1,10011,1684496184
newOrder,10422,0,35160,1684496184
newOrder,24957,1,35160,1684496184
cancel,10422,,,1684496755
cancel,17371,,,1684496755
cancel,19066,,,1684496755
cancel,24957,,,1684496755
newOrder,17372,0,10014,1684496783
newOrder,19066,1,10014,1684496783
newOrder,12126,0,27591,1684496783
newOrder,24957,1,27591,1684496783
cancel,12126,,,1684497354
cancel,17372,,,1684497354
cancel,19066,,,1684497354
cancel,24957,,,1684497354
newOrder,17371,0,10015,1684497382
newOrder,19066,1,10015,1684497382
newOrder,10423,0,51429,1684497382
newOrder,24999,1,51429,1684497382
cancel,10423,,,1684497953
cancel,17371,,,1684497953
cancel,19066,,,1684497953
cancel,24999,,,1684497953
newOrder,17372,0,10017,1684497983
newOrder,19066,1,10017,1684497983
newOrder,10423,0,36348,1684497983
newOrder,24999,1,36348,1684497983