instruction,price,side,qty,time
cancel,13512,,,1678882390
cancel,19724,,,1678882390
cancel,20084,,,1678882390
cancel,24999,,,1678882390
newOrder,19727,0,15672,1678882399
newOrder,20084,1,15672,1678882399
newOrder,14001,0,16035,1678882399
newOrder,24999,1,16035,1678882399
cancel,14001,,,1678882989
cancel,19727,,,1678882989
cancel,20084,,,1678882989
cancel,24999,,,1678882989
newOrder,19723,0,15676,1678882997
newOrder,20084,1,15676,1678882997
newOrder,14001,0,11060,1678882997
newOrder,22584,1,11060,1678882997
cancel,14001,,,1678883584
cancel,19723,,,1678883584
cancel,20084,,,1678883584
cancel,22584,,,1678883584
newOrder,19727,0,15677,1678883594
newOrder,20084,1,15677,1678883594
newOrder,14001,0,15716,1678883594
newOrder,22999,1,15716,1678883594
cancel,14001,,,1678884185
cancel,19727,,,1678884185
cancel,20084,,,1678884185
cancel,22999,,,1678884185
newOrder,19742,0,15673,1678884195
newOrder,20084,1,15673,1678884195
newOrder,11845,0,78010,1678884195
newOrder,24999,1,78010,1678884195
cancel,11845,,,1678884784
cancel,19742,,,1678884784
cancel,20084,,,1678884784
cancel,24999,,,1678884784
newOrder,19728,0,15682,1678884797
newOrder,20084,1,15682,1678884797
newOrder,13006,0,56986,1678884797
newOrder,24999,1,56986,1678884797
cancel,13006,,,1678885384
cancel,19728,,,1678885384
cancel,20084,,,1678885384
cancel,24999,,,1678885384
newOrder,19724,0,15687,1678885392
newOrder,20084,1,15687,1678885392
newOrder,11834,0,78367,1678885392
newOrder,24999,1,78367,1678885392
cancel,11834,,,1678885983
cancel,19724,,,1678885983
cancel,20084,,,1678885983
cancel,24999,,,1678885983
newOrder,19742,0,15681,1678885995
newOrder,20084,1,15681,1678885995
newOrder,11845,0,62475,1678885995
newOrder,24999,1,62475,1678885995
cancel,11845,,,1678886585
cancel,19742,,,1678886585
cancel,20084,,,1678886585
cancel,24999,,,1678886585
newOrder,19715,0,15696,1678886593
newOrder,20084,1,15696,1678886593
newOrder,13515,0,20922,1678886593
newOrder,24999,1,20922,1678886593
cancel,13515,,,1678887186
cancel,19715,,,1678887186
cancel,20084,,,1678887186
cancel,24999,,,1678887186
newOrder,19734,0,15690,1678887192
newOrder,20084,1,15690,1678887192
newOrder,13006,0,39358,1678887192
newOrder,24999,1,39358,1678887192
cancel,13006,,,1678887784
cancel,19734,,,1678887784
cancel,20084,,,1678887784
cancel,24999,,,1678887784
newOrder,19734,0,15693,1678887792
newOrder,20084,1,15693,1678887792
newOrder,11841,0,82721,1678887792
newOrder,24999,1,82721,1678887792
cancel,11841,,,1678888385
cancel,19734,,,1678888385
cancel,20084,,,1678888385
cancel,24999,,,1678888385
newOrder,19734,0,15696,1678888393
newOrder,20084,1,15696,1678888393
newOrder,11841,0,69414,1678888393
newOrder,24999,1,69414,1678888393
cancel,11841,,,1678888985
cancel,19734,,,1678888985
cancel,20084,,,1678888985
cancel,24999,,,1678888985
newOrder,19734,0,15698,1678888993
newOrder,20084,1,15698,1678888993
newOrder,11841,0,79768,1678888993
newOrder,24999,1,79768,1678888993
cancel,11841,,,1678889586
cancel,19734,,,1678889586
cancel,20084,,,1678889586
cancel,24999,,,1678889586
newOrder,19734,0,15701,1678889597
newOrder,20084,1,15701,1678889597
newOrder,13006,0,36935,1678889597
newOrder,24999,1,36935,1678889597
cancel,13006,,,1678890186
cancel,19734,,,1678890186
cancel,20084,,,1678890186
cancel,24999,,,1678890186
newOrder,19734,0,15704,1678890194
newOrder,20084,1,15704,1678890194
newOrder,11841,0,52342,1678890194
newOrder,24999,1,52342,1678890194
cancel,11841,,,1678890784
cancel,19734,,,1678890784
cancel,20084,,,1678890784
cancel,24999,,,1678890784
newOrder,19734,0,15707,1678890792
newOrder,20084,1,15707,1678890792
newOrder,13513,0,25793,1678890792
newOrder,24999,1,25793,1678890792
cancel,13513,,,1678891385
cancel,19734,,,1678891385
cancel,20084,,,1678891385
cancel,24999,,,1678891385
newOrder,19713,0,15719,1678891393
newOrder,20084,1,15719,1678891393
newOrder,11828,0,49117,1678891393
newOrder,24999,1,49117,1678891393
cancel,11828,,,1678891986
cancel,19713,,,1678891986
cancel,20084,,,1678891986
cancel,24999,,,1678891986
newOrder,19713,0,15722,1678891995
newOrder,20084,1,15722,1678891995
newOrder,11828,0,50797,1678891995
newOrder,24999,1,50797,1678891995
cancel,11828,,,1678892586
cancel,19713,,,1678892586
cancel,20084,,,1678892586
cancel,24999,,,1678892586
newOrder,19713,0,15724,1678892592
newOrder,20084,1,15724,1678892592
newOrder,11828,0,62973,1678892592
newOrder,24999,1,62973,1678892592
cancel,11828,,,1678893185
cancel,19713,,,1678893185
cancel,20084,,,1678893185
cancel,24999,,,1678893185
newOrder,19713,0,15727,1678893193
newOrder,20084,1,15727,1678893193
newOrder,11828,0,41300,1678893193
newOrder,24999,1,41300,1678893193
cancel,11828,,,1678893785
cancel,19713,,,1678893785
cancel,20084,,,1678893785
cancel,24999,,,1678893785
newOrder,19713,0,15730,1678893793
newOrder,20084,1,15730,1678893793
newOrder,11828,0,46321,1678893793
newOrder,24999,1,46321,1678893793
cancel,11828,,,1678894385
cancel,19713,,,1678894385
cancel,20084,,,1678894385
cancel,24999,,,1678894385
newOrder,19709,0,15735,1678894396
newOrder,20084,1,15735,1678894396
newOrder,11825,0,70455,1678894396
newOrder,24999,1,70455,1678894396
cancel,11825,,,1678894985
cancel,19709,,,1678894985
cancel,20084,,,1678894985
cancel,24999,,,1678894985
newOrder,19709,0,15737,1678894992
newOrder,20084,1,15737,1678894992
newOrder,11825,0,68365,1678894992
newOrder,24999,1,68365,1678894992
cancel,11825,,,1678895585
cancel,19709,,,1678895585
cancel,20084,,,1678895585
cancel,24999,,,1678895585
newOrder,19709,0,15740,1678895593
newOrder,20084,1,15740,1678895593
newOrder,11825,0,44123,1678895593
newOrder,24999,1,44123,1678895593
cancel,11825,,,1678896185
cancel,19709,,,1678896185
cancel,20084,,,1678896185
cancel,24999,,,1678896185
newOrder,19709,0,15743,1678896193
newOrder,20084,1,15743,1678896193
newOrder,14001,0,11438,1678896193
newOrder,22584,1,11438,1678896193
cancel,14001,,,1678896784
cancel,19709,,,1678896784
cancel,20084,,,1678896784
cancel,22584,,,1678896784
newOrder,19596,0,15787,1678896792
newOrder,20084,1,15787,1678896792
newOrder,11758,0,77443,1678896792
newOrder,24999,1,77443,1678896792
cancel,11758,,,1678897386
cancel,19596,,,1678897386
cancel,20084,,,1678897386
cancel,24999,,,1678897386
newOrder,19596,0,15789,1678897399
newOrder,20084,1,15789,1678897399
newOrder,11758,0,61076,1678897399
newOrder,24999,1,61076,1678897399
cancel,11758,,,1678897986
cancel,19596,,,1678897986
cancel,20084,,,1678897986
cancel,24999,,,1678897986
newOrder,19596,0,15792,1678897993
newOrder,20084,1,15792,1678897993
newOrder,14001,0,18345,1678897993
newOrder,24999,1,18345,1678897993
cancel,14001,,,1678898586
cancel,19596,,,1678898586
cancel,20084,,,1678898586
cancel,24999,,,1678898586
newOrder,19596,0,15795,1678898593
newOrder,20084,1,15795,1678898593
newOrder,13006,0,35003,1678898593
newOrder,24999,1,35003,1678898593
cancel,13006,,,1678899186
cancel,19596,,,1678899186
cancel,20084,,,1678899186
cancel,24999,,,1678899186
newOrder,19596,0,15798,1678899194
newOrder,20084,1,15798,1678899194
newOrder,13006,0,32521,1678899194
newOrder,24999,1,32521,1678899194
cancel,13006,,,1678899785
cancel,19596,,,1678899785
cancel,20084,,,1678899785
cancel,24999,,,1678899785
newOrder,19592,0,15802,1678899792
newOrder,20084,1,15802,1678899792
newOrder,11755,0,50500,1678899792
newOrder,24999,1,50500,1678899792
cancel,11755,,,1678900386
cancel,19592,,,1678900386
cancel,20084,,,1678900386
cancel,24999,,,1678900386
newOrder,19592,0,15804,1678900395
newOrder,20084,1,15804,1678900395
newOrder,14001,0,19419,1678900395
newOrder,24999,1,19419,1678900395
cancel,14001,,,1678900984
cancel,19592,,,1678900984
cancel,20084,,,1678900984
cancel,24999,,,1678900984
newOrder,19592,0,15807,1678900992
newOrder,20084,1,15807,1678900992
newOrder,11755,0,53200,1678900992
newOrder,24999,1,53200,1678900992
cancel,11755,,,1678901585
cancel,19592,,,1678901585
cancel,20084,,,1678901585
cancel,24999,,,1678901585
newOrder,19592,0,15810,1678901594
newOrder,20084,1,15810,1678901594
newOrder,14001,0,18650,1678901594
newOrder,24999,1,18650,1678901594
cancel,14001,,,1678902185
cancel,19592,,,1678902185
cancel,20084,,,1678902185
cancel,24999,,,1678902185
newOrder,19592,0,15813,1678902193
newOrder,20084,1,15813,1678902193
newOrder,11755,0,65554,1678902193
newOrder,24999,1,65554,1678902193
cancel,11755,,,1678902784
cancel,19592,,,1678902784
cancel,20084,,,1678902784
cancel,24999,,,1678902784
newOrder,19592,0,15816,1678902794
newOrder,20084,1,15816,1678902794
newOrder,11755,0,68438,1678902794
newOrder,24999,1,68438,1678902794
cancel,11755,,,1678903384
cancel,19592,,,1678903384
cancel,20084,,,1678903384
cancel,24999,,,1678903384
newOrder,19592,0,15818,1678903396
newOrder,20084,1,15818,1678903396
newOrder,11755,0,49029,1678903396
newOrder,24999,1,49029,1678903396
cancel,11755,,,1678903985
cancel,19592,,,1678903985
cancel,20084,,,1678903985
cancel,24999,,,1678903985
newOrder,19592,0,15821,1678903992
newOrder,20084,1,15821,1678903992
newOrder,11755,0,75376,1678903992
newOrder,24999,1,75376,1678903992
cancel,11755,,,1678904585
cancel,19592,,,1678904585
cancel,20084,,,1678904585
cancel,24999,,,1678904585
newOrder,19592,0,15824,1678904593
newOrder,20084,1,15824,1678904593
newOrder,13513,0,27863,1678904593
newOrder,24999,1,27863,1678904593
cancel,13513,,,1678905186
cancel,19592,,,1678905186
cancel,20084,,,1678905186
cancel,24999,,,1678905186
newOrder,19592,0,15827,1678905195
newOrder,20084,1,15827,1678905195
newOrder,11755,0,46182,1678905195
newOrder,24999,1,46182,1678905195
cancel,11755,,,1678905784
cancel,19592,,,1678905784
cancel,20084,,,1678905784
cancel,24999,,,1678905784
newOrder,19450,0,15860,1678905792
newOrder,20084,1,15860,1678905792
newOrder,11670,0,53567,1678905792
newOrder,24999,1,53567,1678905792
cancel,11670,,,1678906385
cancel,19450,,,1678906385
cancel,20084,,,1678906385
cancel,24999,,,1678906385
newOrder,19461,0,15861,1678906391
newOrder,20084,1,15861,1678906391
newOrder,11676,0,48124,1678906391
newOrder,24999,1,48124,1678906391
cancel,11676,,,1678906985
cancel,19461,,,1678906985
cancel,20084,,,1678906985
cancel,24999,,,1678906985
newOrder,19466,0,15863,1678906994
newOrder,20084,1,15863,1678906994
newOrder,14001,0,18588,1678906994
newOrder,24999,1,18588,1678906994
cancel,14001,,,1678907585
cancel,19466,,,1678907585
cancel,20084,,,1678907585
cancel,24999,,,1678907585
newOrder,19475,0,15864,1678907592
newOrder,20084,1,15864,1678907592
newOrder,11685,0,64261,1678907592
newOrder,24999,1,64261,1678907592
cancel,11685,,,1678907721
cancel,19475,,,1678907721
cancel,20084,,,1678907721
cancel,24999,,,1678907721
newOrder,19475,0,15865,1678907736
newOrder,20084,1,15865,1678907736
newOrder,11685,0,49245,1678907736
newOrder,24999,1,49245,1678907736
cancel,11685,,,1678908352
cancel,19475,,,1678908352
cancel,20084,,,1678908352
cancel,24999,,,1678908352
newOrder,19471,0,15868,1678908368
newOrder,20084,1,15868,1678908368
newOrder,14001,0,11804,1678908368
newOrder,22584,1,11804,1678908368
cancel,14001,,,1678908952
cancel,19471,,,1678908952
cancel,20084,,,1678908952
cancel,22584,,,1678908952
newOrder,19474,0,15871,1678908968
newOrder,20084,1,15871,1678908968
newOrder,11684,0,61900,1678908968
newOrder,24999,1,61900,1678908968
cancel,11684,,,1678909553
cancel,19474,,,1678909553
cancel,20084,,,1678909553
cancel,24999,,,1678909553
newOrder,19473,0,15874,1678909568
newOrder,20084,1,15874,1678909568
newOrder,11684,0,41140,1678909568
newOrder,24999,1,41140,1678909568
cancel,11684,,,1678910152
cancel,19473,,,1678910152
cancel,20084,,,1678910152
cancel,24999,,,1678910152
newOrder,19469,0,15877,1678910169
newOrder,20084,1,15877,1678910169
newOrder,11681,0,51093,1678910169
newOrder,24999,1,51093,1678910169
cancel,11681,,,1678910753
cancel,19469,,,1678910753
cancel,20084,,,1678910753
cancel,24999,,,1678910753
newOrder,19478,0,15878,1678910769
newOrder,20084,1,15878,1678910769
newOrder,14001,0,10018,1678910769
newOrder,22584,1,10018,1678910769
cancel,14001,,,1678911352
cancel,19478,,,1678911352
cancel,20084,,,1678911352
cancel,22584,,,1678911352
newOrder,19473,0,15882,1678911368
newOrder,20084,1,15882,1678911368
newOrder,13514,0,25157,1678911368
newOrder,24999,1,25157,1678911368
cancel,13514,,,1678911952
cancel,19473,,,1678911952
cancel,20084,,,1678911952
cancel,24999,,,1678911952
newOrder,19479,0,15884,1678911967
newOrder,20084,1,15884,1678911967
newOrder,11687,0,67309,1678911967
newOrder,24999,1,67309,1678911967
cancel,11687,,,1678912554
cancel,19479,,,1678912554
cancel,20084,,,1678912554
cancel,24999,,,1678912554
newOrder,19475,0,15887,1678912570
newOrder,20084,1,15887,1678912570
newOrder,11685,0,81271,1678912570
newOrder,24999,1,81271,1678912570
cancel,11685,,,1678913152
cancel,19475,,,1678913152
cancel,20084,,,1678913152
cancel,24999,,,1678913152
newOrder,19472,0,15890,1678913170
newOrder,20084,1,15890,1678913170
newOrder,13006,0,30586,1678913170
newOrder,24999,1,30586,1678913170
cancel,13006,,,1678913756
cancel,19472,,,1678913756
cancel,20084,,,1678913756
cancel,24999,,,1678913756
newOrder,19475,0,15893,1678913772
newOrder,20084,1,15893,1678913772
newOrder,14001,0,14777,1678913772
newOrder,22584,1,14777,1678913772
cancel,14001,,,1678914352
cancel,19475,,,1678914352
cancel,20084,,,1678914352
cancel,22584,,,1678914352
newOrder,19486,0,15894,1678914367
newOrder,20084,1,15894,1678914367
newOrder,11691,0,62593,1678914367
newOrder,24999,1,62593,1678914367
cancel,11691,,,1678914952
cancel,19486,,,1678914952
cancel,20084,,,1678914952
cancel,24999,,,1678914952
newOrder,19468,0,15899,1678914967
newOrder,20084,1,15899,1678914967
newOrder,14001,0,14641,1678914967
newOrder,22584,1,14641,1678914967
cancel,14001,,,1678915552
cancel,19468,,,1678915552
cancel,20084,,,1678915552
cancel,22584,,,1678915552
newOrder,19475,0,15901,1678915566
newOrder,20084,1,15901,1678915566
newOrder,11685,0,59211,1678915566
newOrder,24999,1,59211,1678915566
cancel,11685,,,1678916152
cancel,19475,,,1678916152
cancel,20084,,,1678916152
cancel,24999,,,1678916152
newOrder,19470,0,15905,1678916167
newOrder,20084,1,15905,1678916167
newOrder,13514,0,25123,1678916167
newOrder,24999,1,25123,1678916167
cancel,13514,,,1678916752
cancel,19470,,,1678916752
cancel,20084,,,1678916752
cancel,24999,,,1678916752
newOrder,19472,0,15907,1678916766
newOrder,20084,1,15907,1678916766
newOrder,11683,0,52415,1678916766
newOrder,24999,1,52415,1678916766
cancel,11683,,,1678917352
cancel,19472,,,1678917352
cancel,20084,,,1678917352
cancel,24999,,,1678917352
newOrder,19465,0,15911,1678917367
newOrder,20084,1,15911,1678917367
newOrder,14001,0,12647,1678917367
newOrder,22584,1,12647,1678917367
cancel,14001,,,1678917952
cancel,19465,,,1678917952
cancel,20084,,,1678917952
cancel,22584,,,1678917952
newOrder,19475,0,15912,1678917968
newOrder,20084,1,15912,1678917968
newOrder,11685,0,49611,1678917968
newOrder,24999,1,49611,1678917968
cancel,11685,,,1678918553
cancel,19475,,,1678918553
cancel,20084,,,1678918553
cancel,24999,,,1678918553
newOrder,19474,0,15915,1678918568
newOrder,20084,1,15915,1678918568
newOrder,11685,0,54542,1678918568
newOrder,24999,1,54542,1678918568
cancel,11685,,,1678919152
cancel,19474,,,1678919152
cancel,20084,,,1678919152
cancel,24999,,,1678919152
newOrder,19471,0,15919,1678919166
newOrder,20084,1,15919,1678919166
newOrder,11683,0,77847,1678919166
newOrder,24999,1,77847,1678919166
cancel,11683,,,1678919752
cancel,19471,,,1678919752
cancel,20084,,,1678919752
cancel,24999,,,1678919752
newOrder,19478,0,15920,1678919766
newOrder,20084,1,15920,1678919766
newOrder,14001,0,13393,1678919766
newOrder,22584,1,13393,1678919766
cancel,14001,,,1678920352
cancel,19478,,,1678920352
cancel,20084,,,1678920352
cancel,22584,,,1678920352
newOrder,19478,0,15923,1678920368
newOrder,20084,1,15923,1678920368
newOrder,13515,0,21903,1678920368
newOrder,24999,1,21903,1678920368
cancel,13515,,,1678920952
cancel,19478,,,1678920952
cancel,20084,,,1678920952
cancel,24999,,,1678920952
newOrder,19473,0,15927,1678920967
newOrder,20084,1,15927,1678920967
newOrder,11684,0,49711,1678920967
newOrder,24999,1,49711,1678920967
cancel,11684,,,1678921552
cancel,19473,,,1678921552
cancel,20084,,,1678921552
cancel,24999,,,1678921552
newOrder,19471,0,15930,1678921566
newOrder,20084,1,15930,1678921566
newOrder,13006,0,36167,1678921566
newOrder,24999,1,36167,1678921566
cancel,13006,,,1678922151
cancel,19471,,,1678922151
cancel,20084,,,1678922151
cancel,24999,,,1678922151
newOrder,19476,0,15932,1678922167
newOrder,20084,1,15932,1678922167
newOrder,14001,0,16588,1678922167
newOrder,24999,1,16588,1678922167
cancel,14001,,,1678922751
cancel,19476,,,1678922751
cancel,20084,,,1678922751
cancel,24999,,,1678922751
newOrder,19476,0,15935,1678922766
newOrder,20084,1,15935,1678922766
newOrder,11685,0,84361,1678922766
newOrder,24999,1,84361,1678922766
cancel,11685,,,1678923353
cancel,19476,,,1678923353
cancel,20084,,,1678923353
cancel,24999,,,1678923353
newOrder,19486,0,15936,1678923369
newOrder,20084,1,15936,1678923369
newOrder,13515,0,21780,1678923369
newOrder,24999,1,21780,1678923369
cancel,13515,,,1678923951
cancel,19486,,,1678923951
cancel,20084,,,1678923951
cancel,24999,,,1678923951
newOrder,19478,0,15940,1678923970
newOrder,20084,1,15940,1678923970
newOrder,11687,0,79147,1678923970
newOrder,24999,1,79147,1678923970
cancel,11687,,,1678924553
cancel,19478,,,1678924553
cancel,20084,,,1678924553
cancel,24999,,,1678924553
newOrder,19480,0,15943,1678924568
newOrder,20084,1,15943,1678924568
newOrder,13513,0,26392,1678924568
newOrder,24999,1,26392,1678924568
cancel,13513,,,1678925152
cancel,19480,,,1678925152
cancel,20084,,,1678925152
cancel,24999,,,1678925152
newOrder,19482,0,15945,1678925168
newOrder,20084,1,15945,1678925168
newOrder,13513,0,26734,1678925168
newOrder,24999,1,26734,1678925168
cancel,13513,,,1678925752
cancel,19482,,,1678925752
cancel,20084,,,1678925752
cancel,24999,,,1678925752
newOrder,19485,0,15947,1678925768
newOrder,20084,1,15947,1678925768
newOrder,11691,0,59942,1678925768
newOrder,24999,1,59942,1678925768
cancel,11691,,,1678926351
cancel,19485,,,1678926351
cancel,20084,,,1678926351
cancel,24999,,,1678926351
newOrder,19485,0,15950,1678926367
newOrder,20084,1,15950,1678926367
newOrder,11691,0,51339,1678926367
newOrder,24999,1,51339,1678926367
cancel,11691,,,1678926953
cancel,19485,,,1678926953
cancel,20084,,,1678926953
cancel,24999,,,1678926953
newOrder,19476,0,15954,1678926968
newOrder,20084,1,15954,1678926968
newOrder,11686,0,71182,1678926968
newOrder,24999,1,71182,1678926968
cancel,11686,,,1678927553
cancel,19476,,,1678927553
cancel,20084,,,1678927553
cancel,24999,,,1678927553
newOrder,19485,0,15956,1678927569
newOrder,20084,1,15956,1678927569
newOrder,13006,0,26595,1678927569
newOrder,24999,1,26595,1678927569
cancel,13006,,,1678928152
cancel,19485,,,1678928152
cancel,20084,,,1678928152
cancel,24999,,,1678928152
newOrder,19471,0,15961,1678928167
newOrder,20084,1,15961,1678928167
newOrder,13515,0,17246,1678928167
newOrder,24999,1,17246,1678928167
cancel,13515,,,1678928752
cancel,19471,,,1678928752
cancel,20084,,,1678928752
cancel,24999,,,1678928752
newOrder,19476,0,15963,1678928768
newOrder,20084,1,15963,1678928768
newOrder,11686,0,53898,1678928768
newOrder,24999,1,53898,1678928768
cancel,11686,,,1678929352
cancel,19476,,,1678929352
cancel,20084,,,1678929352
cancel,24999,,,1678929352
newOrder,19476,0,15966,1678929369
newOrder,20084,1,15966,1678929369
newOrder,13515,0,9832,1678929369
newOrder,22584,1,9832,1678929369
cancel,13515,,,1678929952
cancel,19476,,,1678929952
cancel,20084,,,1678929952
cancel,22584,,,1678929952
newOrder,19496,0,15965,1678929971
newOrder,20084,1,15965,1678929971
newOrder,11698,0,83914,1678929971
newOrder,24999,1,83914,1678929971
cancel,11698,,,1678930552
cancel,19496,,,1678930552
cancel,20084,,,1678930552
cancel,24999,,,1678930552
newOrder,19483,0,15970,1678930569
newOrder,20084,1,15970,1678930569
newOrder,13515,0,10396,1678930569
newOrder,22584,1,10396,1678930569
cancel,13515,,,1678931152
cancel,19483,,,1678931152
cancel,20084,,,1678931152
cancel,22584,,,1678931152
newOrder,19484,0,15973,1678931171
newOrder,20084,1,15973,1678931171
newOrder,11690,0,52373,1678931171
newOrder,24999,1,52373,1678931171
cancel,11690,,,1678931752
cancel,19484,,,1678931752
cancel,20084,,,1678931752
cancel,24999,,,1678931752
newOrder,19487,0,15975,1678931768
newOrder,20084,1,15975,1678931768
newOrder,11692,0,56278,1678931768
newOrder,24999,1,56278,1678931768
cancel,11692,,,1678932352
cancel,19487,,,1678932352
cancel,20084,,,1678932352
cancel,24999,,,1678932352
newOrder,19489,0,15978,1678932366
newOrder,20084,1,15978,1678932366
newOrder,13006,0,30858,1678932366
newOrder,24999,1,30858,1678932366
cancel,13006,,,1678932952
cancel,19489,,,1678932952
cancel,20084,,,1678932952
cancel,24999,,,1678932952
newOrder,19488,0,15981,1678932966
newOrder,20084,1,15981,1678932966
newOrder,11693,0,50121,1678932966
newOrder,24999,1,50121,1678932966
cancel,11693,,,1678933551
cancel,19488,,,1678933551
cancel,20084,,,1678933551
cancel,24999,,,1678933551
newOrder,19485,0,15984,1678933566
newOrder,20084,1,15984,1678933566
newOrder,11691,0,57191,1678933566
newOrder,24999,1,57191,1678933566
cancel,11691,,,1678934152
cancel,19485,,,1678934152
cancel,20084,,,1678934152
cancel,24999,,,1678934152
newOrder,19478,0,15988,1678934166
newOrder,20084,1,15988,1678934166
newOrder,11687,0,43249,1678934166
newOrder,24999,1,43249,1678934166
cancel,11687,,,1678934752
cancel,19478,,,1678934752
cancel,20084,,,1678934752
cancel,24999,,,1678934752
newOrder,19478,0,15991,1678934766
newOrder,20084,1,15991,1678934766
newOrder,11687,0,80121,1678934766
newOrder,24999,1,80121,1678934766
cancel,11687,,,1678935352
cancel,19478,,,1678935352
cancel,20084,,,1678935352
cancel,24999,,,1678935352
newOrder,19479,0,15994,1678935367
newOrder,20084,1,15994,1678935367
newOrder,11687,0,79219,1678935367
newOrder,24999,1,79219,1678935367
cancel,11687,,,1678935952
cancel,19479,,,1678935952
cancel,20084,,,1678935952
cancel,24999,,,1678935952
newOrder,19474,0,15997,1678935966
newOrder,20084,1,15997,1678935966
newOrder,11685,0,68770,1678935966
newOrder,24999,1,68770,1678935966
cancel,11685,,,1678936552
cancel,19474,,,1678936552
cancel,20084,,,1678936552
cancel,24999,,,1678936552
newOrder,19471,0,16001,1678936567
newOrder,20084,1,16001,1678936567
newOrder,11683,0,72149,1678936567
newOrder,24999,1,72149,1678936567
cancel,11683,,,1678937152
cancel,19471,,,1678937152
cancel,20084,,,1678937152
cancel,24999,,,1678937152
newOrder,19481,0,16002,1678937166
newOrder,20084,1,16002,1678937166
newOrder,11689,0,75805,1678937166
newOrder,24999,1,75805,1678937166
cancel,11689,,,1678937752
cancel,19481,,,1678937752
cancel,20084,,,1678937752
cancel,24999,,,1678937752
newOrder,19483,0,16004,1678937767
newOrder,20084,1,16004,1678937767
newOrder,11690,0,59611,1678937767
newOrder,24999,1,59611,1678937767
cancel,11690,,,1678938352
cancel,19483,,,1678938352
cancel,20084,,,1678938352
cancel,24999,,,1678938352
newOrder,19491,0,16006,1678938367
newOrder,20084,1,16006,1678938367
newOrder,11695,0,79783,1678938367
newOrder,24999,1,79783,1678938367
cancel,11695,,,1678938952
cancel,19491,,,1678938952
cancel,20084,,,1678938952
cancel,24999,,,1678938952
newOrder,19492,0,16009,1678938966
newOrder,20084,1,16009,1678938966
newOrder,11695,0,73828,1678938966
newOrder,24999,1,73828,1678938966
cancel,11695,,,1678939552
cancel,19492,,,1678939552
cancel,20084,,,1678939552
cancel,24999,,,1678939552
newOrder,19491,0,16012,1678939567
newOrder,20084,1,16012,1678939567
newOrder,13516,0,11230,1678939567
newOrder,22584,1,11230,1678939567
cancel,13516,,,1678940152
cancel,19491,,,1678940152
cancel,20084,,,1678940152
cancel,22584,,,1678940152
newOrder,19492,0,16014,1678940167
newOrder,20084,1,16014,1678940167
newOrder,11695,0,40459,1678940167
newOrder,24999,1,40459,1678940167
cancel,11695,,,1678940752
cancel,19492,,,1678940752
cancel,20084,,,1678940752
cancel,24999,,,1678940752
newOrder,19490,0,16018,1678940767
newOrder,20084,1,16018,1678940767
newOrder,11694,0,48309,1678940767
newOrder,24999,1,48309,1678940767
cancel,11694,,,1678941353
cancel,19490,,,1678941353
cancel,20084,,,1678941353
cancel,24999,,,1678941353
newOrder,19490,0,16021,1678941368
newOrder,20084,1,16021,1678941368
newOrder,13515,0,22972,1678941368
newOrder,24999,1,22972,1678941368
cancel,13515,,,1678941952
cancel,19490,,,1678941952
cancel,20084,,,1678941952
cancel,24999,,,1678941952
newOrder,19496,0,16022,1678941968
newOrder,20084,1,16022,1678941968
newOrder,11698,0,83220,1678941968
newOrder,24999,1,83220,1678941968
cancel,11698,,,1678942552
cancel,19496,,,1678942552
cancel,20084,,,1678942552
cancel,24999,,,1678942552
newOrder,19493,0,16026,1678942566
newOrder,20084,1,16026,1678942566
newOrder,11696,0,73981,1678942566
newOrder,24999,1,73981,1678942566
cancel,11696,,,1678943152
cancel,19493,,,1678943152
cancel,20084,,,1678943152
cancel,24999,,,1678943152
newOrder,19491,0,16029,1678943168
newOrder,20084,1,16029,1678943168
newOrder,11695,0,86489,1678943168
newOrder,24999,1,86489,1678943168
cancel,11695,,,1678943751
cancel,19491,,,1678943751
cancel,20084,,,1678943751
cancel,24999,,,1678943751
newOrder,19488,0,16032,1678943766
newOrder,20084,1,16032,1678943766
newOrder,14011,0,15415,1678943766
newOrder,22584,1,15415,1678943766
cancel,14011,,,1678944352
cancel,19488,,,1678944352
cancel,20084,,,1678944352
cancel,22584,,,1678944352
newOrder,19496,0,16034,1678944369
newOrder,20084,1,16034,1678944369
newOrder,11698,0,64400,1678944369
newOrder,24999,1,64400,1678944369
cancel,11698,,,1678944952
cancel,19496,,,1678944952
cancel,20084,,,1678944952
cancel,24999,,,1678944952
newOrder,19489,0,16038,1678944967
newOrder,20084,1,16038,1678944967
newOrder,11693,0,55062,1678944967
newOrder,24999,1,55062,1678944967
cancel,11693,,,1678945551
cancel,19489,,,1678945551
cancel,20084,,,1678945551
cancel,24999,,,1678945551
newOrder,19488,0,16041,1678945567
newOrder,20084,1,16041,1678945567
newOrder,13515,0,23268,1678945567
newOrder,24999,1,23268,1678945567
cancel,13515,,,1678946152
cancel,19488,,,1678946152
cancel,20084,,,1678946152
cancel,24999,,,1678946152
newOrder,19490,0,16043,1678946165
newOrder,20084,1,16043,1678946165
newOrder,11694,0,36899,1678946165
newOrder,24999,1,36899,1678946165
cancel,11694,,,1678946753
cancel,19490,,,1678946753
cancel,20084,,,1678946753
cancel,24999,,,1678946753
newOrder,19489,0,16047,1678946767
newOrder,20084,1,16047,1678946767
newOrder,11693,0,80183,1678946767
newOrder,24999,1,80183,1678946767
cancel,11693,,,1678947352
cancel,19489,,,1678947352
cancel,20084,,,1678947352
cancel,24999,,,1678947352
newOrder,19496,0,16048,1678947368
newOrder,20084,1,16048,1678947368
newOrder,13515,0,28742,1678947368
newOrder,24999,1,28742,1678947368
cancel,13515,,,1678947951
cancel,19496,,,1678947951
cancel,20084,,,1678947951
cancel,24999,,,1678947951
newOrder,19488,0,16052,1678947966
newOrder,20084,1,16052,1678947966
newOrder,13515,0,28467,1678947966
newOrder,24999,1,28467,1678947966
cancel,13515,,,1678948552
cancel,19488,,,1678948552
cancel,20084,,,1678948552
cancel,24999,,,1678948552
newOrder,19488,0,16055,1678948566
newOrder,20084,1,16055,1678948566
newOrder,11693,0,53348,1678948566
newOrder,24999,1,53348,1678948566
cancel,11693,,,1678949152
cancel,19488,,,1678949152
cancel,20084,,,1678949152
cancel,24999,,,1678949152
newOrder,19489,0,16058,1678949168
newOrder,20084,1,16058,1678949168
newOrder,11693,0,69319,1678949168
newOrder,24999,1,69319,1678949168
cancel,11693,,,1678949752
cancel,19489,,,1678949752
cancel,20084,,,1678949752
cancel,24999,,,1678949752
newOrder,19488,0,16061,1678949765
newOrder,20084,1,16061,1678949765
newOrder,11693,0,51941,1678949765
newOrder,24999,1,51941,1678949765
cancel,11693,,,1678950351
cancel,19488,,,1678950351
cancel,20084,,,1678950351
cancel,24999,,,1678950351
newOrder,19489,0,16064,1678950366
newOrder,20084,1,16064,1678950366
newOrder,11693,0,67941,1678950366
newOrder,24999,1,67941,1678950366
cancel,11693,,,1678950953
cancel,19489,,,1678950953
cancel,20084,,,1678950953
cancel,24999,,,1678950953
newOrder,19489,0,16067,1678950967
newOrder,20084,1,16067,1678950967
newOrder,11693,0,37311,1678950967
newOrder,24999,1,37311,1678950967
cancel,11693,,,1678951551
cancel,19489,,,1678951551
cancel,20084,,,1678951551
cancel,24999,,,1678951551
newOrder,19487,0,16070,1678951567
newOrder,20084,1,16070,1678951567
newOrder,11692,0,47157,1678951567
newOrder,24999,1,47157,1678951567
cancel,11692,,,1678952152
cancel,19487,,,1678952152
cancel,20084,,,1678952152
cancel,24999,,,1678952152
newOrder,19485,0,16073,1678952167
newOrder,20084,1,16073,1678952167
newOrder,11691,0,74497,1678952167
newOrder,24999,1,74497,1678952167
cancel,11691,,,1678952752
cancel,19485,,,1678952752
cancel,20084,,,1678952752
cancel,24999,,,1678952752
newOrder,19488,0,16076,1678952766
newOrder,20084,1,16076,1678952766
newOrder,11693,0,74046,1678952766
newOrder,24999,1,74046,1678952766
cancel,11693,,,1678953352
cancel,19488,,,1678953352
cancel,20084,,,1678953352
cancel,24999,,,1678953352
newOrder,19483,0,16079,1678953367
newOrder,20084,1,16079,1678953367
newOrder,11690,0,44172,1678953367
newOrder,24999,1,44172,1678953367
cancel,11690,,,1678953952
cancel,19483,,,1678953952
cancel,20084,,,1678953952
cancel,24999,,,1678953952
newOrder,19483,0,16082,1678953966
newOrder,20084,1,16082,1678953966
newOrder,11690,0,75584,1678953966
newOrder,24999,1,75584,1678953966
cancel,11690,,,1678954551
cancel,19483,,,1678954551
cancel,20084,,,1678954551
cancel,24999,,,1678954551
newOrder,19486,0,16085,1678954567
newOrder,20084,1,16085,1678954567
newOrder,11692,0,72989,1678954567
newOrder,24999,1,72989,1678954567
cancel,11692,,,1678955152
cancel,19486,,,1678955152
cancel,20084,,,1678955152
cancel,24999,,,1678955152
newOrder,19489,0,16087,1678955166
newOrder,20084,1,16087,1678955166
newOrder,11693,0,52807,1678955166
newOrder,24999,1,52807,1678955166
cancel,11693,,,1678955752
cancel,19489,,,1678955752
cancel,20084,,,1678955752
cancel,24999,,,1678955752
newOrder,19489,0,16090,1678955766
newOrder,20084,1,16090,1678955766
newOrder,13515,0,32448,1678955766
newOrder,24999,1,32448,1678955766
cancel,13515,,,1678956350
cancel,19489,,,1678956350
cancel,20084,,,1678956350
cancel,24999,,,1678956350
newOrder,19490,0,16093,1678956370
newOrder,20084,1,16093,1678956370
newOrder,11694,0,37156,1678956370
newOrder,24999,1,37156,1678956370
cancel,11694,,,1678956952
cancel,19490,,,1678956952
cancel,20084,,,1678956952
cancel,24999,,,1678956952
newOrder,19488,0,16096,1678956966
newOrder,20084,1,16096,1678956966
newOrder,14011,0,20883,1678956966
newOrder,24999,1,20883,1678956966
cancel,14011,,,1678957552
cancel,19488,,,1678957552
cancel,20084,,,1678957552
cancel,24999,,,1678957552
newOrder,19488,0,16099,1678957567
newOrder,20084,1,16099,1678957567
newOrder,11693,0,73513,1678957567
newOrder,24999,1,73513,1678957567
cancel,11693,,,1678958154
cancel,19488,,,1678958154
cancel,20084,,,1678958154
cancel,24999,,,1678958154
newOrder,19488,0,16102,1678958169
newOrder,20084,1,16102,1678958169
newOrder,11693,0,84169,1678958169
newOrder,24999,1,84169,1678958169
cancel,11693,,,1678958752
cancel,19488,,,1678958752
cancel,20084,,,1678958752
cancel,24999,,,1678958752
newOrder,19486,0,16105,1678958767
newOrder,20084,1,16105,1678958767
newOrder,14111,0,15262,1678958767
newOrder,22584,1,15262,1678958767
cancel,14111,,,1678959351
cancel,19486,,,1678959351
cancel,20084,,,1678959351
cancel,22584,,,1678959351
newOrder,19487,0,16108,1678959365
newOrder,20084,1,16108,1678959365
newOrder,11692,0,46941,1678959365
newOrder,24999,1,46941,1678959365
cancel,11692,,,1678959952
cancel,19487,,,1678959952
cancel,20084,,,1678959952
cancel,24999,,,1678959952
newOrder,19496,0,16109,1678959969
newOrder,20084,1,16109,1678959969
newOrder,11698,0,73441,1678959969
newOrder,24999,1,73441,1678959969
cancel,11698,,,1678960552
cancel,19496,,,1678960552
cancel,20084,,,1678960552
cancel,24999,,,1678960552
newOrder,19487,0,16114,1678960568
newOrder,20084,1,16114,1678960568
newOrder,11692,0,64788,1678960568
newOrder,24999,1,64788,1678960568
cancel,11692,,,1678961152
cancel,19487,,,1678961152
cancel,20084,,,1678961152
cancel,24999,,,1678961152
newOrder,19488,0,16116,1678961167
newOrder,20084,1,16116,1678961167
newOrder,14111,0,15240,1678961167
newOrder,22584,1,15240,1678961167
cancel,14111,,,1678961752
cancel,19488,,,1678961752
cancel,20084,,,1678961752
cancel,22584,,,1678961752
newOrder,19488,0,16119,1678961767
newOrder,20084,1,16119,1678961767
newOrder,11693,0,76402,1678961767
newOrder,24999,1,76402,1678961767
cancel,11693,,,1678962352
cancel,19488,,,1678962352
cancel,20084,,,1678962352
cancel,24999,,,1678962352
newOrder,19488,0,16122,1678962367
newOrder,20084,1,16122,1678962367
newOrder,11693,0,74513,1678962367
newOrder,24999,1,74513,1678962367
cancel,11693,,,1678962951
cancel,19488,,,1678962951
cancel,20084,,,1678962951
cancel,24999,,,1678962951
newOrder,19487,0,16125,1678962965
newOrder,20084,1,16125,1678962965
newOrder,13003,0,34571,1678962965
newOrder,24999,1,34571,1678962965
cancel,13003,,,1678963551
cancel,19487,,,1678963551
cancel,20084,,,1678963551
cancel,24999,,,1678963551
newOrder,19487,0,16128,1678963566
newOrder,20084,1,16128,1678963566
newOrder,11692,0,72486,1678963566
newOrder,24999,1,72486,1678963566
cancel,11692,,,1678964152
cancel,19487,,,1678964152
cancel,20084,,,1678964152
cancel,24999,,,1678964152
newOrder,19488,0,16131,1678964167
newOrder,20084,1,16131,1678964167
newOrder,11693,0,43977,1678964167
newOrder,24999,1,43977,1678964167
cancel,11693,,,1678964752
cancel,19488,,,1678964752
cancel,20084,,,1678964752
cancel,24999,,,1678964752
newOrder,19489,0,16134,1678964766
newOrder,20084,1,16134,1678964766
newOrder,11693,0,49938,1678964766
newOrder,24999,1,49938,1678964766
cancel,11693,,,1678965351
cancel,19489,,,1678965351
cancel,20084,,,1678965351
cancel,24999,,,1678965351
newOrder,19488,0,16137,1678965368
newOrder,20084,1,16137,1678965368
newOrder,11693,0,52479,1678965368
newOrder,24999,1,52479,1678965368
cancel,11693,,,1678965952
cancel,19488,,,1678965952
cancel,20084,,,1678965952
cancel,24999,,,1678965952
newOrder,19488,0,16140,1678965967
newOrder,20084,1,16140,1678965967
newOrder,11693,0,83107,1678965967
newOrder,24999,1,83107,1678965967
cancel,11693,,,1678966552
cancel,19488,,,1678966552
cancel,20084,,,1678966552
cancel,24999,,,1678966552
newOrder,19488,0,16143,1678966566
newOrder,20084,1,16143,1678966566
newOrder,11693,0,45727,1678966566
newOrder,24999,1,45727,1678966566
cancel,11693,,,1678967152
cancel,19488,,,1678967152
cancel,20084,,,1678967152
cancel,24999,,,1678967152
newOrder,19487,0,16146,1678967166
newOrder,20084,1,16146,1678967166
newOrder,11692,0,48868,1678967166
newOrder,24999,1,48868,1678967166
cancel,11692,,,1678967752
cancel,19487,,,1678967752
cancel,20084,,,1678967752
cancel,24999,,,1678967752
newOrder,19486,0,16149,1678967767
newOrder,20084,1,16149,1678967767
newOrder,11692,0,81725,1678967767
newOrder,24999,1,81725,1678967767
cancel,11692,,,1678968352
cancel,19486,,,1678968352
cancel,20084,,,1678968352
cancel,24999,,,1678968352
newOrder,19489,0,16151,1678968367
newOrder,20084,1,16151,1678968367
newOrder,11693,0,58510,1678968367
newOrder,24999,1,58510,1678968367