instruction,price,side,qty,time
cancel,11251,,,1682511390
cancel,18751,,,1682511390
cancel,19066,,,1682511390
cancel,24999,,,1682511390
newOrder,18751,0,14518,1682511422
newOrder,19066,1,14518,1682511422
newOrder,11251,0,78107,1682511422
newOrder,24999,1,78107,1682511422
cancel,11251,,,1682511989
cancel,18751,,,1682511989
cancel,19066,,,1682511989
cancel,24999,,,1682511989
newOrder,18751,0,14524,1682512023
newOrder,19066,1,14524,1682512023
newOrder,11601,0,34812,1682512023
newOrder,24957,1,34812,1682512023
cancel,11601,,,1682512590
cancel,18751,,,1682512590
cancel,19066,,,1682512590
cancel,24957,,,1682512590
newOrder,18751,0,14529,1682512621
newOrder,19066,1,14529,1682512621
newOrder,11251,0,53331,1682512621
newOrder,24999,1,53331,1682512621
cancel,11251,,,1682513190
cancel,18751,,,1682513190
cancel,19066,,,1682513190
cancel,24999,,,1682513190
newOrder,18751,0,14535,1682513219
newOrder,19066,1,14535,1682513219
newOrder,18001,0,11603,1682513219
newOrder,21887,1,11603,1682513219
cancel,18001,,,1682513789
cancel,18751,,,1682513789
cancel,19066,,,1682513789
cancel,21887,,,1682513789
newOrder,18751,0,14540,1682513821
newOrder,19066,1,14540,1682513821
newOrder,11251,0,46757,1682513821
newOrder,24999,1,46757,1682513821
cancel,11251,,,1682514391
cancel,18751,,,1682514391
cancel,19066,,,1682514391
cancel,24999,,,1682514391
newOrder,18751,0,14546,1682514420
newOrder,19066,1,14546,1682514420
newOrder,11251,0,50788,1682514420
newOrder,24999,1,50788,1682514420
cancel,11251,,,1682514990
cancel,18751,,,1682514990
cancel,19066,,,1682514990
cancel,24999,,,1682514990
newOrder,18751,0,14551,1682515022
newOrder,19066,1,14551,1682515022
newOrder,18001,0,10778,1682515022
newOrder,21887,1,10778,1682515022
cancel,18001,,,1682515589
cancel,18751,,,1682515589
cancel,19066,,,1682515589
cancel,21887,,,1682515589
newOrder,18751,0,14557,1682515621
newOrder,19066,1,14557,1682515621
newOrder,11251,0,56155,1682515621
newOrder,24999,1,56155,1682515621
cancel,11251,,,1682516190
cancel,18751,,,1682516190
cancel,19066,,,1682516190
cancel,24999,,,1682516190
newOrder,18751,0,14562,1682516221
newOrder,19066,1,14562,1682516221
newOrder,11251,0,49294,1682516221
newOrder,24999,1,49294,1682516221
cancel,11251,,,1682516790
cancel,18751,,,1682516790
cancel,19066,,,1682516790
cancel,24999,,,1682516790
newOrder,18751,0,14568,1682516821
newOrder,19066,1,14568,1682516821
newOrder,11604,0,21958,1682516821
newOrder,24957,1,21958,1682516821
cancel,11604,,,1682517391
cancel,18751,,,1682517391
cancel,19066,,,1682517391
cancel,24957,,,1682517391
newOrder,18754,0,14563,1682517421
newOrder,19066,1,14563,1682517421
newOrder,18001,0,11050,1682517421
newOrder,21887,1,11050,1682517421
cancel,18001,,,1682517990
cancel,18754,,,1682517990
cancel,19066,,,1682517990
cancel,21887,,,1682517990
newOrder,18613,0,14951,1682518020
newOrder,19066,1,14951,1682518020
newOrder,11168,0,53587,1682518020
newOrder,24999,1,53587,1682518020
cancel,11168,,,1682518590
cancel,18613,,,1682518590
cancel,19066,,,1682518590
cancel,24999,,,1682518590
newOrder,18639,0,14890,1682518629
newOrder,19066,1,14890,1682518629
newOrder,11184,0,58032,1682518629
newOrder,24999,1,58032,1682518629
cancel,11184,,,1682519190
cancel,18639,,,1682519190
cancel,19066,,,1682519190
cancel,24999,,,1682519190
newOrder,18639,0,14896,1682519222
newOrder,19066,1,14896,1682519222
newOrder,11184,0,73465,1682519222
newOrder,24999,1,73465,1682519222
cancel,11184,,,1682519790
cancel,18639,,,1682519790
cancel,19066,,,1682519790
cancel,24999,,,1682519790
newOrder,18639,0,14902,1682519820
newOrder,19066,1,14902,1682519820
newOrder,11604,0,15708,1682519820
newOrder,24957,1,15708,1682519820
cancel,11604,,,1682520390
cancel,18639,,,1682520390
cancel,19066,,,1682520390
cancel,24957,,,1682520390
newOrder,18639,0,14908,1682520420
newOrder,19066,1,14908,1682520420
newOrder,11604,0,18050,1682520420
newOrder,24957,1,18050,1682520420
cancel,11604,,,1682520990
cancel,18639,,,1682520990
cancel,19066,,,1682520990
cancel,24957,,,1682520990
newOrder,18533,0,15179,1682521043
newOrder,19066,1,15179,1682521043
newOrder,11604,0,26804,1682521043
newOrder,24957,1,26804,1682521043
cancel,11604,,,1682521590
cancel,18533,,,1682521590
cancel,19066,,,1682521590
cancel,24957,,,1682521590
newOrder,18533,0,15184,1682521646
newOrder,19066,1,15184,1682521646
newOrder,11120,0,62302,1682521646
newOrder,24999,1,62302,1682521646
cancel,11120,,,1682522190
cancel,18533,,,1682522190
cancel,19066,,,1682522190
cancel,24999,,,1682522190
newOrder,18528,0,15203,1682522245
newOrder,19066,1,15203,1682522245
newOrder,11117,0,64644,1682522245
newOrder,24999,1,64644,1682522245
cancel,11117,,,1682522790
cancel,18528,,,1682522790
cancel,19066,,,1682522790
cancel,24999,,,1682522790
newOrder,18557,0,15140,1682522846
newOrder,19066,1,15140,1682522846
newOrder,11134,0,50801,1682522846
newOrder,24999,1,50801,1682522846
cancel,11134,,,1682523390
cancel,18557,,,1682523390
cancel,19066,,,1682523390
cancel,24999,,,1682523390
newOrder,18528,0,15217,1682523444
newOrder,19066,1,15217,1682523444
newOrder,11604,0,17623,1682523444
newOrder,24957,1,17623,1682523444
cancel,11604,,,1682523990
cancel,18528,,,1682523990
cancel,19066,,,1682523990
cancel,24957,,,1682523990
newOrder,18525,0,15230,1682524044
newOrder,19066,1,15230,1682524044
newOrder,11115,0,80389,1682524044
newOrder,24999,1,80389,1682524044
cancel,11115,,,1682524591
cancel,18525,,,1682524591
cancel,19066,,,1682524591
cancel,24999,,,1682524591
newOrder,18525,0,15237,1682524646
newOrder,19066,1,15237,1682524646
newOrder,11115,0,63691,1682524646
newOrder,24999,1,63691,1682524646
cancel,11115,,,1682525190
cancel,18525,,,1682525190
cancel,19066,,,1682525190
cancel,24999,,,1682525190
newOrder,18557,0,15167,1682525246
newOrder,19066,1,15167,1682525246
newOrder,11134,0,75522,1682525246
newOrder,24999,1,75522,1682525246
cancel,11134,,,1682525790
cancel,18557,,,1682525790
cancel,19066,,,1682525790
cancel,24999,,,1682525790
newOrder,18514,0,15277,1682525845
newOrder,19066,1,15277,1682525845
newOrder,18001,0,12289,1682525845
newOrder,21887,1,12289,1682525845
cancel,18001,,,1682526390
cancel,18514,,,1682526390
cancel,19066,,,1682526390
cancel,21887,,,1682526390
newOrder,18620,0,15020,1682526421
newOrder,19066,1,15020,1682526421
newOrder,11172,0,45762,1682526421
newOrder,24999,1,45762,1682526421
cancel,11172,,,1682526990
cancel,18620,,,1682526990
cancel,19066,,,1682526990
cancel,24999,,,1682526990
newOrder,18620,0,15026,1682527020
newOrder,19066,1,15026,1682527020
newOrder,11172,0,75342,1682527020
newOrder,24999,1,75342,1682527020
cancel,11172,,,1682527590
cancel,18620,,,1682527590
cancel,19066,,,1682527590
cancel,24999,,,1682527590
newOrder,18620,0,15033,1682527620
newOrder,19066,1,15033,1682527620
newOrder,11172,0,64627,1682527620
newOrder,24999,1,64627,1682527620
cancel,11172,,,1682528190
cancel,18620,,,1682528190
cancel,19066,,,1682528190
cancel,24999,,,1682528190
newOrder,18620,0,15039,1682528232
newOrder,19066,1,15039,1682528232
newOrder,11172,0,75819,1682528232
newOrder,24999,1,75819,1682528232
cancel,11172,,,1682528790
cancel,18620,,,1682528790
cancel,19066,,,1682528790
cancel,24999,,,1682528790
newOrder,18510,0,15319,1682528842
newOrder,19066,1,15319,1682528842
newOrder,11106,0,63423,1682528842
newOrder,24999,1,63423,1682528842
cancel,11106,,,1682529390
cancel,18510,,,1682529390
cancel,19066,,,1682529390
cancel,24999,,,1682529390
newOrder,18620,0,15052,1682529421
newOrder,19066,1,15052,1682529421
newOrder,11172,0,57861,1682529421
newOrder,24999,1,57861,1682529421
cancel,11172,,,1682529990
cancel,18620,,,1682529990
cancel,19066,,,1682529990
cancel,24999,,,1682529990
newOrder,18620,0,15058,1682530021
newOrder,19066,1,15058,1682530021
newOrder,11604,0,21989,1682530021
newOrder,24957,1,21989,1682530021
cancel,11604,,,1682530590
cancel,18620,,,1682530590
cancel,19066,,,1682530590
cancel,24957,,,1682530590
newOrder,18620,0,15064,1682530620
newOrder,19066,1,15064,1682530620
newOrder,11604,0,31054,1682530620
newOrder,24957,1,31054,1682530620
cancel,11604,,,1682531190
cancel,18620,,,1682531190
cancel,19066,,,1682531190
cancel,24957,,,1682531190
newOrder,18586,0,15159,1682531222
newOrder,19066,1,15159,1682531222
newOrder,11604,0,30632,1682531222
newOrder,24957,1,30632,1682531222
cancel,11604,,,1682531790
cancel,18586,,,1682531790
cancel,19066,,,1682531790
cancel,24957,,,1682531790
newOrder,18586,0,15166,1682531820
newOrder,19066,1,15166,1682531820
newOrder,11286,0,42582,1682531820
newOrder,24999,1,42582,1682531820
cancel,11286,,,1682532390
cancel,18586,,,1682532390
cancel,19066,,,1682532390
cancel,24999,,,1682532390
newOrder,18586,0,15172,1682532420
newOrder,19066,1,15172,1682532420
newOrder,11604,0,26703,1682532420
newOrder,24957,1,26703,1682532420
cancel,11604,,,1682532990
cancel,18586,,,1682532990
cancel,19066,,,1682532990
cancel,24957,,,1682532990
newOrder,18586,0,15179,1682533021
newOrder,19066,1,15179,1682533021
newOrder,11152,0,71063,1682533021
newOrder,24999,1,71063,1682533021
cancel,11152,,,1682533590
cancel,18586,,,1682533590
cancel,19066,,,1682533590
cancel,24999,,,1682533590
newOrder,18586,0,15185,1682533622
newOrder,19066,1,15185,1682533622
newOrder,11286,0,42409,1682533622
newOrder,24999,1,42409,1682533622
cancel,11286,,,1682534190
cancel,18586,,,1682534190
cancel,19066,,,1682534190
cancel,24999,,,1682534190
newOrder,18586,0,15192,1682534221
newOrder,19066,1,15192,1682534221
newOrder,11152,0,45880,1682534221
newOrder,24999,1,45880,1682534221
cancel,11152,,,1682534791
cancel,18586,,,1682534791
cancel,19066,,,1682534791
cancel,24999,,,1682534791
newOrder,18488,0,15439,1682534821
newOrder,19066,1,15439,1682534821
newOrder,11093,0,44166,1682534821
newOrder,24999,1,44166,1682534821
cancel,11093,,,1682535390
cancel,18488,,,1682535390
cancel,19066,,,1682535390
cancel,24999,,,1682535390
newOrder,18378,0,15679,1682535421
newOrder,19066,1,15679,1682535421
newOrder,18001,0,12896,1682535421
newOrder,21887,1,12896,1682535421
cancel,18001,,,1682535991
cancel,18378,,,1682535991
cancel,19066,,,1682535991
cancel,21887,,,1682535991
newOrder,18224,0,15944,1682536023
newOrder,19066,1,15944,1682536023
newOrder,10934,0,67352,1682536023
newOrder,24999,1,67352,1682536023
cancel,10934,,,1682536590
cancel,18224,,,1682536590
cancel,19066,,,1682536590
cancel,24999,,,1682536590
newOrder,18224,0,15952,1682536621
newOrder,19066,1,15952,1682536621
newOrder,10934,0,61996,1682536621
newOrder,24999,1,61996,1682536621
cancel,10934,,,1682537190
cancel,18224,,,1682537190
cancel,19066,,,1682537190
cancel,24999,,,1682537190
newOrder,18224,0,15960,1682537221
newOrder,19066,1,15960,1682537221
newOrder,11604,0,30622,1682537221
newOrder,24957,1,30622,1682537221
cancel,11604,,,1682537790
cancel,18224,,,1682537790
cancel,19066,,,1682537790
cancel,24957,,,1682537790
newOrder,18224,0,15968,1682537824
newOrder,19066,1,15968,1682537824
newOrder,11286,0,40897,1682537824
newOrder,24957,1,40897,1682537824
cancel,11286,,,1682538391
cancel,18224,,,1682538391
cancel,19066,,,1682538391
cancel,24957,,,1682538391
newOrder,18155,0,16063,1682538421
newOrder,19066,1,16063,1682538421
newOrder,11604,0,32365,1682538421
newOrder,24957,1,32365,1682538421
cancel,11604,,,1682538990
cancel,18155,,,1682538990
cancel,19066,,,1682538990
cancel,24957,,,1682538990
newOrder,18155,0,16072,1682539023
newOrder,19066,1,16072,1682539023
newOrder,10893,0,48772,1682539023
newOrder,24999,1,48772,1682539023
cancel,10893,,,1682539800
cancel,18155,,,1682539800
cancel,19066,,,1682539800
cancel,24999,,,1682539800
newOrder,18151,0,16087,1682539834
newOrder,19066,1,16087,1682539834
newOrder,11604,0,30925,1682539834
newOrder,24957,1,30925,1682539834
cancel,11604,,,1682540431
cancel,18151,,,1682540431
cancel,19066,,,1682540431
cancel,24957,,,1682540431
newOrder,18181,0,16060,1682540463
newOrder,19066,1,16060,1682540463
newOrder,10909,0,79775,1682540463
newOrder,24999,1,79775,1682540463
cancel,10909,,,1682541031
cancel,18181,,,1682541031
cancel,19066,,,1682541031
cancel,24999,,,1682541031
newOrder,18181,0,16068,1682541062
newOrder,19066,1,16068,1682541062
newOrder,10909,0,51107,1682541062
newOrder,24999,1,51107,1682541062
cancel,10909,,,1682541631
cancel,18181,,,1682541631
cancel,19066,,,1682541631
cancel,24999,,,1682541631
newOrder,18181,0,16077,1682541662
newOrder,19066,1,16077,1682541662
newOrder,11286,0,42534,1682541662
newOrder,24999,1,42534,1682541662
cancel,11286,,,1682542230
cancel,18181,,,1682542230
cancel,19066,,,1682542230
cancel,24999,,,1682542230
newOrder,18181,0,16085,1682542263
newOrder,19066,1,16085,1682542263
newOrder,11604,0,25180,1682542263
newOrder,24957,1,25180,1682542263
cancel,11604,,,1682542831
cancel,18181,,,1682542831
cancel,19066,,,1682542831
cancel,24957,,,1682542831
newOrder,18181,0,16093,1682542863
newOrder,19066,1,16093,1682542863
newOrder,10909,0,48864,1682542863
newOrder,24999,1,48864,1682542863
cancel,10909,,,1682543430
cancel,18181,,,1682543430
cancel,19066,,,1682543430
cancel,24999,,,1682543430
newOrder,18181,0,16101,1682543462
newOrder,19066,1,16101,1682543462
newOrder,10909,0,54909,1682543462
newOrder,24999,1,54909,1682543462
cancel,10909,,,1682544031
cancel,18181,,,1682544031
cancel,19066,,,1682544031
cancel,24999,,,1682544031
newOrder,18181,0,16110,1682544063
newOrder,19066,1,16110,1682544063
newOrder,11604,0,26929,1682544063
newOrder,24957,1,26929,1682544063
cancel,11604,,,1682544631
cancel,18181,,,1682544631
cancel,19066,,,1682544631
cancel,24957,,,1682544631
newOrder,18181,0,16118,1682544662
newOrder,19066,1,16118,1682544662
newOrder,11604,0,21961,1682544662
newOrder,24957,1,21961,1682544662
cancel,11604,,,1682545231
cancel,18181,,,1682545231
cancel,19066,,,1682545231
cancel,24957,,,1682545231
newOrder,18181,0,16126,1682545261
newOrder,19066,1,16126,1682545261
newOrder,10909,0,76060,1682545261
newOrder,24999,1,76060,1682545261
cancel,10909,,,1682545830
cancel,18181,,,1682545830
cancel,19066,,,1682545830
cancel,24999,,,1682545830
newOrder,18181,0,16135,1682545861
newOrder,19066,1,16135,1682545861
newOrder,10909,0,55379,1682545861
newOrder,24999,1,55379,1682545861
cancel,10909,,,1682546431
cancel,18181,,,1682546431
cancel,19066,,,1682546431
cancel,24999,,,1682546431
newOrder,18181,0,16143,1682546466
newOrder,19066,1,16143,1682546466
newOrder,11506,0,38664,1682546466
newOrder,24957,1,38664,1682546466
cancel,11506,,,1682547031
cancel,18181,,,1682547031
cancel,19066,,,1682547031
cancel,24957,,,1682547031
newOrder,18181,0,16151,1682547064
newOrder,19066,1,16151,1682547064
newOrder,18001,0,11448,1682547064
newOrder,21887,1,11448,1682547064
cancel,18001,,,1682547631
cancel,18181,,,1682547631
cancel,19066,,,1682547631
cancel,21887,,,1682547631
newOrder,18181,0,16160,1682547661
newOrder,19066,1,16160,1682547661
newOrder,11604,0,33601,1682547661
newOrder,24957,1,33601,1682547661
cancel,11604,,,1682548231
cancel,18181,,,1682548231
cancel,19066,,,1682548231
cancel,24957,,,1682548231
newOrder,18181,0,16168,1682548263
newOrder,19066,1,16168,1682548263
newOrder,11604,0,34179,1682548263
newOrder,24957,1,34179,1682548263
cancel,11604,,,1682548831
cancel,18181,,,1682548831
cancel,19066,,,1682548831
cancel,24957,,,1682548831
newOrder,18181,0,16177,1682548860
newOrder,19066,1,16177,1682548860
newOrder,11286,0,39418,1682548860
newOrder,24957,1,39418,1682548860
cancel,11286,,,1682549431
cancel,18181,,,1682549431
cancel,19066,,,1682549431
cancel,24957,,,1682549431
newOrder,18181,0,16185,1682549461
newOrder,19066,1,16185,1682549461
newOrder,10909,0,45495,1682549461
newOrder,24999,1,45495,1682549461
cancel,10909,,,1682550031
cancel,18181,,,1682550031
cancel,19066,,,1682550031
cancel,24999,,,1682550031
newOrder,18181,0,16194,1682550061
newOrder,19066,1,16194,1682550061
newOrder,10909,0,65979,1682550061
newOrder,24999,1,65979,1682550061
cancel,10909,,,1682550630
cancel,18181,,,1682550630
cancel,19066,,,1682550630
cancel,24999,,,1682550630
newOrder,18181,0,16202,1682550662
newOrder,19066,1,16202,1682550662
newOrder,10909,0,82581,1682550662
newOrder,24999,1,82581,1682550662
cancel,10909,,,1682551231
cancel,18181,,,1682551231
cancel,19066,,,1682551231
cancel,24999,,,1682551231
newOrder,18181,0,16211,1682551262
newOrder,19066,1,16211,1682551262
newOrder,10909,0,63002,1682551262
newOrder,24999,1,63002,1682551262
cancel,10909,,,1682551831
cancel,18181,,,1682551831
cancel,19066,,,1682551831
cancel,24999,,,1682551831
newOrder,18181,0,16219,1682551862
newOrder,19066,1,16219,1682551862
newOrder,11604,0,35748,1682551862
newOrder,24957,1,35748,1682551862
cancel,11604,,,1682552431
cancel,18181,,,1682552431
cancel,19066,,,1682552431
cancel,24957,,,1682552431
newOrder,18181,0,16228,1682552461
newOrder,19066,1,16228,1682552461
newOrder,11604,0,28702,1682552461
newOrder,24957,1,28702,1682552461
cancel,11604,,,1682553031
cancel,18181,,,1682553031
cancel,19066,,,1682553031
cancel,24957,,,1682553031
newOrder,18181,0,16236,1682553061
newOrder,19066,1,16236,1682553061
newOrder,11604,0,20052,1682553061
newOrder,24957,1,20052,1682553061
cancel,11604,,,1682553631
cancel,18181,,,1682553631
cancel,19066,,,1682553631
cancel,24957,,,1682553631
newOrder,18181,0,16245,1682553662
newOrder,19066,1,16245,1682553662
newOrder,10909,0,75436,1682553662
newOrder,24999,1,75436,1682553662
cancel,10909,,,1682554231
cancel,18181,,,1682554231
cancel,19066,,,1682554231
cancel,24999,,,1682554231
newOrder,18181,0,16254,1682554262
newOrder,19066,1,16254,1682554262
newOrder,10909,0,55842,1682554262
newOrder,24999,1,55842,1682554262
cancel,10909,,,1682554832
cancel,18181,,,1682554832
cancel,19066,,,1682554832
cancel,24999,,,1682554832
newOrder,18181,0,16262,1682554866
newOrder,19066,1,16262,1682554866
newOrder,11604,0,23347,1682554866
newOrder,24957,1,23347,1682554866
cancel,11604,,,1682555432
cancel,18181,,,1682555432
cancel,19066,,,1682555432
cancel,24957,,,1682555432
newOrder,18181,0,16271,1682555462
newOrder,19066,1,16271,1682555462
newOrder,11286,0,39778,1682555462
newOrder,24957,1,39778,1682555462
cancel,11286,,,1682556031
cancel,18181,,,1682556031
cancel,19066,,,1682556031
cancel,24957,,,1682556031
newOrder,18181,0,16280,1682556061
newOrder,19066,1,16280,1682556061
newOrder,18001,0,14401,1682556061
newOrder,21887,1,14401,1682556061
cancel,18001,,,1682556631
cancel,18181,,,1682556631
cancel,19066,,,1682556631
cancel,21887,,,1682556631
newOrder,18181,0,16288,1682556662
newOrder,19066,1,16288,1682556662
newOrder,10909,0,55224,1682556662
newOrder,24999,1,55224,1682556662
cancel,10909,,,1682557231
cancel,18181,,,1682557231
cancel,19066,,,1682557231
cancel,24999,,,1682557231
newOrder,18217,0,16247,1682557261
newOrder,19066,1,16247,1682557261
newOrder,10930,0,49895,1682557261
newOrder,24999,1,49895,1682557261
cancel,10930,,,1682557831
cancel,18217,,,1682557831
cancel,19066,,,1682557831
cancel,24999,,,1682557831
newOrder,18217,0,16256,1682557861
newOrder,19066,1,16256,1682557861
newOrder,11604,0,28769,1682557861
newOrder,24957,1,28769,1682557861
cancel,11604,,,1682558431
cancel,18217,,,1682558431
cancel,19066,,,1682558431
cancel,24957,,,1682558431
newOrder,18217,0,16264,1682558462
newOrder,19066,1,16264,1682558462
newOrder,12001,0,16661,1682558462
newOrder,21999,1,16661,1682558462
cancel,12001,,,1682559031
cancel,18217,,,1682559031
cancel,19066,,,1682559031
cancel,21999,,,1682559031
newOrder,18217,0,16273,1682559061
newOrder,19066,1,16273,1682559061
newOrder,10930,0,48175,1682559061
newOrder,24999,1,48175,1682559061
cancel,10930,,,1682559631
cancel,18217,,,1682559631
cancel,19066,,,1682559631
cancel,24999,,,1682559631
newOrder,18217,0,16282,1682559660
newOrder,19066,1,16282,1682559660
newOrder,11286,0,40080,1682559660
newOrder,24957,1,40080,1682559660
cancel,11286,,,1682560232
cancel,18217,,,1682560232
cancel,19066,,,1682560232
cancel,24957,,,1682560232
newOrder,18217,0,16290,1682560264
newOrder,19066,1,16290,1682560264
newOrder,11506,0,37726,1682560264
newOrder,24957,1,37726,1682560264
cancel,11506,,,1682560831
cancel,18217,,,1682560831
cancel,19066,,,1682560831
cancel,24957,,,1682560831
newOrder,18217,0,16299,1682560861
newOrder,19066,1,16299,1682560861
newOrder,10930,0,65654,1682560861
newOrder,24999,1,65654,1682560861
cancel,10930,,,1682561431
cancel,18217,,,1682561431
cancel,19066,,,1682561431
cancel,24999,,,1682561431
newOrder,18217,0,16308,1682561462
newOrder,19066,1,16308,1682561462
newOrder,10930,0,71002,1682561462
newOrder,24999,1,71002,1682561462
cancel,10930,,,1682562031
cancel,18217,,,1682562031
cancel,19066,,,1682562031
cancel,24999,,,1682562031
newOrder,18217,0,16317,1682562061
newOrder,19066,1,16317,1682562061
newOrder,10930,0,68032,1682562061
newOrder,24999,1,68032,1682562061
cancel,10930,,,1682562631
cancel,18217,,,1682562631
cancel,19066,,,1682562631
cancel,24999,,,1682562631
newOrder,18217,0,16325,1682562662
newOrder,19066,1,16325,1682562662
newOrder,10930,0,65999,1682562662
newOrder,24999,1,65999,1682562662
cancel,10930,,,1682563231
cancel,18217,,,1682563231
cancel,19066,,,1682563231
cancel,24999,,,1682563231
newOrder,18217,0,16334,1682563261
newOrder,19066,1,16334,1682563261
newOrder,11286,0,43044,1682563261
newOrder,24999,1,43044,1682563261
cancel,11286,,,1682563831
cancel,18217,,,1682563831
cancel,19066,,,1682563831
cancel,24999,,,1682563831
newOrder,18217,0,16343,1682563863
newOrder,19066,1,16343,1682563863
newOrder,11286,0,39510,1682563863
newOrder,24957,1,39510,1682563863
cancel,11286,,,1682564430
cancel,18217,,,1682564430
cancel,19066,,,1682564430
cancel,24957,,,1682564430
newOrder,18217,0,16352,1682564461
newOrder,19066,1,16352,1682564461
newOrder,10930,0,72341,1682564461
newOrder,24999,1,72341,1682564461
cancel,10930,,,1682565031
cancel,18217,,,1682565031
cancel,19066,,,1682565031
cancel,24999,,,1682565031
newOrder,18217,0,16361,1682565062
newOrder,19066,1,16361,1682565062
newOrder,11604,0,24704,1682565062
newOrder,24957,1,24704,1682565062
cancel,11604,,,1682565631
cancel,18217,,,1682565631
cancel,19066,,,1682565631
cancel,24957,,,1682565631
newOrder,18217,0,16370,1682565662
newOrder,19066,1,16370,1682565662
newOrder,10930,0,82674,1682565662
newOrder,24999,1,82674,1682565662
cancel,10930,,,1682566231
cancel,18217,,,1682566231
cancel,19066,,,1682566231
cancel,24999,,,1682566231
newOrder,18217,0,16378,1682566262
newOrder,19066,1,16378,1682566262
newOrder,11604,0,34978,1682566262
newOrder,24957,1,34978,1682566262
cancel,11604,,,1682566831
cancel,18217,,,1682566831
cancel,19066,,,1682566831
cancel,24957,,,1682566831
newOrder,18217,0,16387,1682566863
newOrder,19066,1,16387,1682566863
newOrder,10930,0,76266,1682566863
newOrder,24999,1,76266,1682566863
cancel,10930,,,1682567431
cancel,18217,,,1682567431
cancel,19066,,,1682567431
cancel,24999,,,1682567431
newOrder,18217,0,16396,1682567461
newOrder,19066,1,16396,1682567461
newOrder,11604,0,20059,1682567461
newOrder,24957,1,20059,1682567461
cancel,11604,,,1682568031
cancel,18217,,,1682568031
cancel,19066,,,1682568031
cancel,24957,,,1682568031
newOrder,18217,0,16405,1682568061
newOrder,19066,1,16405,1682568061
newOrder,10930,0,51823,1682568061
newOrder,24999,1,51823,1682568061
cancel,10930,,,1682568630
cancel,18217,,,1682568630
cancel,19066,,,1682568630
cancel,24999,,,1682568630
newOrder,18217,0,16414,1682568662
newOrder,19066,1,16414,1682568662
newOrder,11604,0,20073,1682568662
newOrder,24957,1,20073,1682568662
cancel,11604,,,1682569231
cancel,18217,,,1682569231
cancel,19066,,,1682569231
cancel,24957,,,1682569231
newOrder,18217,0,16423,1682569261
newOrder,19066,1,16423,1682569261
newOrder,11604,0,30598,1682569261
newOrder,24957,1,30598,1682569261
cancel,11604,,,1682569831
cancel,18217,,,1682569831
cancel,19066,,,1682569831
cancel,24957,,,1682569831
newOrder,18217,0,16432,1682569862
newOrder,19066,1,16432,1682569862
newOrder,10930,0,62020,1682569862
newOrder,24999,1,62020,1682569862
cancel,10930,,,1682570431
cancel,18217,,,1682570431
cancel,19066,,,1682570431
cancel,24999,,,1682570431
newOrder,18217,0,16441,1682570462
newOrder,19066,1,16441,1682570462
newOrder,11604,0,19284,1682570462
newOrder,24957,1,19284,1682570462
cancel,11604,,,1682571031
cancel,18217,,,1682571031
cancel,19066,,,1682571031
cancel,24957,,,1682571031
newOrder,18217,0,16450,1682571062
newOrder,19066,1,16450,1682571062
newOrder,18001,0,11556,1682571062
newOrder,21887,1,11556,1682571062
cancel,18001,,,1682571631
cancel,18217,,,1682571631
cancel,19066,,,1682571631
cancel,21887,,,1682571631
newOrder,18217,0,16459,1682571662
newOrder,19066,1,16459,1682571662
newOrder,10930,0,48334,1682571662
newOrder,24999,1,48334,1682571662
cancel,10930,,,1682572231
cancel,18217,,,1682572231
cancel,19066,,,1682572231
cancel,24999,,,1682572231
newOrder,18217,0,16468,1682572261
newOrder,19066,1,16468,1682572261
newOrder,10930,0,72600,1682572261
newOrder,24999,1,72600,1682572261
cancel,10930,,,1682572831
cancel,18217,,,1682572831
cancel,19066,,,1682572831
cancel,24999,,,1682572831
newOrder,18217,0,16478,1682572861
newOrder,19066,1,16478,1682572861
newOrder,11604,0,31051,1682572861
newOrder,24957,1,31051,1682572861
cancel,11604,,,1682573431
cancel,18217,,,1682573431
cancel,19066,,,1682573431
cancel,24957,,,1682573431
newOrder,18217,0,16487,1682573462
newOrder,19066,1,16487,1682573462
newOrder,10930,0,77933,1682573462
newOrder,24999,1,77933,1682573462
cancel,10930,,,1682574030
cancel,18217,,,1682574030
cancel,19066,,,1682574030
cancel,24999,,,1682574030
newOrder,18217,0,16496,1682574062
newOrder,19066,1,16496,1682574062
newOrder,12001,0,18867,1682574062
newOrder,24957,1,18867,1682574062
cancel,12001,,,1682574631
cancel,18217,,,1682574631
cancel,19066,,,1682574631
cancel,24957,,,1682574631
newOrder,18253,0,16446,1682574662
newOrder,19066,1,16446,1682574662
newOrder,10952,0,84378,1682574662
newOrder,24999,1,84378,1682574662
cancel,10952,,,1682575231
cancel,18253,,,1682575231
cancel,19066,,,1682575231
cancel,24999,,,1682575231
newOrder,18253,0,16455,1682575262
newOrder,19066,1,16455,1682575262
newOrder,10952,0,83990,1682575262
newOrder,24999,1,83990,1682575262
cancel,10952,,,1682575831
cancel,18253,,,1682575831
cancel,19066,,,1682575831
cancel,24999,,,1682575831
newOrder,18253,0,16465,1682575860
newOrder,19066,1,16465,1682575860
newOrder,10952,0,57111,1682575860
newOrder,24999,1,57111,1682575860
cancel,10952,,,1682576431
cancel,18253,,,1682576431
cancel,19066,,,1682576431
cancel,24999,,,1682576431
newOrder,18253,0,16474,1682576461
newOrder,19066,1,16474,1682576461
newOrder,11604,0,35816,1682576461
newOrder,24957,1,35816,1682576461
cancel,11604,,,1682577030
cancel,18253,,,1682577030
cancel,19066,,,1682577030
cancel,24957,,,1682577030
newOrder,18253,0,16483,1682577062
newOrder,19066,1,16483,1682577062
newOrder,10952,0,55418,1682577062
newOrder,24999,1,55418,1682577062
cancel,10952,,,1682577631
cancel,18253,,,1682577631
cancel,19066,,,1682577631
cancel,24999,,,1682577631
newOrder,18253,0,16492,1682577661
newOrder,19066,1,16492,1682577661
newOrder,10952,0,56760,1682577661
newOrder,24999,1,56760,1682577661
cancel,10952,,,1682578231
cancel,18253,,,1682578231
cancel,19066,,,1682578231
cancel,24999,,,1682578231
newOrder,18253,0,16501,1682578262
newOrder,19066,1,16501,1682578262
newOrder,11604,0,37091,1682578262
newOrder,24957,1,37091,1682578262
cancel,11604,,,1682578832
cancel,18253,,,1682578832
cancel,19066,,,1682578832
cancel,24957,,,1682578832
newOrder,18253,0,16510,1682578861
newOrder,19066,1,16510,1682578861
newOrder,10952,0,83867,1682578861
newOrder,24999,1,83867,1682578861
cancel,10952,,,1682579431
cancel,18253,,,1682579431
cancel,19066,,,1682579431
cancel,24999,,,1682579431
newOrder,18253,0,16519,1682579460
newOrder,19066,1,16519,1682579460
newOrder,11604,0,24278,1682579460
newOrder,24957,1,24278,1682579460
cancel,11604,,,1682580032
cancel,18253,,,1682580032
cancel,19066,,,1682580032
cancel,24957,,,1682580032
newOrder,18253,0,16529,1682580063
newOrder,19066,1,16529,1682580063
newOrder,11604,0,23079,1682580063
newOrder,24957,1,23079,1682580063
cancel,11604,,,1682580631
cancel,18253,,,1682580631
cancel,19066,,,1682580631
cancel,24957,,,1682580631
newOrder,18253,0,16538,1682580663
newOrder,19066,1,16538,1682580663
newOrder,10952,0,84657,1682580663
newOrder,24999,1,84657,1682580663
cancel,10952,,,1682581231
cancel,18253,,,1682581231
cancel,19066,,,1682581231
cancel,24999,,,1682581231
newOrder,18253,0,16547,1682581260
newOrder,19066,1,16547,1682581260
newOrder,10952,0,46963,1682581260
newOrder,24999,1,46963,1682581260
cancel,10952,,,1682581831
cancel,18253,,,1682581831
cancel,19066,,,1682581831
cancel,24999,,,1682581831
newOrder,18253,0,16557,1682581861
newOrder,19066,1,16557,1682581861
newOrder,10952,0,78840,1682581861
newOrder,24999,1,78840,1682581861
cancel,10952,,,1682582431
cancel,18253,,,1682582431
cancel,19066,,,1682582431
cancel,24999,,,1682582431
newOrder,18253,0,16566,1682582463
newOrder,19066,1,16566,1682582463
newOrder,11604,0,28727,1682582463
newOrder,24957,1,28727,1682582463
cancel,11604,,,1682583031
cancel,18253,,,1682583031
cancel,19066,,,1682583031
cancel,24957,,,1682583031
newOrder,18253,0,16575,1682583061
newOrder,19066,1,16575,1682583061
newOrder,18001,0,15054,1682583061
newOrder,21887,1,15054,1682583061
cancel,18001,,,1682583629
cancel,18253,,,1682583629
cancel,19066,,,1682583629
cancel,21887,,,1682583629
newOrder,18254,0,16583,1682583664
newOrder,19066,1,16583,1682583664
newOrder,10953,0,88831,1682583664
newOrder,24999,1,88831,1682583664
cancel,10953,,,1682584231
cancel,18254,,,1682584231
cancel,19066,,,1682584231
cancel,24999,,,1682584231
newOrder,18254,0,16592,1682584262
newOrder,19066,1,16592,1682584262
newOrder,10953,0,65895,1682584262
newOrder,24999,1,65895,1682584262
cancel,10953,,,1682584831
cancel,18254,,,1682584831
cancel,19066,,,1682584831
cancel,24999,,,1682584831
newOrder,18254,0,16602,1682584861
newOrder,19066,1,16602,1682584861
newOrder,10953,0,55689,1682584861
newOrder,24999,1,55689,1682584861
cancel,10953,,,1682585431
cancel,18254,,,1682585431
cancel,19066,,,1682585431
cancel,24999,,,1682585431
newOrder,18254,0,16611,1682585461
newOrder,19066,1,16611,1682585461
newOrder,10953,0,60491,1682585461
newOrder,24999,1,60491,1682585461
cancel,10953,,,1682586031
cancel,18254,,,1682586031
cancel,19066,,,1682586031
cancel,24999,,,1682586031
newOrder,18254,0,16621,1682586063
newOrder,19066,1,16621,1682586063
newOrder,10953,0,59290,1682586063
newOrder,24999,1,59290,1682586063
cancel,10953,,,1682586631
cancel,18254,,,1682586631
cancel,19066,,,1682586631
cancel,24999,,,1682586631
newOrder,18254,0,16630,1682586662
newOrder,19066,1,16630,1682586662
newOrder,18001,0,10994,1682586662
newOrder,21887,1,10994,1682586662
cancel,18001,,,1682587231
cancel,18254,,,1682587231
cancel,19066,,,1682587231
cancel,21887,,,1682587231
newOrder,18227,0,16687,1682587262
newOrder,19066,1,16687,1682587262
newOrder,10936,0,62205,1682587262
newOrder,24999,1,62205,1682587262
cancel,10936,,,1682587831
cancel,18227,,,1682587831
cancel,19066,,,1682587831
cancel,24999,,,1682587831
newOrder,18227,0,16697,1682587862
newOrder,19066,1,16697,1682587862
newOrder,18001,0,12957,1682587862
newOrder,21887,1,12957,1682587862
cancel,18001,,,1682588431
cancel,18227,,,1682588431
cancel,19066,,,1682588431
cancel,21887,,,1682588431
newOrder,18227,0,16706,1682588462
newOrder,19066,1,16706,1682588462
newOrder,18001,0,15648,1682588462
newOrder,21887,1,15648,1682588462
cancel,18001,,,1682589031
cancel,18227,,,1682589031
cancel,19066,,,1682589031
cancel,21887,,,1682589031
newOrder,18227,0,16716,1682589060
newOrder,19066,1,16716,1682589060
newOrder,10936,0,78409,1682589060
newOrder,24999,1,78409,1682589060
cancel,10936,,,1682589630
cancel,18227,,,1682589630
cancel,19066,,,1682589630
cancel,24999,,,1682589630
newOrder,18227,0,16726,1682589661
newOrder,19066,1,16726,1682589661
newOrder,11604,0,24691,1682589661
newOrder,24957,1,24691,1682589661
cancel,11604,,,1682590231
cancel,18227,,,1682590231
cancel,19066,,,1682590231
cancel,24957,,,1682590231
newOrder,18225,0,16737,1682590261
newOrder,19066,1,16737,1682590261
newOrder,10935,0,54454,1682590261
newOrder,24999,1,54454,1682590261
cancel,10935,,,1682590831
cancel,18225,,,1682590831
cancel,19066,,,1682590831
cancel,24999,,,1682590831
newOrder,18225,0,16747,1682590862
newOrder,19066,1,16747,1682590862
newOrder,11604,0,30611,1682590862
newOrder,24957,1,30611,1682590862
cancel,11604,,,1682591431
cancel,18225,,,1682591431
cancel,19066,,,1682591431
cancel,24957,,,1682591431
newOrder,18225,0,16757,1682591462
newOrder,19066,1,16757,1682591462
newOrder,12001,0,17632,1682591462
newOrder,24957,1,17632,1682591462
cancel,12001,,,1682592030
cancel,18225,,,1682592030
cancel,19066,,,1682592030
cancel,24957,,,1682592030
newOrder,18225,0,16767,1682592060
newOrder,19066,1,16767,1682592060
newOrder,10935,0,85774,1682592060
newOrder,24999,1,85774,1682592060
cancel,10935,,,1682592631
cancel,18225,,,1682592631
cancel,19066,,,1682592631
cancel,24999,,,1682592631
newOrder,18225,0,16776,1682592662
newOrder,19066,1,16776,1682592662
newOrder,11604,0,19450,1682592662
newOrder,24957,1,19450,1682592662
cancel,11604,,,1682593231
cancel,18225,,,1682593231
cancel,19066,,,1682593231
cancel,24957,,,1682593231
newOrder,18225,0,16786,1682593261
newOrder,19066,1,16786,1682593261
newOrder,11604,0,36291,1682593261
newOrder,24957,1,36291,1682593261
cancel,11604,,,1682593831
cancel,18225,,,1682593831
cancel,19066,,,1682593831
cancel,24957,,,1682593831
newOrder,18225,0,16796,1682593860
newOrder,19066,1,16796,1682593860
newOrder,11286,0,40422,1682593860
newOrder,24957,1,40422,1682593860
cancel,11286,,,1682594431
cancel,18225,,,1682594431
cancel,19066,,,1682594431
cancel,24957,,,1682594431
newOrder,18225,0,16806,1682594462
newOrder,19066,1,16806,1682594462
newOrder,12001,0,17316,1682594462
newOrder,24957,1,17316,1682594462
cancel,12001,,,1682595031
cancel,18225,,,1682595031
cancel,19066,,,1682595031
cancel,24957,,,1682595031
newOrder,18225,0,16816,1682595064
newOrder,19066,1,16816,1682595064
newOrder,10935,0,56215,1682595064
newOrder,24999,1,56215,1682595064
cancel,10935,,,1682595631
cancel,18225,,,1682595631
cancel,19066,,,1682595631
cancel,24999,,,1682595631
newOrder,18225,0,16826,1682595662
newOrder,19066,1,16826,1682595662
newOrder,11604,0,32232,1682595662
newOrder,24957,1,32232,1682595662
cancel,11604,,,1682596231
cancel,18225,,,1682596231
cancel,19066,,,1682596231
cancel,24957,,,1682596231
newOrder,18225,0,16836,1682596261
newOrder,19066,1,16836,1682596261
newOrder,11604,0,36898,1682596261
newOrder,24957,1,36898,1682596261
cancel,11604,,,1682596831
cancel,18225,,,1682596831
cancel,19066,,,1682596831
cancel,24957,,,1682596831
newOrder,18225,0,16846,1682596862
newOrder,19066,1,16846,1682596862
newOrder,10935,0,47685,1682596862
newOrder,24999,1,47685,1682596862