instruction,price,side,qty,time
cancel,12137,,,1683980154
cancel,16776,,,1683980154
cancel,19066,,,1683980154
newOrder,16776,0,8222,1683980183
newOrder,19066,1,8222,1683980183
newOrder,10066,0,39671,1683980183
newOrder,24999,1,39671,1683980183
cancel,10066,,,1683980753
cancel,16776,,,1683980753
cancel,19066,,,1683980753
cancel,24999,,,1683980753
newOrder,17726,0,9077,1683980782
newOrder,19066,1,9077,1683980782
newOrder,12137,0,14295,1683980782
newOrder,24957,1,14295,1683980782
cancel,12137,,,1683981354
cancel,17726,,,1683981354
cancel,19066,,,1683981354
cancel,24957,,,1683981354
newOrder,17614,0,9011,1683981382
newOrder,19066,1,9011,1683981382
newOrder,10568,0,42310,1683981382
newOrder,24999,1,42310,1683981382
cancel,10568,,,1683981954
cancel,17614,,,1683981954
cancel,19066,,,1683981954
cancel,24999,,,1683981954
newOrder,17614,0,9012,1683981984
newOrder,19066,1,9012,1683981984
newOrder,10568,0,43838,1683981984
newOrder,24999,1,43838,1683981984
cancel,10568,,,1683982554
cancel,17614,,,1683982554
cancel,19066,,,1683982554
cancel,24999,,,1683982554
newOrder,17614,0,9014,1683982582
newOrder,19066,1,9014,1683982582
newOrder,12129,0,24895,1683982582
newOrder,24957,1,24895,1683982582
cancel,12129,,,1683983154
cancel,17614,,,1683983154
cancel,19066,,,1683983154
cancel,24957,,,1683983154
newOrder,17927,0,9179,1683983186
newOrder,19066,1,9179,1683983186
newOrder,10756,0,32760,1683983186
newOrder,24957,1,32760,1683983186
cancel,10756,,,1683983754
cancel,17927,,,1683983754
cancel,19066,,,1683983754
cancel,24957,,,1683983754
newOrder,17953,0,9191,1683983783
newOrder,19066,1,9191,1683983783
newOrder,12137,0,22400,1683983783
newOrder,24957,1,22400,1683983783
cancel,12137,,,1683984354
cancel,17953,,,1683984354
cancel,19066,,,1683984354
cancel,24957,,,1683984354
newOrder,17953,0,9193,1683984383
newOrder,19066,1,9193,1683984383
newOrder,10772,0,38097,1683984383
newOrder,24999,1,38097,1683984383
cancel,10772,,,1683984955
cancel,17953,,,1683984955
cancel,19066,,,1683984955
cancel,24999,,,1683984955
newOrder,17953,0,9194,1683984984
newOrder,19066,1,9194,1683984984
newOrder,10772,0,37671,1683984984
newOrder,24999,1,37671,1683984984
cancel,10772,,,1683985553
cancel,17953,,,1683985553
cancel,19066,,,1683985553
cancel,24999,,,1683985553
newOrder,17953,0,9196,1683985581
newOrder,19066,1,9196,1683985581
newOrder,10772,0,33243,1683985581
newOrder,24957,1,33243,1683985581
cancel,10772,,,1683986154
cancel,17953,,,1683986154
cancel,19066,,,1683986154
cancel,24957,,,1683986154
newOrder,17953,0,9197,1683986181
newOrder,19066,1,9197,1683986181
newOrder,10772,0,49449,1683986181
newOrder,24999,1,49449,1683986181
cancel,10772,,,1683986754
cancel,17953,,,1683986754
cancel,19066,,,1683986754
cancel,24999,,,1683986754
newOrder,17953,0,9198,1683986781
newOrder,19066,1,9198,1683986781
newOrder,12137,0,7601,1683986781
cancel,12137,,,1683987354
cancel,17953,,,1683987354
cancel,19066,,,1683987354
newOrder,17953,0,9200,1683987382
newOrder,19066,1,9200,1683987382
newOrder,10772,0,37466,1683987382
newOrder,24999,1,37466,1683987382
cancel,10772,,,1683987954
cancel,17953,,,1683987954
cancel,19066,,,1683987954
cancel,24999,,,1683987954
newOrder,17953,0,9201,1683987984
newOrder,19066,1,9201,1683987984
newOrder,12137,0,10411,1683987984
newOrder,24957,1,10411,1683987984
cancel,12137,,,1683988553
cancel,17953,,,1683988553
cancel,19066,,,1683988553
cancel,24957,,,1683988553
newOrder,17953,0,9203,1683988579
newOrder,19066,1,9203,1683988579
newOrder,12137,0,7942,1683988579
cancel,12137,,,1683989153
cancel,17953,,,1683989153
cancel,19066,,,1683989153
newOrder,17953,0,9204,1683989182
newOrder,19066,1,9204,1683989182
newOrder,12137,0,22576,1683989182
newOrder,24957,1,22576,1683989182
cancel,12137,,,1683989754
cancel,17953,,,1683989754
cancel,19066,,,1683989754
cancel,24957,,,1683989754
newOrder,17953,0,9205,1683989782
newOrder,19066,1,9205,1683989782
newOrder,12137,0,9194,1683989782
cancel,12137,,,1683990353
cancel,17953,,,1683990353
cancel,19066,,,1683990353
newOrder,17953,0,9207,1683990381
newOrder,19066,1,9207,1683990381
newOrder,12137,0,9035,1683990381
cancel,12137,,,1683990954
cancel,17953,,,1683990954
cancel,19066,,,1683990954
newOrder,17927,0,9197,1683990981
newOrder,19066,1,9197,1683990981
newOrder,12001,0,30838,1683990981
newOrder,24957,1,30838,1683990981
cancel,12001,,,1683991554
cancel,17927,,,1683991554
cancel,19066,,,1683991554
cancel,24957,,,1683991554
newOrder,17928,0,9199,1683991586
newOrder,19066,1,9199,1683991586
newOrder,12137,0,8086,1683991586
cancel,12137,,,1683992153
cancel,17928,,,1683992153
cancel,19066,,,1683992153
newOrder,17929,0,9201,1683992184
newOrder,19066,1,9201,1683992184
newOrder,10757,0,31829,1683992184
newOrder,24957,1,31829,1683992184
cancel,10757,,,1683992753
cancel,17929,,,1683992753
cancel,19066,,,1683992753
cancel,24957,,,1683992753
newOrder,17928,0,9202,1683992782
newOrder,19066,1,9202,1683992782
newOrder,12013,0,27972,1683992782
newOrder,24957,1,27972,1683992782
cancel,12013,,,1683993353
cancel,17928,,,1683993353
cancel,19066,,,1683993353
cancel,24957,,,1683993353
newOrder,18057,0,9250,1683993388
newOrder,19066,1,9250,1683993388
newOrder,10834,0,49508,1683993388
newOrder,24999,1,49508,1683993388
cancel,10834,,,1683993954
cancel,18057,,,1683993954
cancel,19066,,,1683993954
cancel,24999,,,1683993954
newOrder,18057,0,9252,1683993982
newOrder,19066,1,9252,1683993982
newOrder,12013,0,27585,1683993982
newOrder,24957,1,27585,1683993982
cancel,12013,,,1683994554
cancel,18057,,,1683994554
cancel,19066,,,1683994554
cancel,24957,,,1683994554
newOrder,18057,0,9253,1683994582
newOrder,19066,1,9253,1683994582
newOrder,10834,0,39658,1683994582
newOrder,24999,1,39658,1683994582
cancel,10834,,,1683995154
cancel,18057,,,1683995154
cancel,19066,,,1683995154
cancel,24999,,,1683995154
newOrder,18057,0,9255,1683995182
newOrder,19066,1,9255,1683995182
newOrder,10834,0,47867,1683995182
newOrder,24999,1,47867,1683995182
cancel,10834,,,1683995754
cancel,18057,,,1683995754
cancel,19066,,,1683995754
cancel,24999,,,1683995754
newOrder,18057,0,9256,1683995784
newOrder,19066,1,9256,1683995784
newOrder,12137,0,23610,1683995784
newOrder,24957,1,23610,1683995784
cancel,12137,,,1683996354
cancel,18057,,,1683996354
cancel,19066,,,1683996354
cancel,24957,,,1683996354
newOrder,18057,0,9258,1683996383
newOrder,19066,1,9258,1683996383
newOrder,12137,0,9579,1683996383
newOrder,21899,1,9579,1683996383
cancel,12137,,,1683996953
cancel,18057,,,1683996953
cancel,19066,,,1683996953
cancel,21899,,,1683996953
newOrder,18057,0,9259,1683996982
newOrder,19066,1,9259,1683996982
newOrder,10834,0,42001,1683996982
newOrder,24999,1,42001,1683996982
cancel,10834,,,1683997554
cancel,18057,,,1683997554
cancel,19066,,,1683997554
cancel,24999,,,1683997554
newOrder,18057,0,9261,1683997584
newOrder,19066,1,9261,1683997584
newOrder,12137,0,17830,1683997584
newOrder,24957,1,17830,1683997584
cancel,12137,,,1683998154
cancel,18057,,,1683998154
cancel,19066,,,1683998154
cancel,24957,,,1683998154
newOrder,18057,0,9262,1683998182
newOrder,19066,1,9262,1683998182
newOrder,10834,0,44713,1683998182
newOrder,24999,1,44713,1683998182
cancel,10834,,,1683998753
cancel,18057,,,1683998753
cancel,19066,,,1683998753
cancel,24999,,,1683998753
newOrder,18057,0,9263,1683998782
newOrder,19066,1,9263,1683998782
newOrder,10834,0,45346,1683998782
newOrder,24999,1,45346,1683998782
cancel,10834,,,1683999354
cancel,18057,,,1683999354
cancel,19066,,,1683999354
cancel,24999,,,1683999354
newOrder,18057,0,9265,1683999382
newOrder,19066,1,9265,1683999382
newOrder,12129,0,24820,1683999382
newOrder,24957,1,24820,1683999382
cancel,12129,,,1683999954
cancel,18057,,,1683999954
cancel,19066,,,1683999954
cancel,24957,,,1683999954
newOrder,18057,0,9266,1683999980
newOrder,19066,1,9266,1683999980
newOrder,10834,0,49854,1683999980
newOrder,24999,1,49854,1683999980
cancel,10834,,,1684000553
cancel,18057,,,1684000553
cancel,19066,,,1684000553
cancel,24999,,,1684000553
newOrder,18057,0,9268,1684000581
newOrder,19066,1,9268,1684000581
newOrder,12002,0,28617,1684000581
newOrder,24957,1,28617,1684000581
cancel,12002,,,1684001154
cancel,18057,,,1684001154
cancel,19066,,,1684001154
cancel,24957,,,1684001154
newOrder,18057,0,9269,1684001183
newOrder,19066,1,9269,1684001183
newOrder,12137,0,11599,1684001183
newOrder,24957,1,11599,1684001183
cancel,12137,,,1684001753
cancel,18057,,,1684001753
cancel,19066,,,1684001753
cancel,24957,,,1684001753
newOrder,18057,0,9271,1684001780
newOrder,19066,1,9271,1684001780
newOrder,12137,0,8452,1684001780
cancel,12137,,,1684002354
cancel,18057,,,1684002354
cancel,19066,,,1684002354
newOrder,18057,0,9272,1684002384
newOrder,19066,1,9272,1684002384
newOrder,12002,0,28458,1684002384
newOrder,24957,1,28458,1684002384
cancel,12002,,,1684002954
cancel,18057,,,1684002954
cancel,19066,,,1684002954
cancel,24957,,,1684002954
newOrder,18057,0,9274,1684002982
newOrder,19066,1,9274,1684002982
newOrder,12137,0,20434,1684002982
newOrder,24957,1,20434,1684002982
cancel,12137,,,1684003553
cancel,18057,,,1684003553
cancel,19066,,,1684003553
cancel,24957,,,1684003553
newOrder,18057,0,9275,1684003580
newOrder,19066,1,9275,1684003580
newOrder,10834,0,33176,1684003580
newOrder,24957,1,33176,1684003580
cancel,10834,,,1684004153
cancel,18057,,,1684004153
cancel,19066,,,1684004153
cancel,24957,,,1684004153
newOrder,17987,0,9252,1684004183
newOrder,19066,1,9252,1684004183
newOrder,12137,0,9077,1684004183
cancel,12137,,,1684004754
cancel,17987,,,1684004754
cancel,19066,,,1684004754
newOrder,17924,0,9228,1684004780
newOrder,19066,1,9228,1684004780
newOrder,12137,0,18370,1684004780
newOrder,24957,1,18370,1684004780
cancel,12137,,,1684005353
cancel,17924,,,1684005353
cancel,19066,,,1684005353
cancel,24957,,,1684005353
newOrder,17925,0,9230,1684005382
newOrder,19066,1,9230,1684005382
newOrder,10755,0,31434,1684005382
newOrder,24957,1,31434,1684005382
cancel,10755,,,1684005954
cancel,17925,,,1684005954
cancel,19066,,,1684005954
cancel,24957,,,1684005954
newOrder,17924,0,9231,1684005983
newOrder,19066,1,9231,1684005983
newOrder,10754,0,42171,1684005983
newOrder,24999,1,42171,1684005983
cancel,10754,,,1684006554
cancel,17924,,,1684006554
cancel,19066,,,1684006554
cancel,24999,,,1684006554
newOrder,17923,0,9232,1684006581
newOrder,19066,1,9232,1684006581
newOrder,10754,0,37287,1684006581
newOrder,24999,1,37287,1684006581
cancel,10754,,,1684007153
cancel,17923,,,1684007153
cancel,19066,,,1684007153
cancel,24999,,,1684007153
newOrder,17965,0,9251,1684007183
newOrder,19066,1,9251,1684007183
newOrder,10779,0,36596,1684007183
newOrder,24999,1,36596,1684007183
cancel,10779,,,1684007754
cancel,17965,,,1684007754
cancel,19066,,,1684007754
cancel,24999,,,1684007754
newOrder,17965,0,9252,1684007782
newOrder,19066,1,9252,1684007782
newOrder,10779,0,33121,1684007782
newOrder,24957,1,33121,1684007782
cancel,10779,,,1684008353
cancel,17965,,,1684008353
cancel,19066,,,1684008353
cancel,24957,,,1684008353
newOrder,17965,0,9254,1684008382
newOrder,19066,1,9254,1684008382
newOrder,10779,0,37035,1684008382
newOrder,24999,1,37035,1684008382
cancel,10779,,,1684008954
cancel,17965,,,1684008954
cancel,19066,,,1684008954
cancel,24999,,,1684008954
newOrder,17965,0,9255,1684008981
newOrder,19066,1,9255,1684008981
newOrder,12001,0,28880,1684008981
newOrder,24957,1,28880,1684008981
cancel,12001,,,1684009554
cancel,17965,,,1684009554
cancel,19066,,,1684009554
cancel,24957,,,1684009554
newOrder,17965,0,9256,1684009582
newOrder,19066,1,9256,1684009582
newOrder,12137,0,14555,1684009582
newOrder,24957,1,14555,1684009582
cancel,12137,,,1684010153
cancel,17965,,,1684010153
cancel,19066,,,1684010153
cancel,24957,,,1684010153
newOrder,17965,0,9258,1684010181
newOrder,19066,1,9258,1684010181
newOrder,12141,0,14210,1684010181
newOrder,24957,1,14210,1684010181
cancel,12141,,,1684010755
cancel,17965,,,1684010755
cancel,19066,,,1684010755
cancel,24957,,,1684010755
newOrder,17965,0,9259,1684010782
newOrder,19066,1,9259,1684010782
newOrder,10779,0,40571,1684010782
newOrder,24999,1,40571,1684010782
cancel,10779,,,1684011353
cancel,17965,,,1684011353
cancel,19066,,,1684011353
cancel,24999,,,1684011353
newOrder,17965,0,9261,1684011381
newOrder,19066,1,9261,1684011381
newOrder,12142,0,10965,1684011381
newOrder,24957,1,10965,1684011381
cancel,12142,,,1684011954
cancel,17965,,,1684011954
cancel,19066,,,1684011954
cancel,24957,,,1684011954
newOrder,17965,0,9262,1684011981
newOrder,19066,1,9262,1684011981
newOrder,10779,0,42285,1684011981
newOrder,24999,1,42285,1684011981
cancel,10779,,,1684012554
cancel,17965,,,1684012554
cancel,19066,,,1684012554
cancel,24999,,,1684012554
newOrder,17965,0,9264,1684012583
newOrder,19066,1,9264,1684012583
newOrder,10779,0,47270,1684012583
newOrder,24999,1,47270,1684012583
cancel,10779,,,1684013153
cancel,17965,,,1684013153
cancel,19066,,,1684013153
cancel,24999,,,1684013153
newOrder,17986,0,9273,1684013183
newOrder,19066,1,9273,1684013183
newOrder,12137,0,21202,1684013183
newOrder,24957,1,21202,1684013183
cancel,12137,,,1684013753
cancel,17986,,,1684013753
cancel,19066,,,1684013753
cancel,24957,,,1684013753
newOrder,17986,0,9275,1684013780
newOrder,19066,1,9275,1684013780
newOrder,12137,0,19161,1684013780
newOrder,24957,1,19161,1684013780
cancel,12137,,,1684014354
cancel,17986,,,1684014354
cancel,19066,,,1684014354
cancel,24957,,,1684014354
newOrder,17986,0,9276,1684014384
newOrder,19066,1,9276,1684014384
newOrder,10791,0,45212,1684014384
newOrder,24999,1,45212,1684014384
cancel,10791,,,1684014953
cancel,17986,,,1684014953
cancel,19066,,,1684014953
cancel,24999,,,1684014953
newOrder,17986,0,9277,1684014983
newOrder,19066,1,9277,1684014983
newOrder,12141,0,13089,1684014983
newOrder,24957,1,13089,1684014983
cancel,12141,,,1684015555
cancel,17986,,,1684015555
cancel,19066,,,1684015555
cancel,24957,,,1684015555
newOrder,17986,0,9279,1684015584
newOrder,19066,1,9279,1684015584
newOrder,12137,0,23625,1684015584
newOrder,24957,1,23625,1684015584
cancel,12137,,,1684016154
cancel,17986,,,1684016154
cancel,19066,,,1684016154
cancel,24957,,,1684016154
newOrder,17986,0,9280,1684016181
newOrder,19066,1,9280,1684016181
newOrder,12137,0,16964,1684016181
newOrder,24957,1,16964,1684016181
cancel,12137,,,1684016753
cancel,17986,,,1684016753
cancel,19066,,,1684016753
cancel,24957,,,1684016753
newOrder,17986,0,9282,1684016782
newOrder,19066,1,9282,1684016782
newOrder,12001,0,36537,1684016782
newOrder,24999,1,36537,1684016782
cancel,12001,,,1684017354
cancel,17986,,,1684017354
cancel,19066,,,1684017354
cancel,24999,,,1684017354
newOrder,17986,0,9283,1684017382
newOrder,19066,1,9283,1684017382
newOrder,10791,0,43975,1684017382
newOrder,24999,1,43975,1684017382
cancel,10791,,,1684017954
cancel,17986,,,1684017954
cancel,19066,,,1684017954
cancel,24999,,,1684017954
newOrder,17986,0,9285,1684017981
newOrder,19066,1,9285,1684017981
newOrder,12137,0,31095,1684017981
newOrder,24957,1,31095,1684017981
cancel,12137,,,1684018554
cancel,17986,,,1684018554
cancel,19066,,,1684018554
cancel,24957,,,1684018554
newOrder,17986,0,9286,1684018582
newOrder,19066,1,9286,1684018582
newOrder,12142,0,11324,1684018582
newOrder,24957,1,11324,1684018582
cancel,12142,,,1684019153
cancel,17986,,,1684019153
cancel,19066,,,1684019153
cancel,24957,,,1684019153
newOrder,17997,0,9292,1684019182
newOrder,19066,1,9292,1684019182
newOrder,12137,0,27180,1684019182
newOrder,24957,1,27180,1684019182
cancel,12137,,,1684019754
cancel,17997,,,1684019754
cancel,19066,,,1684019754
cancel,24957,,,1684019754
newOrder,17997,0,9293,1684019782
newOrder,19066,1,9293,1684019782
newOrder,12137,0,25282,1684019782
newOrder,24957,1,25282,1684019782
cancel,12137,,,1684020353
cancel,17997,,,1684020353
cancel,19066,,,1684020353
cancel,24957,,,1684020353
newOrder,17997,0,9295,1684020381
newOrder,19066,1,9295,1684020381
newOrder,12142,0,11570,1684020381
newOrder,24957,1,11570,1684020381
cancel,12142,,,1684020953
cancel,17997,,,1684020953
cancel,19066,,,1684020953
cancel,24957,,,1684020953
newOrder,18028,0,9307,1684020981
newOrder,19066,1,9307,1684020981
newOrder,12122,0,34720,1684020981
newOrder,24999,1,34720,1684020981
cancel,12122,,,1684021554
cancel,18028,,,1684021554
cancel,19066,,,1684021554
cancel,24999,,,1684021554
newOrder,18028,0,9309,1684021582
newOrder,19066,1,9309,1684021582
newOrder,12137,0,28403,1684021582
newOrder,24957,1,28403,1684021582
cancel,12137,,,1684022153
cancel,18028,,,1684022153
cancel,19066,,,1684022153
cancel,24957,,,1684022153
newOrder,18028,0,9310,1684022181
newOrder,19066,1,9310,1684022181
newOrder,12137,0,33179,1684022181
newOrder,24957,1,33179,1684022181
cancel,12137,,,1684022754
cancel,18028,,,1684022754
cancel,19066,,,1684022754
cancel,24957,,,1684022754
newOrder,18028,0,9312,1684022783
newOrder,19066,1,9312,1684022783
newOrder,12142,0,16111,1684022783
newOrder,24957,1,16111,1684022783
cancel,12142,,,1684023353
cancel,18028,,,1684023353
cancel,19066,,,1684023353
cancel,24957,,,1684023353
newOrder,18028,0,9313,1684023381
newOrder,19066,1,9313,1684023381
newOrder,12001,0,41263,1684023381
newOrder,24999,1,41263,1684023381
cancel,12001,,,1684023953
cancel,18028,,,1684023953
cancel,19066,,,1684023953
cancel,24999,,,1684023953
newOrder,18028,0,9315,1684023982
newOrder,19066,1,9315,1684023982
newOrder,12126,0,39476,1684023982
newOrder,24999,1,39476,1684023982
cancel,12126,,,1684024554
cancel,18028,,,1684024554
cancel,19066,,,1684024554
cancel,24999,,,1684024554
newOrder,18050,0,9324,1684024581
newOrder,19066,1,9324,1684024581
newOrder,12143,0,5933,1684024581
cancel,12143,,,1684025154
cancel,18050,,,1684025154
cancel,19066,,,1684025154
newOrder,17939,0,9283,1684025182
newOrder,19066,1,9283,1684025182
newOrder,12137,0,25992,1684025182
newOrder,24957,1,25992,1684025182
cancel,12137,,,1684025753
cancel,17939,,,1684025753
cancel,19066,,,1684025753
cancel,24957,,,1684025753
newOrder,17955,0,9291,1684025781
newOrder,19066,1,9291,1684025781
newOrder,12142,0,15897,1684025781
newOrder,24957,1,15897,1684025781
cancel,12142,,,1684026353
cancel,17955,,,1684026353
cancel,19066,,,1684026353
cancel,24957,,,1684026353
newOrder,17955,0,9293,1684026382
newOrder,19066,1,9293,1684026382
newOrder,12137,0,24527,1684026382
newOrder,24957,1,24527,1684026382
cancel,12137,,,1684026955
cancel,17955,,,1684026955
cancel,19066,,,1684026955
cancel,24957,,,1684026955
newOrder,17969,0,9300,1684026982
newOrder,19066,1,9300,1684026982
newOrder,12137,0,25328,1684026982
newOrder,24957,1,25328,1684026982
cancel,12137,,,1684027553
cancel,17969,,,1684027553
cancel,19066,,,1684027553
cancel,24957,,,1684027553
newOrder,17969,0,9301,1684027582
newOrder,19066,1,9301,1684027582
newOrder,12144,0,7502,1684027582
cancel,12144,,,1684028154
cancel,17969,,,1684028154
cancel,19066,,,1684028154
newOrder,17969,0,9303,1684028181
newOrder,19066,1,9303,1684028181
newOrder,12144,0,21782,1684028181
newOrder,24957,1,21782,1684028181
cancel,12144,,,1684028754
cancel,17969,,,1684028754
cancel,19066,,,1684028754
cancel,24957,,,1684028754
newOrder,17969,0,9304,1684028782
newOrder,19066,1,9304,1684028782
newOrder,12144,0,6390,1684028782
cancel,12144,,,1684029354
cancel,17969,,,1684029354
cancel,19066,,,1684029354
newOrder,17969,0,9306,1684029385
newOrder,19066,1,9306,1684029385
newOrder,12129,0,37434,1684029385
newOrder,24999,1,37434,1684029385
cancel,12129,,,1684029954
cancel,17969,,,1684029954
cancel,19066,,,1684029954
cancel,24999,,,1684029954
newOrder,17969,0,9307,1684029983
newOrder,19066,1,9307,1684029983
newOrder,12141,0,33389,1684029983
newOrder,24957,1,33389,1684029983
cancel,12141,,,1684030553
cancel,17969,,,1684030553
cancel,19066,,,1684030553
cancel,24957,,,1684030553
newOrder,17969,0,9309,1684030582
newOrder,19066,1,9309,1684030582
newOrder,12141,0,34285,1684030582
newOrder,24957,1,34285,1684030582
cancel,12141,,,1684031154
cancel,17969,,,1684031154
cancel,19066,,,1684031154
cancel,24957,,,1684031154
newOrder,17969,0,9310,1684031183
newOrder,19066,1,9310,1684031183
newOrder,12141,0,33808,1684031183
newOrder,24957,1,33808,1684031183
cancel,12141,,,1684031754
cancel,17969,,,1684031754
cancel,19066,,,1684031754
cancel,24957,,,1684031754
newOrder,17969,0,9312,1684031782
newOrder,19066,1,9312,1684031782
newOrder,12144,0,12847,1684031782
newOrder,24957,1,12847,1684031782
cancel,12144,,,1684032354
cancel,17969,,,1684032354
cancel,19066,,,1684032354
cancel,24957,,,1684032354
newOrder,17969,0,9313,1684032383
newOrder,19066,1,9313,1684032383
newOrder,12144,0,21300,1684032383
newOrder,24957,1,21300,1684032383
cancel,12144,,,1684032953
cancel,17969,,,1684032953
cancel,19066,,,1684032953
cancel,24957,,,1684032953
newOrder,17969,0,9314,1684032981
newOrder,19066,1,9314,1684032981
newOrder,12001,0,43163,1684032981
newOrder,24999,1,43163,1684032981
cancel,12001,,,1684033554
cancel,17969,,,1684033554
cancel,19066,,,1684033554
cancel,24999,,,1684033554
newOrder,17969,0,9316,1684033583
newOrder,19066,1,9316,1684033583
newOrder,12001,0,42215,1684033583
newOrder,24999,1,42215,1684033583
cancel,12001,,,1684034153
cancel,17969,,,1684034153
cancel,19066,,,1684034153
cancel,24999,,,1684034153
newOrder,17969,0,9317,1684034183
newOrder,19066,1,9317,1684034183
newOrder,12143,0,28753,1684034183
newOrder,24957,1,28753,1684034183
cancel,12143,,,1684034753
cancel,17969,,,1684034753
cancel,19066,,,1684034753
cancel,24957,,,1684034753
newOrder,17969,0,9319,1684034781
newOrder,19066,1,9319,1684034781
newOrder,10782,0,47895,1684034781
newOrder,24999,1,47895,1684034781
cancel,10782,,,1684035354
cancel,17969,,,1684035354
cancel,19066,,,1684035354
cancel,24999,,,1684035354
newOrder,17969,0,9320,1684035381
newOrder,19066,1,9320,1684035381
newOrder,12129,0,37201,1684035381
newOrder,24999,1,37201,1684035381
cancel,12129,,,1684035953
cancel,17969,,,1684035953
cancel,19066,,,1684035953
cancel,24999,,,1684035953
newOrder,17969,0,9322,1684035983
newOrder,19066,1,9322,1684035983
newOrder,12144,0,21845,1684035983
newOrder,24957,1,21845,1684035983
cancel,12144,,,1684036553
cancel,17969,,,1684036553
cancel,19066,,,1684036553
cancel,24957,,,1684036553
newOrder,17969,0,9323,1684036582
newOrder,19066,1,9323,1684036582
newOrder,12146,0,9193,1684036582
cancel,12146,,,1684037154
cancel,17969,,,1684037154
cancel,19066,,,1684037154
newOrder,17969,0,9325,1684037181
newOrder,19066,1,9325,1684037181
newOrder,12144,0,15716,1684037181
newOrder,24957,1,15716,1684037181
cancel,12144,,,1684037754
cancel,17969,,,1684037754
cancel,19066,,,1684037754
cancel,24957,,,1684037754
newOrder,17969,0,9326,1684037782
newOrder,19066,1,9326,1684037782
newOrder,12001,0,43382,1684037782
newOrder,24999,1,43382,1684037782
cancel,12001,,,1684038355
cancel,17969,,,1684038355
cancel,19066,,,1684038355
cancel,24999,,,1684038355
newOrder,17969,0,9328,1684038381
newOrder,19066,1,9328,1684038381
newOrder,10782,0,44475,1684038381
newOrder,24999,1,44475,1684038381
cancel,10782,,,1684038953
cancel,17969,,,1684038953
cancel,19066,,,1684038953
cancel,24999,,,1684038953
newOrder,17969,0,9329,1684038982
newOrder,19066,1,9329,1684038982
newOrder,12141,0,32884,1684038982
newOrder,24957,1,32884,1684038982
cancel,12141,,,1684039553
cancel,17969,,,1684039553
cancel,19066,,,1684039553
cancel,24957,,,1684039553
newOrder,17969,0,9330,1684039583
newOrder,19066,1,9330,1684039583
newOrder,12144,0,26593,1684039583
newOrder,24957,1,26593,1684039583
cancel,12144,,,1684040154
cancel,17969,,,1684040154
cancel,19066,,,1684040154
cancel,24957,,,1684040154
newOrder,17969,0,9332,1684040182
newOrder,19066,1,9332,1684040182
newOrder,12144,0,34578,1684040182
newOrder,24999,1,34578,1684040182
cancel,12144,,,1684040753
cancel,17969,,,1684040753
cancel,19066,,,1684040753
cancel,24999,,,1684040753
newOrder,17970,0,9334,1684040782
newOrder,19066,1,9334,1684040782
newOrder,12013,0,43854,1684040782
newOrder,24999,1,43854,1684040782
cancel,12013,,,1684041354
cancel,17970,,,1684041354
cancel,19066,,,1684041354
cancel,24999,,,1684041354
newOrder,17970,0,9335,1684041382
newOrder,19066,1,9335,1684041382
newOrder,12001,0,47056,1684041382
newOrder,24999,1,47056,1684041382
cancel,12001,,,1684041954
cancel,17970,,,1684041954
cancel,19066,,,1684041954
cancel,24999,,,1684041954
newOrder,17970,0,9337,1684041983
newOrder,19066,1,9337,1684041983
newOrder,12151,0,18614,1684041983
newOrder,24957,1,18614,1684041983
cancel,12151,,,1684042554
cancel,17970,,,1684042554
cancel,19066,,,1684042554
cancel,24957,,,1684042554
newOrder,17970,0,9338,1684042581
newOrder,19066,1,9338,1684042581
newOrder,12144,0,35422,1684042581
newOrder,24999,1,35422,1684042581
cancel,12144,,,1684043154
cancel,17970,,,1684043154
cancel,19066,,,1684043154
cancel,24999,,,1684043154
newOrder,17970,0,9339,1684043182
newOrder,19066,1,9339,1684043182
newOrder,12144,0,31086,1684043182
newOrder,24957,1,31086,1684043182
cancel,12144,,,1684043754
cancel,17970,,,1684043754
cancel,19066,,,1684043754
cancel,24957,,,1684043754
newOrder,17970,0,9341,1684043781
newOrder,19066,1,9341,1684043781
newOrder,12154,0,7271,1684043781
cancel,12154,,,1684044353
cancel,17970,,,1684044353
cancel,19066,,,1684044353
newOrder,17970,0,9342,1684044381
newOrder,19066,1,9342,1684044381
newOrder,12144,0,25985,1684044381
newOrder,24957,1,25985,1684044381
cancel,12144,,,1684044954
cancel,17970,,,1684044954
cancel,19066,,,1684044954
cancel,24957,,,1684044954
newOrder,17970,0,9344,1684044982
newOrder,19066,1,9344,1684044982
newOrder,10782,0,47229,1684044982
newOrder,24999,1,47229,1684044982
cancel,10782,,,1684045553
cancel,17970,,,1684045553
cancel,19066,,,1684045553
cancel,24999,,,1684045553
newOrder,17970,0,9345,1684045584
newOrder,19066,1,9345,1684045584
newOrder,12153,0,13688,1684045584
newOrder,24957,1,13688,1684045584
cancel,12153,,,1684046154
cancel,17970,,,1684046154
cancel,19066,,,1684046154
cancel,24957,,,1684046154
newOrder,17970,0,9347,1684046183
newOrder,19066,1,9347,1684046183
newOrder,12151,0,16421,1684046183
newOrder,24957,1,16421,1684046183
cancel,12151,,,1684046754
cancel,17970,,,1684046754
cancel,19066,,,1684046754
cancel,24957,,,1684046754
newOrder,17970,0,9348,1684046783
newOrder,19066,1,9348,1684046783
newOrder,12013,0,44064,1684046783
newOrder,24999,1,44064,1684046783
cancel,12013,,,1684047354
cancel,17970,,,1684047354
cancel,19066,,,1684047354
cancel,24999,,,1684047354
newOrder,17970,0,9350,1684047381
newOrder,19066,1,9350,1684047381
newOrder,12156,0,8126,1684047381
cancel,12156,,,1684047953
cancel,17970,,,1684047953
cancel,19066,,,1684047953
newOrder,18000,0,9363,1684047981
newOrder,19066,1,9363,1684047981
newOrder,12151,0,19497,1684047981
newOrder,24957,1,19497,1684047981
cancel,12151,,,1684048554
cancel,18000,,,1684048554
cancel,19066,,,1684048554
cancel,24957,,,1684048554
newOrder,18019,0,9372,1684048582
newOrder,19066,1,9372,1684048582
newOrder,12151,0,24719,1684048582
newOrder,24957,1,24719,1684048582
cancel,12151,,,1684049154
cancel,18019,,,1684049154
cancel,19066,,,1684049154
cancel,24957,,,1684049154
newOrder,18019,0,9373,1684049183
newOrder,19066,1,9373,1684049183
newOrder,12001,0,46167,1684049183
newOrder,24999,1,46167,1684049183
cancel,12001,,,1684049754
cancel,18019,,,1684049754
cancel,19066,,,1684049754
cancel,24999,,,1684049754
newOrder,18019,0,9375,1684049781
newOrder,19066,1,9375,1684049781
newOrder,10812,0,47479,1684049781
newOrder,24999,1,47479,1684049781
cancel,10812,,,1684050354
cancel,18019,,,1684050354
cancel,19066,,,1684050354
cancel,24999,,,1684050354
newOrder,18033,0,9381,1684050382
newOrder,19066,1,9381,1684050382
newOrder,12144,0,29581,1684050382
newOrder,24957,1,29581,1684050382
cancel,12144,,,1684050954
cancel,18033,,,1684050954
cancel,19066,,,1684050954
cancel,24957,,,1684050954
newOrder,17960,0,9354,1684050983
newOrder,19066,1,9354,1684050983
newOrder,12151,0,23899,1684050983
newOrder,24957,1,23899,1684050983
cancel,12151,,,1684051553
cancel,17960,,,1684051553
cancel,19066,,,1684051553
cancel,24957,,,1684051553
newOrder,17892,0,9326,1684051581
newOrder,19066,1,9326,1684051581
newOrder,12153,0,12176,1684051581
newOrder,24957,1,12176,1684051581
cancel,12153,,,1684052153
cancel,17892,,,1684052153
cancel,19066,,,1684052153
cancel,24957,,,1684052153
newOrder,17891,0,9327,1684052182
newOrder,19066,1,9327,1684052182
newOrder,12153,0,14994,1684052182
newOrder,24957,1,14994,1684052182
cancel,12153,,,1684052753
cancel,17891,,,1684052753
cancel,19066,,,1684052753
cancel,24957,,,1684052753
newOrder,17890,0,9328,1684052780
newOrder,19066,1,9328,1684052780
newOrder,12144,0,30547,1684052780
newOrder,24957,1,30547,1684052780
cancel,12144,,,1684053353
cancel,17890,,,1684053353
cancel,19066,,,1684053353
cancel,24957,,,1684053353
newOrder,17892,0,9330,1684053382
newOrder,19066,1,9330,1684053382
newOrder,12144,0,40613,1684053382
newOrder,24999,1,40613,1684053382
cancel,12144,,,1684053953
cancel,17892,,,1684053953
cancel,19066,,,1684053953
cancel,24999,,,1684053953
newOrder,17892,0,9331,1684053981
newOrder,19066,1,9331,1684053981
newOrder,12144,0,26801,1684053981
newOrder,24957,1,26801,1684053981
cancel,12144,,,1684054553
cancel,17892,,,1684054553
cancel,19066,,,1684054553
cancel,24957,,,1684054553
newOrder,17892,0,9333,1684054583
newOrder,19066,1,9333,1684054583
newOrder,12159,0,24105,1684054583
newOrder,24957,1,24105,1684054583
cancel,12159,,,1684055153
cancel,17892,,,1684055153
cancel,19066,,,1684055153
cancel,24957,,,1684055153
newOrder,17892,0,9334,1684055181
newOrder,19066,1,9334,1684055181
newOrder,12153,0,31221,1684055181
newOrder,24957,1,31221,1684055181
cancel,12153,,,1684055753
cancel,17892,,,1684055753
cancel,19066,,,1684055753
cancel,24957,,,1684055753
newOrder,17905,0,9342,1684055783
newOrder,19066,1,9342,1684055783
newOrder,12151,0,35748,1684055783
newOrder,24999,1,35748,1684055783
cancel,12151,,,1684056353
cancel,17905,,,1684056353
cancel,19066,,,1684056353
cancel,24999,,,1684056353
newOrder,17905,0,9343,1684056381
newOrder,19066,1,9343,1684056381
newOrder,12159,0,17456,1684056381
newOrder,24957,1,17456,1684056381
cancel,12159,,,1684056954
cancel,17905,,,1684056954
cancel,19066,,,1684056954
cancel,24957,,,1684056954
newOrder,17906,0,9345,1684056982
newOrder,19066,1,9345,1684056982
newOrder,12151,0,33435,1684056982
newOrder,24957,1,33435,1684056982
cancel,12151,,,1684057553
cancel,17906,,,1684057553
cancel,19066,,,1684057553
cancel,24957,,,1684057553
newOrder,17905,0,9346,1684057581
newOrder,19066,1,9346,1684057581
newOrder,12001,0,45913,1684057581
newOrder,24999,1,45913,1684057581
cancel,12001,,,1684058153
cancel,17905,,,1684058153
cancel,19066,,,1684058153
cancel,24999,,,1684058153
newOrder,17905,0,9348,1684058182
newOrder,19066,1,9348,1684058182
newOrder,12151,0,39030,1684058182
newOrder,24999,1,39030,1684058182
cancel,12151,,,1684058753
cancel,17905,,,1684058753
cancel,19066,,,1684058753
cancel,24999,,,1684058753
newOrder,17905,0,9349,1684058784
newOrder,19066,1,9349,1684058784
newOrder,12001,0,47398,1684058784
newOrder,24999,1,47398,1684058784
cancel,12001,,,1684059354
cancel,17905,,,1684059354
cancel,19066,,,1684059354
cancel,24999,,,1684059354
newOrder,17906,0,9351,1684059383
newOrder,19066,1,9351,1684059383
newOrder,12159,0,15950,1684059383
newOrder,24957,1,15950,1684059383
cancel,12159,,,1684059954
cancel,17906,,,1684059954
cancel,19066,,,1684059954
cancel,24957,,,1684059954
newOrder,17905,0,9352,1684059984
newOrder,19066,1,9352,1684059984
newOrder,12151,0,34047,1684059984
newOrder,24957,1,34047,1684059984
cancel,12151,,,1684060553
cancel,17905,,,1684060553
cancel,19066,,,1684060553
cancel,24957,,,1684060553
newOrder,17794,0,9297,1684060582
newOrder,19066,1,9297,1684060582
newOrder,12151,0,34842,1684060582
newOrder,24999,1,34842,1684060582
cancel,12151,,,1684061153
cancel,17794,,,1684061153
cancel,19066,,,1684061153
cancel,24999,,,1684061153
newOrder,17790,0,9296,1684061182
newOrder,19066,1,9296,1684061182
newOrder,12153,0,26502,1684061182
newOrder,24957,1,26502,1684061182
cancel,12153,,,1684061755
cancel,17790,,,1684061755
cancel,19066,,,1684061755
cancel,24957,,,1684061755
newOrder,17790,0,9297,1684061783
newOrder,19066,1,9297,1684061783
newOrder,12122,0,43953,1684061783
newOrder,24999,1,43953,1684061783
cancel,12122,,,1684062354
cancel,17790,,,1684062354
cancel,19066,,,1684062354
cancel,24999,,,1684062354
newOrder,17790,0,9299,1684062383
newOrder,19066,1,9299,1684062383
newOrder,12159,0,15086,1684062383
newOrder,24957,1,15086,1684062383
cancel,12159,,,1684062954
cancel,17790,,,1684062954
cancel,19066,,,1684062954
cancel,24957,,,1684062954
newOrder,17790,0,9300,1684062982
newOrder,19066,1,9300,1684062982
newOrder,12153,0,25981,1684062982
newOrder,24957,1,25981,1684062982
cancel,12153,,,1684063554
cancel,17790,,,1684063554
cancel,19066,,,1684063554
cancel,24957,,,1684063554
newOrder,17790,0,9302,1684063581
newOrder,19066,1,9302,1684063581
newOrder,12153,0,31329,1684063581
newOrder,24957,1,31329,1684063581
cancel,12153,,,1684064154
cancel,17790,,,1684064154
cancel,19066,,,1684064154
cancel,24957,,,1684064154
newOrder,17791,0,9303,1684064181
newOrder,19066,1,9303,1684064181
newOrder,12160,0,8361,1684064181
cancel,12160,,,1684064754
cancel,17791,,,1684064754
cancel,19066,,,1684064754
newOrder,17790,0,9305,1684064783
newOrder,19066,1,9305,1684064783
newOrder,12153,0,31638,1684064783
newOrder,24957,1,31638,1684064783
cancel,12153,,,1684065354
cancel,17790,,,1684065354
cancel,19066,,,1684065354
cancel,24957,,,1684065354
newOrder,17790,0,9306,1684065382
newOrder,19066,1,9306,1684065382
newOrder,12151,0,37697,1684065382
newOrder,24999,1,37697,1684065382
cancel,12151,,,1684065954
cancel,17790,,,1684065954
cancel,19066,,,1684065954
cancel,24999,,,1684065954
newOrder,17790,0,9307,1684065982
newOrder,19066,1,9307,1684065982
newOrder,12160,0,10503,1684065982
newOrder,24957,1,10503,1684065982