instruction,price,side,qty,time
cancel,10258,,,1686658651
cancel,17097,,,1686658651
cancel,18075,,,1686658651
cancel,24999,,,1686658651
newOrder,17091,0,10356,1686658676
newOrder,18075,1,10356,1686658676
newOrder,12204,0,15013,1686658676
newOrder,24776,1,15013,1686658676
cancel,12204,,,1686659251
cancel,17091,,,1686659251
cancel,18075,,,1686659251
cancel,24776,,,1686659251
newOrder,17094,0,10357,1686659278
newOrder,18075,1,10357,1686659278
newOrder,10256,0,47114,1686659278
newOrder,24999,1,47114,1686659278
cancel,10256,,,1686659853
cancel,17094,,,1686659853
cancel,18075,,,1686659853
cancel,24999,,,1686659853
newOrder,17091,0,10358,1686659877
newOrder,18075,1,10358,1686659877
newOrder,10255,0,24800,1686659877
newOrder,24776,1,24800,1686659877
cancel,10255,,,1686660453
cancel,17091,,,1686660453
cancel,18075,,,1686660453
cancel,24776,,,1686660453
newOrder,17092,0,10360,1686660478
newOrder,18075,1,10360,1686660478
newOrder,10255,0,39477,1686660478
newOrder,24999,1,39477,1686660478
cancel,10255,,,1686661053
cancel,17092,,,1686661053
cancel,18075,,,1686661053
cancel,24999,,,1686661053
newOrder,17094,0,10361,1686661081
newOrder,18075,1,10361,1686661081
newOrder,12162,0,19662,1686661081
newOrder,24776,1,19662,1686661081
cancel,12162,,,1686661651
cancel,17094,,,1686661651
cancel,18075,,,1686661651
cancel,24776,,,1686661651
newOrder,17090,0,10362,1686661678
newOrder,18075,1,10362,1686661678
newOrder,12204,0,12271,1686661678
newOrder,24776,1,12271,1686661678
cancel,12204,,,1686662253
cancel,17090,,,1686662253
cancel,18075,,,1686662253
cancel,24776,,,1686662253
newOrder,17092,0,10363,1686662282
newOrder,18075,1,10363,1686662282
newOrder,12204,0,17930,1686662282
newOrder,24776,1,17930,1686662282
cancel,12204,,,1686662851
cancel,17092,,,1686662851
cancel,18075,,,1686662851
cancel,24776,,,1686662851
newOrder,17009,0,10356,1686662878
newOrder,18075,1,10356,1686662878
newOrder,10205,0,25953,1686662878
newOrder,24776,1,25953,1686662878
cancel,10205,,,1686663451
cancel,17009,,,1686663451
cancel,18075,,,1686663451
cancel,24776,,,1686663451
newOrder,17009,0,10357,1686663479
newOrder,18075,1,10357,1686663479
newOrder,10205,0,29856,1686663479
newOrder,24776,1,29856,1686663479
cancel,10205,,,1686664051
cancel,17009,,,1686664051
cancel,18075,,,1686664051
cancel,24776,,,1686664051
newOrder,17006,0,10358,1686664078
newOrder,18075,1,10358,1686664078
newOrder,10204,0,24810,1686664078
newOrder,24776,1,24810,1686664078
cancel,10204,,,1686664650
cancel,17006,,,1686664650
cancel,18075,,,1686664650
cancel,24776,,,1686664650
newOrder,17006,0,10359,1686664676
newOrder,18075,1,10359,1686664676
newOrder,10204,0,41235,1686664676
newOrder,24999,1,41235,1686664676
cancel,10204,,,1686665251
cancel,17006,,,1686665251
cancel,18075,,,1686665251
cancel,24999,,,1686665251
newOrder,17006,0,10360,1686665277
newOrder,18075,1,10360,1686665277
newOrder,10204,0,35181,1686665277
newOrder,24776,1,35181,1686665277
cancel,10204,,,1686665851
cancel,17006,,,1686665851
cancel,18075,,,1686665851
cancel,24776,,,1686665851
newOrder,16993,0,10360,1686665878
newOrder,18075,1,10360,1686665878
newOrder,10196,0,40117,1686665878
newOrder,24999,1,40117,1686665878
cancel,10196,,,1686666452
cancel,16993,,,1686666452
cancel,18075,,,1686666452
cancel,24999,,,1686666452
newOrder,16990,0,10361,1686666476
newOrder,18075,1,10361,1686666476
newOrder,12204,0,10685,1686666476
cancel,12204,,,1686667052
cancel,16990,,,1686667052
cancel,18075,,,1686667052
newOrder,16991,0,10362,1686667077
newOrder,18075,1,10362,1686667077
newOrder,10195,0,24961,1686667077
newOrder,24776,1,24961,1686667077
cancel,10195,,,1686667651
cancel,16991,,,1686667651
cancel,18075,,,1686667651
cancel,24776,,,1686667651
newOrder,16989,0,10363,1686667678
newOrder,18075,1,10363,1686667678
newOrder,10193,0,35065,1686667678
newOrder,24776,1,35065,1686667678
cancel,10193,,,1686668252
cancel,16989,,,1686668252
cancel,18075,,,1686668252
cancel,24776,,,1686668252
newOrder,16991,0,10364,1686668281
newOrder,18075,1,10364,1686668281
newOrder,10194,0,48998,1686668281
newOrder,24999,1,48998,1686668281
cancel,10194,,,1686672899
cancel,16991,,,1686672899
cancel,18075,,,1686672899
cancel,24999,,,1686672899
newOrder,16989,0,10373,1686672929
newOrder,18075,1,10373,1686672929
newOrder,12204,0,16215,1686672929
newOrder,24776,1,16215,1686672929
cancel,12204,,,1686673531
cancel,16989,,,1686673531
cancel,18075,,,1686673531
cancel,24776,,,1686673531
newOrder,16993,0,10374,1686673560
newOrder,18075,1,10374,1686673560
newOrder,10196,0,34604,1686673560
newOrder,24776,1,34604,1686673560
cancel,10196,,,1686674131
cancel,16993,,,1686674131
cancel,18075,,,1686674131
cancel,24776,,,1686674131
newOrder,16992,0,10375,1686674159
newOrder,18075,1,10375,1686674159
newOrder,10195,0,40118,1686674159
newOrder,24999,1,40118,1686674159
cancel,10195,,,1686674731
cancel,16992,,,1686674731
cancel,18075,,,1686674731
cancel,24999,,,1686674731
newOrder,16990,0,10376,1686674759
newOrder,18075,1,10376,1686674759
newOrder,10194,0,40331,1686674759
newOrder,24999,1,40331,1686674759
cancel,10194,,,1686675331
cancel,16990,,,1686675331
cancel,18075,,,1686675331
cancel,24999,,,1686675331
newOrder,16988,0,10377,1686675356
newOrder,18075,1,10377,1686675356
newOrder,14001,0,7020,1686675356
cancel,14001,,,1686675931
cancel,16988,,,1686675931
cancel,18075,,,1686675931
newOrder,16991,0,10379,1686675960
newOrder,18075,1,10379,1686675960
newOrder,10195,0,34071,1686675960
newOrder,24776,1,34071,1686675960
cancel,10195,,,1686676530
cancel,16991,,,1686676530
cancel,18075,,,1686676530
cancel,24776,,,1686676530
newOrder,16991,0,10380,1686676559
newOrder,18075,1,10380,1686676559
newOrder,10195,0,53054,1686676559
newOrder,24999,1,53054,1686676559
cancel,10195,,,1686677132
cancel,16991,,,1686677132
cancel,18075,,,1686677132
cancel,24999,,,1686677132
newOrder,16990,0,10381,1686677159
newOrder,18075,1,10381,1686677159
newOrder,12204,0,17052,1686677159
newOrder,24776,1,17052,1686677159
cancel,12204,,,1686677731
cancel,16990,,,1686677731
cancel,18075,,,1686677731
cancel,24776,,,1686677731
newOrder,16990,0,10382,1686677759
newOrder,18075,1,10382,1686677759
newOrder,10194,0,40515,1686677759
newOrder,24999,1,40515,1686677759
cancel,10194,,,1686678331
cancel,16990,,,1686678331
cancel,18075,,,1686678331
cancel,24999,,,1686678331
newOrder,16993,0,10383,1686678359
newOrder,18075,1,10383,1686678359
newOrder,10196,0,52226,1686678359
newOrder,24999,1,52226,1686678359
cancel,10196,,,1686678931
cancel,16993,,,1686678931
cancel,18075,,,1686678931
cancel,24999,,,1686678931
newOrder,16993,0,10385,1686678961
newOrder,18075,1,10385,1686678961
newOrder,12204,0,14816,1686678961
newOrder,24776,1,14816,1686678961
cancel,12204,,,1686679531
cancel,16993,,,1686679531
cancel,18075,,,1686679531
cancel,24776,,,1686679531
newOrder,16990,0,10385,1686679558
newOrder,18075,1,10385,1686679558
newOrder,10194,0,54544,1686679558
newOrder,24999,1,54544,1686679558
cancel,10194,,,1686680131
cancel,16990,,,1686680131
cancel,18075,,,1686680131
cancel,24999,,,1686680131
newOrder,16989,0,10386,1686680159
newOrder,18075,1,10386,1686680159
newOrder,10193,0,39155,1686680159
newOrder,24999,1,39155,1686680159
cancel,10193,,,1686680731
cancel,16989,,,1686680731
cancel,18075,,,1686680731
cancel,24999,,,1686680731
newOrder,16993,0,10388,1686680757
newOrder,18075,1,10388,1686680757
newOrder,14001,0,10169,1686680757
cancel,14001,,,1686681331
cancel,16993,,,1686681331
cancel,18075,,,1686681331
newOrder,16990,0,10389,1686681359
newOrder,18075,1,10389,1686681359
newOrder,12204,0,15147,1686681359
newOrder,24776,1,15147,1686681359
cancel,12204,,,1686681931
cancel,16990,,,1686681931
cancel,18075,,,1686681931
cancel,24776,,,1686681931
newOrder,16989,0,10390,1686681958
newOrder,18075,1,10390,1686681958
newOrder,10193,0,26104,1686681958
newOrder,24776,1,26104,1686681958
cancel,10193,,,1686682530
cancel,16989,,,1686682530
cancel,18075,,,1686682530
cancel,24776,,,1686682530
newOrder,16989,0,10391,1686682559
newOrder,18075,1,10391,1686682559
newOrder,10193,0,53341,1686682559
newOrder,24999,1,53341,1686682559
cancel,10193,,,1686683131
cancel,16989,,,1686683131
cancel,18075,,,1686683131
cancel,24999,,,1686683131
newOrder,17066,0,10401,1686683159
newOrder,18075,1,10401,1686683159
newOrder,10240,0,51844,1686683159
newOrder,24999,1,51844,1686683159
cancel,10240,,,1686683731
cancel,17066,,,1686683731
cancel,18075,,,1686683731
cancel,24999,,,1686683731
newOrder,17558,0,10370,1686683760
newOrder,18075,1,10370,1686683760
newOrder,10535,0,43970,1686683760
newOrder,24999,1,43970,1686683760
cancel,10535,,,1686684332
cancel,17558,,,1686684332
cancel,18075,,,1686684332
cancel,24999,,,1686684332
newOrder,17848,0,10283,1686684359
newOrder,18075,1,10283,1686684359
newOrder,12204,0,11778,1686684359
newOrder,24957,1,11778,1686684359
cancel,12204,,,1686684930
cancel,17848,,,1686684930
cancel,18075,,,1686684930
cancel,24957,,,1686684930
newOrder,17848,0,10284,1686684957
newOrder,18075,1,10284,1686684957
newOrder,14001,0,7933,1686684957
cancel,14001,,,1686685531
cancel,17848,,,1686685531
cancel,18075,,,1686685531
newOrder,17848,0,10286,1686685561
newOrder,18075,1,10286,1686685561
newOrder,10709,0,22748,1686685561
newOrder,24957,1,22748,1686685561
cancel,10709,,,1686686131
cancel,17848,,,1686686131
cancel,18075,,,1686686131
cancel,24957,,,1686686131
newOrder,17836,0,10291,1686686157
newOrder,18075,1,10291,1686686157
newOrder,12204,0,11835,1686686157
newOrder,24957,1,11835,1686686157
cancel,12204,,,1686686731
cancel,17836,,,1686686731
cancel,18075,,,1686686731
cancel,24957,,,1686686731
newOrder,17836,0,10292,1686686764
newOrder,18075,1,10292,1686686764
newOrder,10702,0,43783,1686686764
newOrder,24999,1,43783,1686686764
cancel,10702,,,1686687331
cancel,17836,,,1686687331
cancel,18075,,,1686687331
cancel,24999,,,1686687331
newOrder,17836,0,10294,1686687357
newOrder,18075,1,10294,1686687357
newOrder,12204,0,15559,1686687357
newOrder,24957,1,15559,1686687357
cancel,12204,,,1686687931
cancel,17836,,,1686687931
cancel,18075,,,1686687931
cancel,24957,,,1686687931
newOrder,17836,0,10295,1686687958
newOrder,18075,1,10295,1686687958
newOrder,10702,0,25421,1686687958
newOrder,24957,1,25421,1686687958
cancel,10702,,,1686688530
cancel,17836,,,1686688530
cancel,18075,,,1686688530
cancel,24957,,,1686688530
newOrder,17836,0,10296,1686688559
newOrder,18075,1,10296,1686688559
newOrder,10702,0,50834,1686688559
newOrder,24999,1,50834,1686688559
cancel,10702,,,1686689131
cancel,17836,,,1686689131
cancel,18075,,,1686689131
cancel,24999,,,1686689131
newOrder,17836,0,10297,1686689159
newOrder,18075,1,10297,1686689159
newOrder,10702,0,33055,1686689159
newOrder,24957,1,33055,1686689159
cancel,10702,,,1686689731
cancel,17836,,,1686689731
cancel,18075,,,1686689731
cancel,24957,,,1686689731
newOrder,17832,0,10300,1686689759
newOrder,18075,1,10300,1686689759
newOrder,10699,0,38445,1686689759
newOrder,24999,1,38445,1686689759
cancel,10699,,,1686690331
cancel,17832,,,1686690331
cancel,18075,,,1686690331
cancel,24999,,,1686690331
newOrder,17832,0,10301,1686690358
newOrder,18075,1,10301,1686690358
newOrder,10699,0,42521,1686690358
newOrder,24999,1,42521,1686690358
cancel,10699,,,1686690930
cancel,17832,,,1686690930
cancel,18075,,,1686690930
cancel,24999,,,1686690930
newOrder,17832,0,10303,1686690957
newOrder,18075,1,10303,1686690957
newOrder,10699,0,31789,1686690957
newOrder,24957,1,31789,1686690957
cancel,10699,,,1686691531
cancel,17832,,,1686691531
cancel,18075,,,1686691531
cancel,24957,,,1686691531
newOrder,17832,0,10304,1686691560
newOrder,18075,1,10304,1686691560
newOrder,10699,0,25074,1686691560
newOrder,24957,1,25074,1686691560
cancel,10699,,,1686692131
cancel,17832,,,1686692131
cancel,18075,,,1686692131
cancel,24957,,,1686692131
newOrder,17832,0,10305,1686692159
newOrder,18075,1,10305,1686692159
newOrder,10699,0,27826,1686692159
newOrder,24957,1,27826,1686692159
cancel,10699,,,1686692731
cancel,17832,,,1686692731
cancel,18075,,,1686692731
cancel,24957,,,1686692731
newOrder,17832,0,10306,1686692759
newOrder,18075,1,10306,1686692759
newOrder,10699,0,34577,1686692759
newOrder,24999,1,34577,1686692759
cancel,10699,,,1686693330
cancel,17832,,,1686693330
cancel,18075,,,1686693330
cancel,24999,,,1686693330
newOrder,17833,0,10307,1686693359
newOrder,18075,1,10307,1686693359
newOrder,14002,0,6487,1686693359
newOrder,19999,1,6487,1686693359
cancel,14002,,,1686693931
cancel,17833,,,1686693931
cancel,18075,,,1686693931
cancel,19999,,,1686693931
newOrder,17837,0,10307,1686693960
newOrder,18075,1,10307,1686693960
newOrder,12013,0,21934,1686693960
newOrder,24957,1,21934,1686693960
cancel,12013,,,1686694530
cancel,17837,,,1686694530
cancel,18075,,,1686694530
cancel,24957,,,1686694530
newOrder,17837,0,10308,1686694558
newOrder,18075,1,10308,1686694558
newOrder,12204,0,16043,1686694558
newOrder,24957,1,16043,1686694558
cancel,12204,,,1686695131
cancel,17837,,,1686695131
cancel,18075,,,1686695131
cancel,24957,,,1686695131
newOrder,17837,0,10309,1686695158
newOrder,18075,1,10309,1686695158
newOrder,12122,0,21304,1686695158
newOrder,24957,1,21304,1686695158
cancel,12122,,,1686695731
cancel,17837,,,1686695731
cancel,18075,,,1686695731
cancel,24957,,,1686695731
newOrder,17837,0,10311,1686695758
newOrder,18075,1,10311,1686695758
newOrder,12204,0,14159,1686695758
newOrder,24957,1,14159,1686695758
cancel,12204,,,1686696331
cancel,17837,,,1686696331
cancel,18075,,,1686696331
cancel,24957,,,1686696331
newOrder,17837,0,10312,1686696358
newOrder,18075,1,10312,1686696358
newOrder,10702,0,38595,1686696358
newOrder,24999,1,38595,1686696358
cancel,10702,,,1686696931
cancel,17837,,,1686696931
cancel,18075,,,1686696931
cancel,24999,,,1686696931
newOrder,17836,0,10313,1686696959
newOrder,18075,1,10313,1686696959
newOrder,10702,0,38521,1686696959
newOrder,24999,1,38521,1686696959
cancel,10702,,,1686697531
cancel,17836,,,1686697531
cancel,18075,,,1686697531
cancel,24999,,,1686697531
newOrder,17836,0,10314,1686697560
newOrder,18075,1,10314,1686697560
newOrder,14002,0,9412,1686697560
newOrder,19999,1,9412,1686697560
cancel,14002,,,1686698131
cancel,17836,,,1686698131
cancel,18075,,,1686698131
cancel,19999,,,1686698131
newOrder,17836,0,10316,1686698159
newOrder,18075,1,10316,1686698159
newOrder,10702,0,27556,1686698159
newOrder,24957,1,27556,1686698159
cancel,10702,,,1686698730
cancel,17836,,,1686698730
cancel,18075,,,1686698730
cancel,24957,,,1686698730
newOrder,17836,0,10317,1686698759
newOrder,18075,1,10317,1686698759
newOrder,14002,0,9531,1686698759
newOrder,19999,1,9531,1686698759
cancel,14002,,,1686699332
cancel,17836,,,1686699332
cancel,18075,,,1686699332
cancel,19999,,,1686699332
newOrder,17836,0,10318,1686699362
newOrder,18075,1,10318,1686699362
newOrder,10702,0,24741,1686699362
newOrder,24957,1,24741,1686699362
cancel,10702,,,1686699931
cancel,17836,,,1686699931
cancel,18075,,,1686699931
cancel,24957,,,1686699931
newOrder,17836,0,10319,1686699958
newOrder,18075,1,10319,1686699958
newOrder,10702,0,46155,1686699958
newOrder,24999,1,46155,1686699958
cancel,10702,,,1686700531
cancel,17836,,,1686700531
cancel,18075,,,1686700531
cancel,24999,,,1686700531
newOrder,17836,0,10321,1686700558
newOrder,18075,1,10321,1686700558
newOrder,12204,0,15150,1686700558
newOrder,24957,1,15150,1686700558
cancel,12204,,,1686701131
cancel,17836,,,1686701131
cancel,18075,,,1686701131
cancel,24957,,,1686701131
newOrder,17836,0,10322,1686701158
newOrder,18075,1,10322,1686701158
newOrder,10702,0,43761,1686701158
newOrder,24999,1,43761,1686701158
cancel,10702,,,1686701731
cancel,17836,,,1686701731
cancel,18075,,,1686701731
cancel,24999,,,1686701731
newOrder,17836,0,10323,1686701759
newOrder,18075,1,10323,1686701759
newOrder,10702,0,37778,1686701759
newOrder,24999,1,37778,1686701759
cancel,10702,,,1686702331
cancel,17836,,,1686702331
cancel,18075,,,1686702331
cancel,24999,,,1686702331
newOrder,17836,0,10324,1686702362
newOrder,18075,1,10324,1686702362
newOrder,10702,0,33776,1686702362
newOrder,24957,1,33776,1686702362
cancel,10702,,,1686702931
cancel,17836,,,1686702931
cancel,18075,,,1686702931
cancel,24957,,,1686702931
newOrder,17836,0,10325,1686702958
newOrder,18075,1,10325,1686702958
newOrder,14002,0,9712,1686702958
newOrder,19999,1,9712,1686702958
cancel,14002,,,1686703531
cancel,17836,,,1686703531
cancel,18075,,,1686703531
cancel,19999,,,1686703531
newOrder,17836,0,10327,1686703559
newOrder,18075,1,10327,1686703559
newOrder,10702,0,35795,1686703559
newOrder,24999,1,35795,1686703559
cancel,10702,,,1686704131
cancel,17836,,,1686704131
cancel,18075,,,1686704131
cancel,24999,,,1686704131
newOrder,17836,0,10328,1686704157
newOrder,18075,1,10328,1686704157
newOrder,10702,0,43331,1686704157
newOrder,24999,1,43331,1686704157
cancel,10702,,,1686704731
cancel,17836,,,1686704731
cancel,18075,,,1686704731
cancel,24999,,,1686704731
newOrder,17836,0,10329,1686704759
newOrder,18075,1,10329,1686704759
newOrder,10702,0,25123,1686704759
newOrder,24957,1,25123,1686704759
cancel,10702,,,1686705331
cancel,17836,,,1686705331
cancel,18075,,,1686705331
cancel,24957,,,1686705331
newOrder,17836,0,10330,1686705359
newOrder,18075,1,10330,1686705359
newOrder,12162,0,19505,1686705359
newOrder,24957,1,19505,1686705359
cancel,12162,,,1686705931
cancel,17836,,,1686705931
cancel,18075,,,1686705931
cancel,24957,,,1686705931
newOrder,17836,0,10332,1686705957
newOrder,18075,1,10332,1686705957
newOrder,10702,0,24033,1686705957
newOrder,24957,1,24033,1686705957
cancel,10702,,,1686706531
cancel,17836,,,1686706531
cancel,18075,,,1686706531
cancel,24957,,,1686706531
newOrder,17836,0,10333,1686706559
newOrder,18075,1,10333,1686706559
newOrder,12204,0,17611,1686706559
newOrder,24957,1,17611,1686706559
cancel,12204,,,1686707131
cancel,17836,,,1686707131
cancel,18075,,,1686707131
cancel,24957,,,1686707131
newOrder,17836,0,10334,1686707160
newOrder,18075,1,10334,1686707160
newOrder,10702,0,41522,1686707160
newOrder,24999,1,41522,1686707160
cancel,10702,,,1686707731
cancel,17836,,,1686707731
cancel,18075,,,1686707731
cancel,24999,,,1686707731
newOrder,17836,0,10335,1686707761
newOrder,18075,1,10335,1686707761
newOrder,10702,0,54078,1686707761
newOrder,24999,1,54078,1686707761
cancel,10702,,,1686708330
cancel,17836,,,1686708330
cancel,18075,,,1686708330
cancel,24999,,,1686708330
newOrder,17836,0,10337,1686708359
newOrder,18075,1,10337,1686708359
newOrder,10702,0,33457,1686708359
newOrder,24957,1,33457,1686708359
cancel,10702,,,1686708932
cancel,17836,,,1686708932
cancel,18075,,,1686708932
cancel,24957,,,1686708932
newOrder,17836,0,10338,1686708960
newOrder,18075,1,10338,1686708960
newOrder,10702,0,29627,1686708960
newOrder,24957,1,29627,1686708960
cancel,10702,,,1686709531
cancel,17836,,,1686709531
cancel,18075,,,1686709531
cancel,24957,,,1686709531
newOrder,17836,0,10339,1686709559
newOrder,18075,1,10339,1686709559
newOrder,14002,0,10456,1686709559
newOrder,21899,1,10456,1686709559
cancel,14002,,,1686710129
cancel,17836,,,1686710129
cancel,18075,,,1686710129
cancel,21899,,,1686710129
newOrder,17836,0,10340,1686710158
newOrder,18075,1,10340,1686710158
newOrder,14002,0,9802,1686710158
newOrder,19999,1,9802,1686710158
cancel,14002,,,1686710731
cancel,17836,,,1686710731
cancel,18075,,,1686710731
cancel,19999,,,1686710731
newOrder,17836,0,10341,1686710758
newOrder,18075,1,10341,1686710758
newOrder,10702,0,38768,1686710758
newOrder,24999,1,38768,1686710758
cancel,10702,,,1686711331
cancel,17836,,,1686711331
cancel,18075,,,1686711331
cancel,24999,,,1686711331
newOrder,17836,0,10343,1686711359
newOrder,18075,1,10343,1686711359
newOrder,14002,0,10381,1686711359
newOrder,19999,1,10381,1686711359
cancel,14002,,,1686711930
cancel,17836,,,1686711930
cancel,18075,,,1686711930
cancel,19999,,,1686711930
newOrder,17836,0,10344,1686711961
newOrder,18075,1,10344,1686711961
newOrder,14002,0,9628,1686711961
newOrder,19999,1,9628,1686711961
cancel,14002,,,1686712531
cancel,17836,,,1686712531
cancel,18075,,,1686712531
cancel,19999,,,1686712531
newOrder,17836,0,10345,1686712557
newOrder,18075,1,10345,1686712557
newOrder,12204,0,12675,1686712557
newOrder,24957,1,12675,1686712557
cancel,12204,,,1686713131
cancel,17836,,,1686713131
cancel,18075,,,1686713131
cancel,24957,,,1686713131
newOrder,17836,0,10346,1686713157
newOrder,18075,1,10346,1686713157
newOrder,12013,0,21851,1686713157
newOrder,24957,1,21851,1686713157
cancel,12013,,,1686713731
cancel,17836,,,1686713731
cancel,18075,,,1686713731
cancel,24957,,,1686713731
newOrder,17836,0,10348,1686713757
newOrder,18075,1,10348,1686713757
newOrder,14002,0,6904,1686713757
newOrder,19999,1,6904,1686713757
cancel,14002,,,1686714330
cancel,17836,,,1686714330
cancel,18075,,,1686714330
cancel,19999,,,1686714330
newOrder,17836,0,10349,1686714359
newOrder,18075,1,10349,1686714359
newOrder,10702,0,26938,1686714359
newOrder,24957,1,26938,1686714359
cancel,10702,,,1686714930
cancel,17836,,,1686714930
cancel,18075,,,1686714930
cancel,24957,,,1686714930
newOrder,17836,0,10350,1686714958
newOrder,18075,1,10350,1686714958
newOrder,14002,0,10095,1686714958
newOrder,19999,1,10095,1686714958
cancel,14002,,,1686715531
cancel,17836,,,1686715531
cancel,18075,,,1686715531
cancel,19999,,,1686715531
newOrder,17836,0,10351,1686715560
newOrder,18075,1,10351,1686715560
newOrder,10702,0,33357,1686715560
newOrder,24957,1,33357,1686715560
cancel,10702,,,1686716131
cancel,17836,,,1686716131
cancel,18075,,,1686716131
cancel,24957,,,1686716131
newOrder,17836,0,10353,1686716159
newOrder,18075,1,10353,1686716159
newOrder,10702,0,30017,1686716159
newOrder,24957,1,30017,1686716159
cancel,10702,,,1686716731
cancel,17836,,,1686716731
cancel,18075,,,1686716731
cancel,24957,,,1686716731
newOrder,17836,0,10354,1686716758
newOrder,18075,1,10354,1686716758
newOrder,10702,0,31980,1686716758
newOrder,24957,1,31980,1686716758
cancel,10702,,,1686717330
cancel,17836,,,1686717330
cancel,18075,,,1686717330
cancel,24957,,,1686717330
newOrder,17836,0,10355,1686717360
newOrder,18075,1,10355,1686717360
newOrder,12162,0,20779,1686717360
newOrder,24957,1,20779,1686717360
cancel,12162,,,1686717931
cancel,17836,,,1686717931
cancel,18075,,,1686717931
cancel,24957,,,1686717931
newOrder,17836,0,10356,1686717958
newOrder,18075,1,10356,1686717958
newOrder,10702,0,29931,1686717958
newOrder,24957,1,29931,1686717958
cancel,10702,,,1686718531
cancel,17836,,,1686718531
cancel,18075,,,1686718531
cancel,24957,,,1686718531
newOrder,17836,0,10358,1686718558
newOrder,18075,1,10358,1686718558
newOrder,10702,0,54467,1686718558
newOrder,24999,1,54467,1686718558
cancel,10702,,,1686719131
cancel,17836,,,1686719131
cancel,18075,,,1686719131
cancel,24999,,,1686719131
newOrder,17836,0,10359,1686719158
newOrder,18075,1,10359,1686719158
newOrder,12162,0,21206,1686719158
newOrder,24957,1,21206,1686719158
cancel,12162,,,1686719731
cancel,17836,,,1686719731
cancel,18075,,,1686719731
cancel,24957,,,1686719731
newOrder,17836,0,10360,1686719759
newOrder,18075,1,10360,1686719759
newOrder,10702,0,29545,1686719759
newOrder,24957,1,29545,1686719759
cancel,10702,,,1686720330
cancel,17836,,,1686720330
cancel,18075,,,1686720330
cancel,24957,,,1686720330
newOrder,17836,0,10361,1686720358
newOrder,18075,1,10361,1686720358
newOrder,14002,0,7037,1686720358
newOrder,19999,1,7037,1686720358
cancel,14002,,,1686720931
cancel,17836,,,1686720931
cancel,18075,,,1686720931
cancel,19999,,,1686720931
newOrder,17836,0,10363,1686720958
newOrder,18075,1,10363,1686720958
newOrder,10702,0,30265,1686720958
newOrder,24957,1,30265,1686720958
cancel,10702,,,1686721531
cancel,17836,,,1686721531
cancel,18075,,,1686721531
cancel,24957,,,1686721531
newOrder,17836,0,10364,1686721559
newOrder,18075,1,10364,1686721559
newOrder,10702,0,46684,1686721559
newOrder,24999,1,46684,1686721559
cancel,10702,,,1686722131
cancel,17836,,,1686722131
cancel,18075,,,1686722131
cancel,24999,,,1686722131
newOrder,17836,0,10365,1686722158
newOrder,18075,1,10365,1686722158
newOrder,12162,0,19375,1686722158
newOrder,24957,1,19375,1686722158
cancel,12162,,,1686722731
cancel,17836,,,1686722731
cancel,18075,,,1686722731
cancel,24957,,,1686722731
newOrder,17836,0,10366,1686722759
newOrder,18075,1,10366,1686722759
newOrder,10702,0,27753,1686722759
newOrder,24957,1,27753,1686722759
cancel,10702,,,1686723331
cancel,17836,,,1686723331
cancel,18075,,,1686723331
cancel,24957,,,1686723331
newOrder,17836,0,10368,1686723358
newOrder,18075,1,10368,1686723358
newOrder,14002,0,10369,1686723358
newOrder,19999,1,10369,1686723358
cancel,14002,,,1686723931
cancel,17836,,,1686723931
cancel,18075,,,1686723931
cancel,19999,,,1686723931
newOrder,17836,0,10369,1686723959
newOrder,18075,1,10369,1686723959
newOrder,10702,0,25527,1686723959
newOrder,24957,1,25527,1686723959
cancel,10702,,,1686724530
cancel,17836,,,1686724530
cancel,18075,,,1686724530
cancel,24957,,,1686724530
newOrder,17836,0,10370,1686724558
newOrder,18075,1,10370,1686724558
newOrder,12204,0,15663,1686724558
newOrder,24957,1,15663,1686724558
cancel,12204,,,1686725132
cancel,17836,,,1686725132
cancel,18075,,,1686725132
cancel,24957,,,1686725132
newOrder,17836,0,10371,1686725159
newOrder,18075,1,10371,1686725159
newOrder,14002,0,6925,1686725159
newOrder,19999,1,6925,1686725159
cancel,14002,,,1686725731
cancel,17836,,,1686725731
cancel,18075,,,1686725731
cancel,19999,,,1686725731
newOrder,17836,0,10373,1686725757
newOrder,18075,1,10373,1686725757
newOrder,14002,0,8349,1686725757
newOrder,19999,1,8349,1686725757
cancel,14002,,,1686726331
cancel,17836,,,1686726331
cancel,18075,,,1686726331
cancel,19999,,,1686726331
newOrder,17836,0,10374,1686726359
newOrder,18075,1,10374,1686726359
newOrder,10702,0,42028,1686726359
newOrder,24999,1,42028,1686726359
cancel,10702,,,1686726932
cancel,17836,,,1686726932
cancel,18075,,,1686726932
cancel,24999,,,1686726932
newOrder,17836,0,10375,1686726960
newOrder,18075,1,10375,1686726960
newOrder,12204,0,11029,1686726960
newOrder,24957,1,11029,1686726960
cancel,12204,,,1686727531
cancel,17836,,,1686727531
cancel,18075,,,1686727531
cancel,24957,,,1686727531
newOrder,17836,0,10376,1686727559
newOrder,18075,1,10376,1686727559
newOrder,12204,0,11919,1686727559
newOrder,24957,1,11919,1686727559
cancel,12204,,,1686728131
cancel,17836,,,1686728131
cancel,18075,,,1686728131
cancel,24957,,,1686728131
newOrder,17836,0,10378,1686728159
newOrder,18075,1,10378,1686728159
newOrder,10702,0,22926,1686728159
newOrder,24957,1,22926,1686728159
cancel,10702,,,1686728731
cancel,17836,,,1686728731
cancel,18075,,,1686728731
cancel,24957,,,1686728731
newOrder,17836,0,10379,1686728758
newOrder,18075,1,10379,1686728758
newOrder,10702,0,52516,1686728758
newOrder,24999,1,52516,1686728758
cancel,10702,,,1686729332
cancel,17836,,,1686729332
cancel,18075,,,1686729332
cancel,24999,,,1686729332
newOrder,17836,0,10380,1686729362
newOrder,18075,1,10380,1686729362
newOrder,10702,0,25477,1686729362
newOrder,24957,1,25477,1686729362
cancel,10702,,,1686729931
cancel,17836,,,1686729931
cancel,18075,,,1686729931
cancel,24957,,,1686729931
newOrder,17836,0,10381,1686729959
newOrder,18075,1,10381,1686729959
newOrder,12204,0,15846,1686729959
newOrder,24957,1,15846,1686729959
cancel,12204,,,1686730531
cancel,17836,,,1686730531
cancel,18075,,,1686730531
cancel,24957,,,1686730531
newOrder,17836,0,10383,1686730559
newOrder,18075,1,10383,1686730559
newOrder,14002,0,6750,1686730559
newOrder,19999,1,6750,1686730559
cancel,14002,,,1686731131
cancel,17836,,,1686731131
cancel,18075,,,1686731131
cancel,19999,,,1686731131
newOrder,17836,0,10384,1686731160
newOrder,18075,1,10384,1686731160
newOrder,14002,0,7008,1686731160
newOrder,19999,1,7008,1686731160
cancel,14002,,,1686731731
cancel,17836,,,1686731731
cancel,18075,,,1686731731
cancel,19999,,,1686731731
newOrder,17836,0,10385,1686731759
newOrder,18075,1,10385,1686731759
newOrder,10702,0,35004,1686731759
newOrder,24957,1,35004,1686731759
cancel,10702,,,1686732331
cancel,17836,,,1686732331
cancel,18075,,,1686732331
cancel,24957,,,1686732331
newOrder,17836,0,10386,1686732358
newOrder,18075,1,10386,1686732358
newOrder,10702,0,55951,1686732358
newOrder,24999,1,55951,1686732358
cancel,10702,,,1686732934
cancel,17836,,,1686732934
cancel,18075,,,1686732934
cancel,24999,,,1686732934
newOrder,17836,0,10388,1686732970
newOrder,18075,1,10388,1686732970
newOrder,10702,0,50628,1686732970
newOrder,24999,1,50628,1686732970
cancel,10702,,,1686733530
cancel,17836,,,1686733530
cancel,18075,,,1686733530
cancel,24999,,,1686733530
newOrder,17836,0,10389,1686733557
newOrder,18075,1,10389,1686733557
newOrder,12204,0,13132,1686733557
newOrder,24957,1,13132,1686733557
cancel,12204,,,1686734131
cancel,17836,,,1686734131
cancel,18075,,,1686734131
cancel,24957,,,1686734131
newOrder,17836,0,10390,1686734158
newOrder,18075,1,10390,1686734158
newOrder,14002,0,10286,1686734158
newOrder,19999,1,10286,1686734158
cancel,14002,,,1686734731
cancel,17836,,,1686734731
cancel,18075,,,1686734731
cancel,19999,,,1686734731
newOrder,17836,0,10391,1686734756
newOrder,18075,1,10391,1686734756
newOrder,10702,0,38704,1686734756
newOrder,24999,1,38704,1686734756
cancel,10702,,,1686735331
cancel,17836,,,1686735331
cancel,18075,,,1686735331
cancel,24999,,,1686735331
newOrder,17836,0,10393,1686735357
newOrder,18075,1,10393,1686735357
newOrder,10702,0,51104,1686735357
newOrder,24999,1,51104,1686735357
cancel,10702,,,1686735931
cancel,17836,,,1686735931
cancel,18075,,,1686735931
cancel,24999,,,1686735931
newOrder,17836,0,10394,1686735957
newOrder,18075,1,10394,1686735957
newOrder,10702,0,31068,1686735957
newOrder,24957,1,31068,1686735957
cancel,10702,,,1686736531
cancel,17836,,,1686736531
cancel,18075,,,1686736531
cancel,24957,,,1686736531
newOrder,17836,0,10395,1686736558
newOrder,18075,1,10395,1686736558
newOrder,10702,0,34491,1686736558
newOrder,24957,1,34491,1686736558
cancel,10702,,,1686737131
cancel,17836,,,1686737131
cancel,18075,,,1686737131
cancel,24957,,,1686737131
newOrder,17836,0,10396,1686737159
newOrder,18075,1,10396,1686737159
newOrder,12204,0,11548,1686737159
newOrder,24957,1,11548,1686737159
cancel,12204,,,1686737731
cancel,17836,,,1686737731
cancel,18075,,,1686737731
cancel,24957,,,1686737731
newOrder,17696,0,10446,1686737758
newOrder,18075,1,10446,1686737758
newOrder,10618,0,50286,1686737758
newOrder,24999,1,50286,1686737758
cancel,10618,,,1686738331
cancel,17696,,,1686738331
cancel,18075,,,1686738331
cancel,24999,,,1686738331
newOrder,17697,0,10447,1686738359
newOrder,18075,1,10447,1686738359
newOrder,10618,0,30540,1686738359
newOrder,24957,1,30540,1686738359
cancel,10618,,,1686738931
cancel,17697,,,1686738931
cancel,18075,,,1686738931
cancel,24957,,,1686738931
newOrder,17695,0,10448,1686738965
newOrder,18075,1,10448,1686738965
newOrder,10617,0,43662,1686738965
newOrder,24999,1,43662,1686738965
cancel,10617,,,1686739531
cancel,17695,,,1686739531
cancel,18075,,,1686739531
cancel,24999,,,1686739531
newOrder,17697,0,10449,1686739560
newOrder,18075,1,10449,1686739560
newOrder,10618,0,32902,1686739560
newOrder,24957,1,32902,1686739560
cancel,10618,,,1686740131
cancel,17697,,,1686740131
cancel,18075,,,1686740131
cancel,24957,,,1686740131
newOrder,17696,0,10451,1686740158
newOrder,18075,1,10451,1686740158
newOrder,10618,0,50616,1686740158
newOrder,24999,1,50616,1686740158
cancel,10618,,,1686740731
cancel,17696,,,1686740731
cancel,18075,,,1686740731
cancel,24999,,,1686740731
newOrder,17695,0,10452,1686740758
newOrder,18075,1,10452,1686740758
newOrder,10617,0,48578,1686740758
newOrder,24999,1,48578,1686740758
cancel,10617,,,1686741332
cancel,17695,,,1686741332
cancel,18075,,,1686741332
cancel,24999,,,1686741332
newOrder,17696,0,10453,1686741360
newOrder,18075,1,10453,1686741360
newOrder,12204,0,13272,1686741360
newOrder,24957,1,13272,1686741360
cancel,12204,,,1686741931
cancel,17696,,,1686741931
cancel,18075,,,1686741931
cancel,24957,,,1686741931
newOrder,17695,0,10455,1686741959
newOrder,18075,1,10455,1686741959
newOrder,10617,0,26573,1686741959
newOrder,24957,1,26573,1686741959
cancel,10617,,,1686742531
cancel,17695,,,1686742531
cancel,18075,,,1686742531
cancel,24957,,,1686742531
newOrder,17696,0,10456,1686742559
newOrder,18075,1,10456,1686742559
newOrder,10618,0,46831,1686742559
newOrder,24999,1,46831,1686742559
cancel,10618,,,1686743131
cancel,17696,,,1686743131
cancel,18075,,,1686743131
cancel,24999,,,1686743131
newOrder,17794,0,10425,1686743157
newOrder,18075,1,10425,1686743157
newOrder,12204,0,15910,1686743157
newOrder,24957,1,15910,1686743157
cancel,12204,,,1686743731
cancel,17794,,,1686743731
cancel,18075,,,1686743731
cancel,24957,,,1686743731
newOrder,17794,0,10426,1686743759
newOrder,18075,1,10426,1686743759
newOrder,12204,0,14701,1686743759
newOrder,24957,1,14701,1686743759
cancel,12204,,,1686744332
cancel,17794,,,1686744332
cancel,18075,,,1686744332
cancel,24957,,,1686744332
newOrder,17794,0,10427,1686744361
newOrder,18075,1,10427,1686744361
newOrder,10677,0,53932,1686744361
newOrder,24999,1,53932,1686744361