instruction,price,side,qty,time
cancel,15742,,,1691151082
cancel,17830,,,1691151082
cancel,18075,,,1691151082
cancel,24999,,,1691151082
newOrder,17883,0,5130,1691151097
newOrder,18075,1,5130,1691151097
newOrder,15742,0,5590,1691151097
newOrder,19999,1,5590,1691151097
cancel,15742,,,1691151682
cancel,17883,,,1691151682
cancel,18075,,,1691151682
cancel,19999,,,1691151682
newOrder,17830,0,5140,1691151698
newOrder,18075,1,5140,1691151698
newOrder,12307,0,20926,1691151698
newOrder,24999,1,20926,1691151698
cancel,12307,,,1691152283
cancel,17830,,,1691152283
cancel,18075,,,1691152283
cancel,24999,,,1691152283
newOrder,17925,0,5122,1691152300
newOrder,18075,1,5122,1691152300
newOrder,12307,0,26725,1691152300
newOrder,24999,1,26725,1691152300
cancel,12307,,,1691152883
cancel,17925,,,1691152883
cancel,18075,,,1691152883
cancel,24999,,,1691152883
newOrder,17883,0,5132,1691152898
newOrder,18075,1,5132,1691152898
newOrder,15742,0,7117,1691152898
newOrder,24999,1,7117,1691152898
cancel,15742,,,1691153483
cancel,17883,,,1691153483
cancel,18075,,,1691153483
cancel,24999,,,1691153483
newOrder,17925,0,5117,1691153499
newOrder,18103,1,5117,1691153499
newOrder,15742,0,15481,1691153499
newOrder,24999,1,15481,1691153499
cancel,15742,,,1691154083
cancel,17925,,,1691154083
cancel,18103,,,1691154083
cancel,24999,,,1691154083
newOrder,17883,0,5133,1691154099
newOrder,18075,1,5133,1691154099
newOrder,15742,0,18639,1691154099
newOrder,24999,1,18639,1691154099
cancel,15742,,,1691154682
cancel,17883,,,1691154682
cancel,18075,,,1691154682
cancel,24999,,,1691154682
newOrder,17811,0,5147,1691154697
newOrder,18075,1,5147,1691154697
newOrder,12307,0,24366,1691154697
newOrder,24999,1,24366,1691154697
cancel,12307,,,1691155282
cancel,17811,,,1691155282
cancel,18075,,,1691155282
cancel,24999,,,1691155282
newOrder,17842,0,5142,1691155298
newOrder,18075,1,5142,1691155298
newOrder,15742,0,15270,1691155298
newOrder,24999,1,15270,1691155298
cancel,15742,,,1691155883
cancel,17842,,,1691155883
cancel,18075,,,1691155883
cancel,24999,,,1691155883
newOrder,17830,0,5145,1691155898
newOrder,18075,1,5145,1691155898
newOrder,15742,0,18645,1691155898
newOrder,24999,1,18645,1691155898
cancel,15742,,,1691156483
cancel,17830,,,1691156483
cancel,18075,,,1691156483
cancel,24999,,,1691156483
newOrder,17769,0,5156,1691156499
newOrder,18075,1,5156,1691156499
newOrder,15742,0,15515,1691156499
newOrder,24999,1,15515,1691156499
cancel,15742,,,1691157082
cancel,17769,,,1691157082
cancel,18075,,,1691157082
cancel,24999,,,1691157082
newOrder,17919,0,5129,1691157099
newOrder,18075,1,5129,1691157099
newOrder,15742,0,8105,1691157099
newOrder,24999,1,8105,1691157099
cancel,15742,,,1691157681
cancel,17919,,,1691157681
cancel,18075,,,1691157681
cancel,24999,,,1691157681
newOrder,17919,0,5129,1691157698
newOrder,18075,1,5129,1691157698
newOrder,15742,0,10293,1691157698
newOrder,24999,1,10293,1691157698
cancel,15742,,,1691158283
cancel,17919,,,1691158283
cancel,18075,,,1691158283
cancel,24999,,,1691158283
newOrder,17919,0,5130,1691158298
newOrder,18075,1,5130,1691158298
newOrder,12307,0,26404,1691158298
newOrder,24999,1,26404,1691158298
cancel,12307,,,1691158883
cancel,17919,,,1691158883
cancel,18075,,,1691158883
cancel,24999,,,1691158883
newOrder,17905,0,5134,1691158899
newOrder,18075,1,5134,1691158899
newOrder,12307,0,19685,1691158899
newOrder,24999,1,19685,1691158899
cancel,12307,,,1691159484
cancel,17905,,,1691159484
cancel,18075,,,1691159484
cancel,24999,,,1691159484
newOrder,17919,0,5131,1691159500
newOrder,18075,1,5131,1691159500
newOrder,12307,0,21188,1691159500
newOrder,24999,1,21188,1691159500
cancel,12307,,,1691160083
cancel,17919,,,1691160083
cancel,18075,,,1691160083
cancel,24999,,,1691160083
newOrder,17919,0,5132,1691160098
newOrder,18075,1,5132,1691160098
newOrder,15742,0,5799,1691160098
newOrder,21899,1,5799,1691160098
cancel,15742,,,1691160682
cancel,17919,,,1691160682
cancel,18075,,,1691160682
cancel,21899,,,1691160682
newOrder,17919,0,5133,1691160698
newOrder,18075,1,5133,1691160698
newOrder,12307,0,27379,1691160698
newOrder,24999,1,27379,1691160698
cancel,12307,,,1691161282
cancel,17919,,,1691161282
cancel,18075,,,1691161282
cancel,24999,,,1691161282
newOrder,17919,0,5133,1691161298
newOrder,18075,1,5133,1691161298
newOrder,12307,0,25660,1691161298
newOrder,24999,1,25660,1691161298
cancel,12307,,,1691161884
cancel,17919,,,1691161884
cancel,18075,,,1691161884
cancel,24999,,,1691161884
newOrder,17925,0,5125,1691161899
newOrder,18112,1,5125,1691161899
newOrder,12307,0,20598,1691161899
newOrder,24999,1,20598,1691161899
cancel,12307,,,1691162482
cancel,17925,,,1691162482
cancel,18112,,,1691162482
cancel,24999,,,1691162482
newOrder,17910,0,5137,1691162498
newOrder,18075,1,5137,1691162498
newOrder,15742,0,11393,1691162498
newOrder,24999,1,11393,1691162498
cancel,15742,,,1691163083
cancel,17910,,,1691163083
cancel,18075,,,1691163083
cancel,24999,,,1691163083
newOrder,17787,0,5161,1691163098
newOrder,18075,1,5161,1691163098
newOrder,15742,0,11281,1691163098
newOrder,24999,1,11281,1691163098
cancel,15742,,,1691163682
cancel,17787,,,1691163682
cancel,18075,,,1691163682
cancel,24999,,,1691163682
newOrder,17824,0,5155,1691163699
newOrder,18075,1,5155,1691163699
newOrder,12309,0,19253,1691163699
newOrder,24999,1,19253,1691163699
cancel,12309,,,1691164282
cancel,17824,,,1691164282
cancel,18075,,,1691164282
cancel,24999,,,1691164282
newOrder,17830,0,5154,1691164297
newOrder,18075,1,5154,1691164297
newOrder,14501,0,18879,1691164297
newOrder,24999,1,18879,1691164297
cancel,14501,,,1691164882
cancel,17830,,,1691164882
cancel,18075,,,1691164882
cancel,24999,,,1691164882
newOrder,17844,0,5153,1691164897
newOrder,18075,1,5153,1691164897
newOrder,15761,0,3615,1691164897
newOrder,19999,1,3615,1691164897
cancel,15761,,,1691165482
cancel,17844,,,1691165482
cancel,18075,,,1691165482
cancel,19999,,,1691165482
newOrder,17841,0,5154,1691165499
newOrder,18075,1,5154,1691165499
newOrder,12307,0,23053,1691165499
newOrder,24999,1,23053,1691165499
cancel,12307,,,1691166083
cancel,17841,,,1691166083
cancel,18075,,,1691166083
cancel,24999,,,1691166083
newOrder,17835,0,5156,1691166097
newOrder,18075,1,5156,1691166097
newOrder,15742,0,5807,1691166097
newOrder,21899,1,5807,1691166097
cancel,15742,,,1691166682
cancel,17835,,,1691166682
cancel,18075,,,1691166682
cancel,21899,,,1691166682
newOrder,17836,0,5156,1691166697
newOrder,18075,1,5156,1691166697
newOrder,15742,0,17387,1691166697
newOrder,24999,1,17387,1691166697
cancel,15742,,,1691167282
cancel,17836,,,1691167282
cancel,18075,,,1691167282
cancel,24999,,,1691167282
newOrder,17826,0,5159,1691167298
newOrder,18075,1,5159,1691167298
newOrder,15742,0,7300,1691167298
newOrder,24999,1,7300,1691167298
cancel,15742,,,1691167882
cancel,17826,,,1691167882
cancel,18075,,,1691167882
cancel,24999,,,1691167882
newOrder,17826,0,5159,1691167899
newOrder,18075,1,5159,1691167899
newOrder,15742,0,6768,1691167899
newOrder,24999,1,6768,1691167899
cancel,15742,,,1691168482
cancel,17826,,,1691168482
cancel,18075,,,1691168482
cancel,24999,,,1691168482
newOrder,17841,0,5157,1691168502
newOrder,18075,1,5157,1691168502
newOrder,15742,0,13927,1691168502
newOrder,24999,1,13927,1691168502
cancel,15742,,,1691169082
cancel,17841,,,1691169082
cancel,18075,,,1691169082
cancel,24999,,,1691169082
newOrder,17871,0,5152,1691169099
newOrder,18075,1,5152,1691169099
newOrder,15742,0,17645,1691169099
newOrder,24999,1,17645,1691169099
cancel,15742,,,1691169682
cancel,17871,,,1691169682
cancel,18075,,,1691169682
cancel,24999,,,1691169682
newOrder,17854,0,5156,1691169699
newOrder,18075,1,5156,1691169699
newOrder,15742,0,6675,1691169699
newOrder,24999,1,6675,1691169699
cancel,15742,,,1691170282
cancel,17854,,,1691170282
cancel,18075,,,1691170282
cancel,24999,,,1691170282
newOrder,17868,0,5154,1691170298
newOrder,18075,1,5154,1691170298
newOrder,15761,0,4294,1691170298
newOrder,19999,1,4294,1691170298
cancel,15761,,,1691170882
cancel,17868,,,1691170882
cancel,18075,,,1691170882
cancel,19999,,,1691170882
newOrder,17834,0,5161,1691170897
newOrder,18075,1,5161,1691170897
newOrder,15742,0,17877,1691170897
newOrder,24999,1,17877,1691170897
cancel,15742,,,1691171482
cancel,17834,,,1691171482
cancel,18075,,,1691171482
cancel,24999,,,1691171482
newOrder,17828,0,5163,1691171499
newOrder,18075,1,5163,1691171499
newOrder,12307,0,20227,1691171499
newOrder,24999,1,20227,1691171499
cancel,12307,,,1691172083
cancel,17828,,,1691172083
cancel,18075,,,1691172083
cancel,24999,,,1691172083
newOrder,17840,0,5161,1691172098
newOrder,18075,1,5161,1691172098
newOrder,15742,0,12098,1691172098
newOrder,24999,1,12098,1691172098
cancel,15742,,,1691172683
cancel,17840,,,1691172683
cancel,18075,,,1691172683
cancel,24999,,,1691172683
newOrder,17894,0,5151,1691172699
newOrder,18075,1,5151,1691172699
newOrder,15761,0,3244,1691172699
newOrder,19999,1,3244,1691172699
cancel,15761,,,1691173282
cancel,17894,,,1691173282
cancel,18075,,,1691173282
cancel,19999,,,1691173282
newOrder,17845,0,5162,1691173299
newOrder,18075,1,5162,1691173299
newOrder,12307,0,26518,1691173299
newOrder,24999,1,26518,1691173299
cancel,12307,,,1691173883
cancel,17845,,,1691173883
cancel,18075,,,1691173883
cancel,24999,,,1691173883
newOrder,17834,0,5165,1691173899
newOrder,18075,1,5165,1691173899
newOrder,15742,0,15025,1691173899
newOrder,24999,1,15025,1691173899
cancel,15742,,,1691174482
cancel,17834,,,1691174482
cancel,18075,,,1691174482
cancel,24999,,,1691174482
newOrder,17849,0,5162,1691174498
newOrder,18075,1,5162,1691174498
newOrder,12307,0,21474,1691174498
newOrder,24999,1,21474,1691174498
cancel,12307,,,1691175082
cancel,17849,,,1691175082
cancel,18075,,,1691175082
cancel,24999,,,1691175082
newOrder,17827,0,5167,1691175098
newOrder,18075,1,5167,1691175098
newOrder,15761,0,4757,1691175098
newOrder,19999,1,4757,1691175098
cancel,15761,,,1691175683
cancel,17827,,,1691175683
cancel,18075,,,1691175683
cancel,19999,,,1691175683
newOrder,17855,0,5163,1691175697
newOrder,18075,1,5163,1691175697
newOrder,12307,0,27593,1691175697
newOrder,24999,1,27593,1691175697
cancel,12307,,,1691176282
cancel,17855,,,1691176282
cancel,18075,,,1691176282
cancel,24999,,,1691176282
newOrder,17831,0,5168,1691176297
newOrder,18075,1,5168,1691176297
newOrder,15742,0,5902,1691176297
newOrder,21899,1,5902,1691176297
cancel,15742,,,1691176882
cancel,17831,,,1691176882
cancel,18075,,,1691176882
cancel,21899,,,1691176882
newOrder,17827,0,5169,1691176897
newOrder,18075,1,5169,1691176897
newOrder,12307,0,23463,1691176897
newOrder,24999,1,23463,1691176897
cancel,12307,,,1691177482
cancel,17827,,,1691177482
cancel,18075,,,1691177482
cancel,24999,,,1691177482
newOrder,17854,0,5165,1691177498
newOrder,18075,1,5165,1691177498
newOrder,12307,0,21027,1691177498
newOrder,24999,1,21027,1691177498
cancel,12307,,,1691178083
cancel,17854,,,1691178083
cancel,18075,,,1691178083
cancel,24999,,,1691178083
newOrder,17841,0,5168,1691178098
newOrder,18075,1,5168,1691178098
newOrder,15761,0,3451,1691178098
newOrder,19999,1,3451,1691178098
cancel,15761,,,1691178682
cancel,17841,,,1691178682
cancel,18075,,,1691178682
cancel,19999,,,1691178682
newOrder,17856,0,5166,1691178697
newOrder,18075,1,5166,1691178697
newOrder,15742,0,6799,1691178697
newOrder,24999,1,6799,1691178697
cancel,15742,,,1691179282
cancel,17856,,,1691179282
cancel,18075,,,1691179282
cancel,24999,,,1691179282
newOrder,17858,0,5166,1691179298
newOrder,18075,1,5166,1691179298
newOrder,12307,0,24614,1691179298
newOrder,24999,1,24614,1691179298
cancel,12307,,,1691179883
cancel,17858,,,1691179883
cancel,18075,,,1691179883
cancel,24999,,,1691179883
newOrder,17827,0,5173,1691179899
newOrder,18075,1,5173,1691179899
newOrder,12307,0,25389,1691179899
newOrder,24999,1,25389,1691179899
cancel,12307,,,1691180482
cancel,17827,,,1691180482
cancel,18075,,,1691180482
cancel,24999,,,1691180482
newOrder,17851,0,5169,1691180498
newOrder,18075,1,5169,1691180498
newOrder,12307,0,27594,1691180498
newOrder,24999,1,27594,1691180498
cancel,12307,,,1691181083
cancel,17851,,,1691181083
cancel,18075,,,1691181083
cancel,24999,,,1691181083
newOrder,17852,0,5169,1691181099
newOrder,18075,1,5169,1691181099
newOrder,15742,0,8427,1691181099
newOrder,24999,1,8427,1691181099
cancel,15742,,,1691181682
cancel,17852,,,1691181682
cancel,18075,,,1691181682
cancel,24999,,,1691181682
newOrder,17864,0,5168,1691181696
newOrder,18075,1,5168,1691181696
newOrder,12307,0,22660,1691181696
newOrder,24999,1,22660,1691181696
cancel,12307,,,1691182283
cancel,17864,,,1691182283
cancel,18075,,,1691182283
cancel,24999,,,1691182283
newOrder,17878,0,5165,1691182300
newOrder,18075,1,5165,1691182300
newOrder,15742,0,18181,1691182300
newOrder,24999,1,18181,1691182300
cancel,15742,,,1691182883
cancel,17878,,,1691182883
cancel,18075,,,1691182883
cancel,24999,,,1691182883
newOrder,17859,0,5170,1691182898
newOrder,18075,1,5170,1691182898
newOrder,15742,0,6065,1691182898
newOrder,23999,1,6065,1691182898
cancel,15742,,,1691183482
cancel,17859,,,1691183482
cancel,18075,,,1691183482
cancel,23999,,,1691183482
newOrder,17847,0,5173,1691183498
newOrder,18075,1,5173,1691183498
newOrder,12307,0,20103,1691183498
newOrder,24999,1,20103,1691183498
cancel,12307,,,1691184082
cancel,17847,,,1691184082
cancel,18075,,,1691184082
cancel,24999,,,1691184082
newOrder,17827,0,5177,1691184097
newOrder,18075,1,5177,1691184097
newOrder,15742,0,17566,1691184097
newOrder,24999,1,17566,1691184097
cancel,15742,,,1691184682
cancel,17827,,,1691184682
cancel,18075,,,1691184682
cancel,24999,,,1691184682
newOrder,17839,0,5176,1691184698
newOrder,18075,1,5176,1691184698
newOrder,12307,0,27473,1691184698
newOrder,24999,1,27473,1691184698
cancel,12307,,,1691185282
cancel,17839,,,1691185282
cancel,18075,,,1691185282
cancel,24999,,,1691185282
newOrder,17895,0,5165,1691185300
newOrder,18075,1,5165,1691185300
newOrder,12307,0,20033,1691185300
newOrder,24999,1,20033,1691185300
cancel,12307,,,1691185883
cancel,17895,,,1691185883
cancel,18075,,,1691185883
cancel,24999,,,1691185883
newOrder,17849,0,5175,1691185898
newOrder,18075,1,5175,1691185898
newOrder,15742,0,14361,1691185898
newOrder,24999,1,14361,1691185898
cancel,15742,,,1691186482
cancel,17849,,,1691186482
cancel,18075,,,1691186482
cancel,24999,,,1691186482
newOrder,17878,0,5170,1691186497
newOrder,18075,1,5170,1691186497
newOrder,15742,0,13689,1691186497
newOrder,24999,1,13689,1691186497
cancel,15742,,,1691187082
cancel,17878,,,1691187082
cancel,18075,,,1691187082
cancel,24999,,,1691187082
newOrder,17849,0,5177,1691187097
newOrder,18075,1,5177,1691187097
newOrder,12307,0,21560,1691187097
newOrder,24999,1,21560,1691187097
cancel,12307,,,1691187685
cancel,17849,,,1691187685
cancel,18075,,,1691187685
cancel,24999,,,1691187685
newOrder,17849,0,5177,1691187701
newOrder,18075,1,5177,1691187701
newOrder,15742,0,15364,1691187701
newOrder,24999,1,15364,1691187701
cancel,15742,,,1691188283
cancel,17849,,,1691188283
cancel,18075,,,1691188283
cancel,24999,,,1691188283
newOrder,17849,0,5178,1691188298
newOrder,18075,1,5178,1691188298
newOrder,12307,0,26399,1691188298
newOrder,24999,1,26399,1691188298
cancel,12307,,,1691188882
cancel,17849,,,1691188882
cancel,18075,,,1691188882
cancel,24999,,,1691188882
newOrder,17849,0,5179,1691188897
newOrder,18075,1,5179,1691188897
newOrder,15742,0,17910,1691188897
newOrder,24999,1,17910,1691188897
cancel,15742,,,1691189482
cancel,17849,,,1691189482
cancel,18075,,,1691189482
cancel,24999,,,1691189482
newOrder,17849,0,5179,1691189498
newOrder,18075,1,5179,1691189498
newOrder,15742,0,6939,1691189498
newOrder,24999,1,6939,1691189498
cancel,15742,,,1691190083
cancel,17849,,,1691190083
cancel,18075,,,1691190083
cancel,24999,,,1691190083
newOrder,17866,0,5177,1691190098
newOrder,18075,1,5177,1691190098
newOrder,15742,0,11880,1691190098
newOrder,24999,1,11880,1691190098
cancel,15742,,,1691190682
cancel,17866,,,1691190682
cancel,18075,,,1691190682
cancel,24999,,,1691190682
newOrder,17866,0,5177,1691190697
newOrder,18075,1,5177,1691190697
newOrder,12307,0,26974,1691190697
newOrder,24999,1,26974,1691190697
cancel,12307,,,1691191282
cancel,17866,,,1691191282
cancel,18075,,,1691191282
cancel,24999,,,1691191282
newOrder,17849,0,5181,1691191297
newOrder,18075,1,5181,1691191297
newOrder,12307,0,24017,1691191297
newOrder,24999,1,24017,1691191297
cancel,12307,,,1691191882
cancel,17849,,,1691191882
cancel,18075,,,1691191882
cancel,24999,,,1691191882
newOrder,17831,0,5185,1691191897
newOrder,18075,1,5185,1691191897
newOrder,15742,0,12781,1691191897
newOrder,24999,1,12781,1691191897
cancel,15742,,,1691192482
cancel,17831,,,1691192482
cancel,18075,,,1691192482
cancel,24999,,,1691192482
newOrder,17849,0,5183,1691192497
newOrder,18075,1,5183,1691192497
newOrder,15761,0,4380,1691192497
newOrder,19999,1,4380,1691192497
cancel,15761,,,1691193082
cancel,17849,,,1691193082
cancel,18075,,,1691193082
cancel,19999,,,1691193082
newOrder,17849,0,5183,1691193097
newOrder,18075,1,5183,1691193097
newOrder,15742,0,14775,1691193097
newOrder,24999,1,14775,1691193097
cancel,15742,,,1691193682
cancel,17849,,,1691193682
cancel,18075,,,1691193682
cancel,24999,,,1691193682
newOrder,17849,0,5184,1691193697
newOrder,18075,1,5184,1691193697
newOrder,15742,0,9805,1691193697
newOrder,24999,1,9805,1691193697
cancel,15742,,,1691194282
cancel,17849,,,1691194282
cancel,18075,,,1691194282
cancel,24999,,,1691194282
newOrder,17849,0,5185,1691194297
newOrder,18075,1,5185,1691194297
newOrder,15742,0,15250,1691194297
newOrder,24999,1,15250,1691194297
cancel,15742,,,1691194882
cancel,17849,,,1691194882
cancel,18075,,,1691194882
cancel,24999,,,1691194882
newOrder,17849,0,5185,1691194898
newOrder,18075,1,5185,1691194898
newOrder,15761,0,4983,1691194898
newOrder,19999,1,4983,1691194898
cancel,15761,,,1691195482
cancel,17849,,,1691195482
cancel,18075,,,1691195482
cancel,19999,,,1691195482
newOrder,17897,0,5176,1691195498
newOrder,18075,1,5176,1691195498
newOrder,15761,0,3917,1691195498
newOrder,19999,1,3917,1691195498
cancel,15761,,,1691196082
cancel,17897,,,1691196082
cancel,18075,,,1691196082
cancel,19999,,,1691196082
newOrder,17874,0,5182,1691196097
newOrder,18075,1,5182,1691196097
newOrder,12309,0,19311,1691196097
newOrder,24999,1,19311,1691196097
cancel,12309,,,1691196682
cancel,17874,,,1691196682
cancel,18075,,,1691196682
cancel,24999,,,1691196682
newOrder,17866,0,5184,1691196697
newOrder,18075,1,5184,1691196697
newOrder,15742,0,8407,1691196697
newOrder,24999,1,8407,1691196697
cancel,15742,,,1691197284
cancel,17866,,,1691197284
cancel,18075,,,1691197284
cancel,24999,,,1691197284
newOrder,17866,0,5185,1691197299
newOrder,18075,1,5185,1691197299
newOrder,15742,0,18547,1691197299
newOrder,24999,1,18547,1691197299
cancel,15742,,,1691197883
cancel,17866,,,1691197883
cancel,18075,,,1691197883
cancel,24999,,,1691197883
newOrder,17866,0,5185,1691197898
newOrder,18075,1,5185,1691197898
newOrder,12307,0,20342,1691197898
newOrder,24999,1,20342,1691197898
cancel,12307,,,1691198482
cancel,17866,,,1691198482
cancel,18075,,,1691198482
cancel,24999,,,1691198482
newOrder,17871,0,5185,1691198497
newOrder,18075,1,5185,1691198497
newOrder,15742,0,17129,1691198497
newOrder,24999,1,17129,1691198497
cancel,15742,,,1691199081
cancel,17871,,,1691199081
cancel,18075,,,1691199081
cancel,24999,,,1691199081
newOrder,17866,0,5187,1691199097
newOrder,18075,1,5187,1691199097
newOrder,15762,0,6612,1691199097
newOrder,24999,1,6612,1691199097
cancel,15762,,,1691199683
cancel,17866,,,1691199683
cancel,18075,,,1691199683
cancel,24999,,,1691199683
newOrder,17839,0,5193,1691199699
newOrder,18075,1,5193,1691199699
newOrder,15742,0,21315,1691199699
newOrder,24999,1,21315,1691199699
cancel,15742,,,1691200283
cancel,17839,,,1691200283
cancel,18075,,,1691200283
cancel,24999,,,1691200283
newOrder,17866,0,5188,1691200298
newOrder,18075,1,5188,1691200298
newOrder,15742,0,18563,1691200298
newOrder,24999,1,18563,1691200298
cancel,15742,,,1691200882
cancel,17866,,,1691200882
cancel,18075,,,1691200882
cancel,24999,,,1691200882
newOrder,17866,0,5189,1691200897
newOrder,18075,1,5189,1691200897
newOrder,15742,0,17869,1691200897
newOrder,24999,1,17869,1691200897
cancel,15742,,,1691201483
cancel,17866,,,1691201483
cancel,18075,,,1691201483
cancel,24999,,,1691201483
newOrder,17866,0,5190,1691201498
newOrder,18075,1,5190,1691201498
newOrder,15742,0,20016,1691201498
newOrder,24999,1,20016,1691201498
cancel,15742,,,1691202084
cancel,17866,,,1691202084
cancel,18075,,,1691202084
cancel,24999,,,1691202084
newOrder,17846,0,5194,1691202099
newOrder,18075,1,5194,1691202099
newOrder,15742,0,20441,1691202099
newOrder,24999,1,20441,1691202099
cancel,15742,,,1691202682
cancel,17846,,,1691202682
cancel,18075,,,1691202682
cancel,24999,,,1691202682
newOrder,17849,0,5194,1691202697
newOrder,18075,1,5194,1691202697
newOrder,15761,0,10344,1691202697
newOrder,24999,1,10344,1691202697
cancel,15761,,,1691203282
cancel,17849,,,1691203282
cancel,18075,,,1691203282
cancel,24999,,,1691203282
newOrder,17832,0,5198,1691203297
newOrder,18075,1,5198,1691203297
newOrder,14501,0,23970,1691203297
newOrder,24999,1,23970,1691203297
cancel,14501,,,1691203882
cancel,17832,,,1691203882
cancel,18075,,,1691203882
cancel,24999,,,1691203882
newOrder,17841,0,5197,1691203899
newOrder,18075,1,5197,1691203899
newOrder,15742,0,23723,1691203899
newOrder,24999,1,23723,1691203899
cancel,15742,,,1691204482
cancel,17841,,,1691204482
cancel,18075,,,1691204482
cancel,24999,,,1691204482
newOrder,17866,0,5193,1691204497
newOrder,18075,1,5193,1691204497
newOrder,15742,0,11661,1691204497
newOrder,24999,1,11661,1691204497
cancel,15742,,,1691205082
cancel,17866,,,1691205082
cancel,18075,,,1691205082
cancel,24999,,,1691205082
newOrder,17866,0,5194,1691205097
newOrder,18075,1,5194,1691205097
newOrder,15742,0,23782,1691205097
newOrder,24999,1,23782,1691205097
cancel,15742,,,1691205683
cancel,17866,,,1691205683
cancel,18075,,,1691205683
cancel,24999,,,1691205683
newOrder,17839,0,5200,1691205698
newOrder,18075,1,5200,1691205698
newOrder,15762,0,4766,1691205698
newOrder,19999,1,4766,1691205698
cancel,15762,,,1691206282
cancel,17839,,,1691206282
cancel,18075,,,1691206282
cancel,19999,,,1691206282
newOrder,17866,0,5195,1691206298
newOrder,18075,1,5195,1691206298
newOrder,12310,0,27962,1691206298
newOrder,24999,1,27962,1691206298
cancel,12310,,,1691206882
cancel,17866,,,1691206882
cancel,18075,,,1691206882
cancel,24999,,,1691206882
newOrder,17842,0,5200,1691206899
newOrder,18075,1,5200,1691206899
newOrder,15742,0,19787,1691206899
newOrder,24999,1,19787,1691206899
cancel,15742,,,1691207482
cancel,17842,,,1691207482
cancel,18075,,,1691207482
cancel,24999,,,1691207482
newOrder,17857,0,5198,1691207497
newOrder,18075,1,5198,1691207497
newOrder,12310,0,25770,1691207497
newOrder,24999,1,25770,1691207497
cancel,12310,,,1691208082
cancel,17857,,,1691208082
cancel,18075,,,1691208082
cancel,24999,,,1691208082
newOrder,17875,0,5195,1691208098
newOrder,18075,1,5195,1691208098
newOrder,15742,0,12166,1691208098
newOrder,24999,1,12166,1691208098
cancel,15742,,,1691208682
cancel,17875,,,1691208682
cancel,18075,,,1691208682
cancel,24999,,,1691208682
newOrder,17853,0,5200,1691208697
newOrder,18075,1,5200,1691208697
newOrder,15742,0,21267,1691208697
newOrder,24999,1,21267,1691208697
cancel,15742,,,1691209282
cancel,17853,,,1691209282
cancel,18075,,,1691209282
cancel,24999,,,1691209282
newOrder,17837,0,5204,1691209298
newOrder,18075,1,5204,1691209298
newOrder,12310,0,26392,1691209298
newOrder,24999,1,26392,1691209298
cancel,12310,,,1691209882
cancel,17837,,,1691209882
cancel,18075,,,1691209882
cancel,24999,,,1691209882
newOrder,17847,0,5203,1691209899
newOrder,18075,1,5203,1691209899
newOrder,12310,0,25339,1691209899
newOrder,24999,1,25339,1691209899
cancel,12310,,,1691210483
cancel,17847,,,1691210483
cancel,18075,,,1691210483
cancel,24999,,,1691210483
newOrder,17853,0,5203,1691210498
newOrder,18075,1,5203,1691210498
newOrder,15742,0,21473,1691210498
newOrder,24999,1,21473,1691210498
cancel,15742,,,1691211083
cancel,17853,,,1691211083
cancel,18075,,,1691211083
cancel,24999,,,1691211083
newOrder,17853,0,5203,1691211098
newOrder,18075,1,5203,1691211098
newOrder,15742,0,11579,1691211098
newOrder,24999,1,11579,1691211098
cancel,15742,,,1691211683
cancel,17853,,,1691211683
cancel,18075,,,1691211683
cancel,24999,,,1691211683
newOrder,17853,0,5204,1691211697
newOrder,18075,1,5204,1691211697
newOrder,15742,0,20468,1691211697
newOrder,24999,1,20468,1691211697
cancel,15742,,,1691212282
cancel,17853,,,1691212282
cancel,18075,,,1691212282
cancel,24999,,,1691212282
newOrder,17840,0,5207,1691212298
newOrder,18075,1,5207,1691212298
newOrder,15742,0,11521,1691212298
newOrder,24999,1,11521,1691212298
cancel,15742,,,1691212882
cancel,17840,,,1691212882
cancel,18075,,,1691212882
cancel,24999,,,1691212882
newOrder,17853,0,5205,1691212899
newOrder,18075,1,5205,1691212899
newOrder,15742,0,19833,1691212899
newOrder,24999,1,19833,1691212899
cancel,15742,,,1691213483
cancel,17853,,,1691213483
cancel,18075,,,1691213483
cancel,24999,,,1691213483
newOrder,17861,0,5204,1691213497
newOrder,18075,1,5204,1691213497
newOrder,15742,0,19294,1691213497
newOrder,24999,1,19294,1691213497
cancel,15742,,,1691214083
cancel,17861,,,1691214083
cancel,18075,,,1691214083
cancel,24999,,,1691214083
newOrder,17848,0,5208,1691214099
newOrder,18075,1,5208,1691214099
newOrder,15742,0,10869,1691214099
newOrder,24999,1,10869,1691214099
cancel,15742,,,1691214682
cancel,17848,,,1691214682
cancel,18075,,,1691214682
cancel,24999,,,1691214682
newOrder,17853,0,5207,1691214698
newOrder,18075,1,5207,1691214698
newOrder,15742,0,13159,1691214698
newOrder,24999,1,13159,1691214698
cancel,15742,,,1691215282
cancel,17853,,,1691215282
cancel,18075,,,1691215282
cancel,24999,,,1691215282
newOrder,17828,0,5213,1691215297
newOrder,18075,1,5213,1691215297
newOrder,12310,0,24839,1691215297
newOrder,24999,1,24839,1691215297
cancel,12310,,,1691215882
cancel,17828,,,1691215882
cancel,18075,,,1691215882
cancel,24999,,,1691215882
newOrder,17853,0,5209,1691215897
newOrder,18075,1,5209,1691215897
newOrder,15742,0,13616,1691215897
newOrder,24999,1,13616,1691215897
cancel,15742,,,1691216482
cancel,17853,,,1691216482
cancel,18075,,,1691216482
cancel,24999,,,1691216482
newOrder,17820,0,5216,1691216497
newOrder,18075,1,5216,1691216497
newOrder,15762,0,3576,1691216497
newOrder,19999,1,3576,1691216497
cancel,15762,,,1691217082
cancel,17820,,,1691217082
cancel,18075,,,1691217082
cancel,19999,,,1691217082
newOrder,17750,0,5228,1691217098
newOrder,18075,1,5228,1691217098
newOrder,15762,0,5052,1691217098
newOrder,19999,1,5052,1691217098
cancel,15762,,,1691217682
cancel,17750,,,1691217682
cancel,18075,,,1691217682
cancel,19999,,,1691217682
newOrder,17805,0,5220,1691217698
newOrder,18075,1,5220,1691217698
newOrder,15762,0,10195,1691217698
newOrder,24999,1,10195,1691217698
cancel,15762,,,1691218282
cancel,17805,,,1691218282
cancel,18075,,,1691218282
cancel,24999,,,1691218282
newOrder,17790,0,5223,1691218298
newOrder,18075,1,5223,1691218298
newOrder,15762,0,4631,1691218298
newOrder,19999,1,4631,1691218298
cancel,15762,,,1691218882
cancel,17790,,,1691218882
cancel,18075,,,1691218882
cancel,19999,,,1691218882
newOrder,17783,0,5225,1691218898
newOrder,18075,1,5225,1691218898
newOrder,15762,0,6012,1691218898
newOrder,21899,1,6012,1691218898
cancel,15762,,,1691219483
cancel,17783,,,1691219483
cancel,18075,,,1691219483
cancel,21899,,,1691219483
newOrder,17757,0,5230,1691219499
newOrder,18075,1,5230,1691219499
newOrder,15742,0,21852,1691219499
newOrder,24999,1,21852,1691219499
cancel,15742,,,1691220083
cancel,17757,,,1691220083
cancel,18075,,,1691220083
cancel,24999,,,1691220083
newOrder,17796,0,5224,1691220097
newOrder,18075,1,5224,1691220097
newOrder,15742,0,12403,1691220097
newOrder,24999,1,12403,1691220097
cancel,15742,,,1691220682
cancel,17796,,,1691220682
cancel,18075,,,1691220682
cancel,24999,,,1691220682
newOrder,17739,0,5234,1691220698
newOrder,18075,1,5234,1691220698
newOrder,15762,0,8087,1691220698
newOrder,24999,1,8087,1691220698
cancel,15762,,,1691221283
cancel,17739,,,1691221283
cancel,18075,,,1691221283
cancel,24999,,,1691221283
newOrder,17790,0,5227,1691221298
newOrder,18075,1,5227,1691221298
newOrder,15762,0,6487,1691221298
newOrder,24999,1,6487,1691221298
cancel,15762,,,1691221882
cancel,17790,,,1691221882
cancel,18075,,,1691221882
cancel,24999,,,1691221882
newOrder,17791,0,5227,1691221897
newOrder,18075,1,5227,1691221897
newOrder,15762,0,4925,1691221897
newOrder,19999,1,4925,1691221897
cancel,15762,,,1691222482
cancel,17791,,,1691222482
cancel,18075,,,1691222482
cancel,19999,,,1691222482
newOrder,17766,0,5232,1691222497
newOrder,18075,1,5232,1691222497
newOrder,15742,0,22637,1691222497
newOrder,24999,1,22637,1691222497
cancel,15742,,,1691223082
cancel,17766,,,1691223082
cancel,18075,,,1691223082
cancel,24999,,,1691223082
newOrder,17717,0,5240,1691223099
newOrder,18075,1,5240,1691223099
newOrder,15742,0,14804,1691223099
newOrder,24999,1,14804,1691223099
cancel,15742,,,1691223682
cancel,17717,,,1691223682
cancel,18075,,,1691223682
cancel,24999,,,1691223682
newOrder,17769,0,5233,1691223698
newOrder,18075,1,5233,1691223698
newOrder,15762,0,9703,1691223698
newOrder,24999,1,9703,1691223698
cancel,15762,,,1691224282
cancel,17769,,,1691224282
cancel,18075,,,1691224282
cancel,24999,,,1691224282
newOrder,17719,0,5242,1691224298
newOrder,18075,1,5242,1691224298
newOrder,15762,0,4288,1691224298
newOrder,19999,1,4288,1691224298
cancel,15762,,,1691224882
cancel,17719,,,1691224882
cancel,18075,,,1691224882
cancel,19999,,,1691224882
newOrder,17741,0,5239,1691224897
newOrder,18075,1,5239,1691224897
newOrder,15742,0,18435,1691224897
newOrder,24999,1,18435,1691224897
cancel,15742,,,1691225482
cancel,17741,,,1691225482
cancel,18075,,,1691225482
cancel,24999,,,1691225482
newOrder,17756,0,5237,1691225498
newOrder,18075,1,5237,1691225498
newOrder,15762,0,3587,1691225498
newOrder,19999,1,3587,1691225498
cancel,15762,,,1691226082
cancel,17756,,,1691226082
cancel,18075,,,1691226082
cancel,19999,,,1691226082
newOrder,17717,0,5244,1691226098
newOrder,18075,1,5244,1691226098
newOrder,15742,0,15753,1691226098
newOrder,24999,1,15753,1691226098
cancel,15742,,,1691226682
cancel,17717,,,1691226682
cancel,18075,,,1691226682
cancel,24999,,,1691226682
newOrder,17771,0,5236,1691226699
newOrder,18075,1,5236,1691226699
newOrder,15742,0,13221,1691226699
newOrder,24999,1,13221,1691226699
cancel,15742,,,1691227283
cancel,17771,,,1691227283
cancel,18075,,,1691227283
cancel,24999,,,1691227283
newOrder,17771,0,5237,1691227298
newOrder,18075,1,5237,1691227298
newOrder,15742,0,20528,1691227298
newOrder,24999,1,20528,1691227298
cancel,15742,,,1691227883
cancel,17771,,,1691227883
cancel,18075,,,1691227883
cancel,24999,,,1691227883
newOrder,17717,0,5246,1691227900
newOrder,18075,1,5246,1691227900
newOrder,15762,0,6195,1691227900
newOrder,24999,1,6195,1691227900
cancel,15762,,,1691228483
cancel,17717,,,1691228483
cancel,18075,,,1691228483
cancel,24999,,,1691228483
newOrder,17746,0,5242,1691228497
newOrder,18075,1,5242,1691228497
newOrder,15762,0,4607,1691228497
newOrder,19999,1,4607,1691228497
cancel,15762,,,1691229083
cancel,17746,,,1691229083
cancel,18075,,,1691229083
cancel,19999,,,1691229083
newOrder,17766,0,5240,1691229098
newOrder,18075,1,5240,1691229098
newOrder,15742,0,23524,1691229098
newOrder,24999,1,23524,1691229098
cancel,15742,,,1691229682
cancel,17766,,,1691229682
cancel,18075,,,1691229682
cancel,24999,,,1691229682
newOrder,17717,0,5248,1691229697
newOrder,18075,1,5248,1691229697
newOrder,15742,0,10892,1691229697
newOrder,24999,1,10892,1691229697
cancel,15742,,,1691230283
cancel,17717,,,1691230283
cancel,18075,,,1691230283
cancel,24999,,,1691230283
newOrder,17739,0,5245,1691230298
newOrder,18075,1,5245,1691230298
newOrder,15762,0,4158,1691230298
newOrder,19999,1,4158,1691230298
cancel,15762,,,1691230882
cancel,17739,,,1691230882
cancel,18075,,,1691230882
cancel,19999,,,1691230882
newOrder,17747,0,5245,1691230898
newOrder,18075,1,5245,1691230898
newOrder,15742,0,13473,1691230898
newOrder,24999,1,13473,1691230898
cancel,15742,,,1691231482
cancel,17747,,,1691231482
cancel,18075,,,1691231482
cancel,24999,,,1691231482
newOrder,17757,0,5244,1691231497
newOrder,18075,1,5244,1691231497
newOrder,12310,0,27562,1691231497
newOrder,24999,1,27562,1691231497
cancel,12310,,,1691232082
cancel,17757,,,1691232082
cancel,18075,,,1691232082
cancel,24999,,,1691232082
newOrder,17766,0,5243,1691232098
newOrder,18075,1,5243,1691232098
newOrder,15742,0,15941,1691232098
newOrder,24999,1,15941,1691232098
cancel,15742,,,1691232682
cancel,17766,,,1691232682
cancel,18075,,,1691232682
cancel,24999,,,1691232682
newOrder,17739,0,5248,1691232697
newOrder,18075,1,5248,1691232697
newOrder,15742,0,22205,1691232697
newOrder,24999,1,22205,1691232697
cancel,15742,,,1691233282
cancel,17739,,,1691233282
cancel,18075,,,1691233282
cancel,24999,,,1691233282
newOrder,17741,0,5249,1691233298
newOrder,18075,1,5249,1691233298
newOrder,12311,0,24179,1691233298
newOrder,24999,1,24179,1691233298
cancel,12311,,,1691233882
cancel,17741,,,1691233882
cancel,18075,,,1691233882
cancel,24999,,,1691233882
newOrder,17761,0,5246,1691233898
newOrder,18075,1,5246,1691233898
newOrder,15742,0,21829,1691233898
newOrder,24999,1,21829,1691233898
cancel,15742,,,1691234483
cancel,17761,,,1691234483
cancel,18075,,,1691234483
cancel,24999,,,1691234483
newOrder,17771,0,5245,1691234500
newOrder,18075,1,5245,1691234500
newOrder,15742,0,16475,1691234500
newOrder,24999,1,16475,1691234500
cancel,15742,,,1691235082
cancel,17771,,,1691235082
cancel,18075,,,1691235082
cancel,24999,,,1691235082
newOrder,17718,0,5254,1691235098
newOrder,18075,1,5254,1691235098
newOrder,15742,0,14581,1691235098
newOrder,24999,1,14581,1691235098
cancel,15742,,,1691235682
cancel,17718,,,1691235682
cancel,18075,,,1691235682
cancel,24999,,,1691235682
newOrder,17771,0,5247,1691235697
newOrder,18075,1,5247,1691235697
newOrder,15742,0,13920,1691235697
newOrder,24999,1,13920,1691235697
cancel,15742,,,1691236283
cancel,17771,,,1691236283
cancel,18075,,,1691236283
cancel,24999,,,1691236283
newOrder,17776,0,5247,1691236298
newOrder,18075,1,5247,1691236298
newOrder,15762,0,5771,1691236298
newOrder,19999,1,5771,1691236298
cancel,15762,,,1691236883
cancel,17776,,,1691236883
cancel,18075,,,1691236883
cancel,19999,,,1691236883
newOrder,17747,0,5252,1691236897
newOrder,18075,1,5252,1691236897
newOrder,15762,0,4718,1691236897
newOrder,19999,1,4718,1691236897