instruction,price,side,qty,time
cancel,15504,,,1677154636
cancel,19909,,,1677154636
cancel,21055,,,1677154636
cancel,24999,,,1677154636
newOrder,19909,0,12167,1677154643
newOrder,21055,1,12167,1677154643
newOrder,15504,0,48670,1677154643
newOrder,24999,1,48670,1677154643
cancel,15504,,,1677155235
cancel,19909,,,1677155235
cancel,21055,,,1677155235
cancel,24999,,,1677155235
newOrder,19909,0,12166,1677155243
newOrder,21055,1,12166,1677155243
newOrder,15502,0,48662,1677155243
newOrder,24999,1,48662,1677155243
cancel,15502,,,1677155838
cancel,19909,,,1677155838
cancel,21055,,,1677155838
cancel,24999,,,1677155838
newOrder,19909,0,12164,1677155846
newOrder,21055,1,12164,1677155846
newOrder,15504,0,48655,1677155846
newOrder,24999,1,48655,1677155846
cancel,15504,,,1677156434
cancel,19909,,,1677156434
cancel,21055,,,1677156434
cancel,24999,,,1677156434
newOrder,19909,0,12162,1677156443
newOrder,21055,1,12162,1677156443
newOrder,15504,0,48648,1677156443
newOrder,24999,1,48648,1677156443
cancel,15504,,,1677157036
cancel,19909,,,1677157036
cancel,21055,,,1677157036
cancel,24999,,,1677157036
newOrder,19909,0,12160,1677157045
newOrder,21055,1,12160,1677157045
newOrder,15504,0,48640,1677157045
newOrder,24999,1,48640,1677157045
cancel,15504,,,1677157634
cancel,19909,,,1677157634
cancel,21055,,,1677157634
cancel,24999,,,1677157634
newOrder,19909,0,12158,1677157652
newOrder,21055,1,12158,1677157652
newOrder,15504,0,48633,1677157652
newOrder,24999,1,48633,1677157652
cancel,15504,,,1677158239
cancel,19909,,,1677158239
cancel,21055,,,1677158239
cancel,24999,,,1677158239
newOrder,19909,0,12156,1677158245
newOrder,21055,1,12156,1677158245
newOrder,15504,0,48625,1677158245
newOrder,24999,1,48625,1677158245
cancel,15504,,,1677158833
cancel,19909,,,1677158833
cancel,21055,,,1677158833
cancel,24999,,,1677158833
newOrder,19909,0,12154,1677158841
newOrder,21055,1,12154,1677158841
newOrder,15504,0,48618,1677158841
newOrder,24999,1,48618,1677158841
cancel,15504,,,1677159434
cancel,19909,,,1677159434
cancel,21055,,,1677159434
cancel,24999,,,1677159434
newOrder,19909,0,12153,1677159442
newOrder,21055,1,12153,1677159442
newOrder,15504,0,48610,1677159442
newOrder,24999,1,48610,1677159442
cancel,15504,,,1677160036
cancel,19909,,,1677160036
cancel,21055,,,1677160036
cancel,24999,,,1677160036
newOrder,19909,0,12151,1677160043
newOrder,21055,1,12151,1677160043
newOrder,15504,0,48603,1677160043
newOrder,24999,1,48603,1677160043
cancel,15504,,,1677160635
cancel,19909,,,1677160635
cancel,21055,,,1677160635
cancel,24999,,,1677160635
newOrder,19909,0,12149,1677160642
newOrder,21055,1,12149,1677160642
newOrder,15504,0,48595,1677160642
newOrder,24999,1,48595,1677160642
cancel,15504,,,1677161234
cancel,19909,,,1677161234
cancel,21055,,,1677161234
cancel,24999,,,1677161234
newOrder,19909,0,12147,1677161242
newOrder,21055,1,12147,1677161242
newOrder,15504,0,48588,1677161242
newOrder,24999,1,48588,1677161242
cancel,15504,,,1677161834
cancel,19909,,,1677161834
cancel,21055,,,1677161834
cancel,24999,,,1677161834
newOrder,19909,0,12145,1677161840
newOrder,21055,1,12145,1677161840
newOrder,15504,0,48580,1677161840
newOrder,24999,1,48580,1677161840
cancel,15504,,,1677162433
cancel,19909,,,1677162433
cancel,21055,,,1677162433
cancel,24999,,,1677162433
newOrder,19909,0,12143,1677162442
newOrder,21055,1,12143,1677162442
newOrder,15504,0,48572,1677162442
newOrder,24999,1,48572,1677162442
cancel,15504,,,1677163035
cancel,19909,,,1677163035
cancel,21055,,,1677163035
cancel,24999,,,1677163035
newOrder,19909,0,12009,1677163043
newOrder,21096,1,12009,1677163043
newOrder,15504,0,48038,1677163043
newOrder,24999,1,48038,1677163043
cancel,15504,,,1677163633
cancel,19909,,,1677163633
cancel,21096,,,1677163633
cancel,24999,,,1677163633
newOrder,19909,0,12007,1677163643
newOrder,21097,1,12007,1677163643
newOrder,15504,0,48027,1677163643
newOrder,24999,1,48027,1677163643
cancel,15504,,,1677164234
cancel,19909,,,1677164234
cancel,21097,,,1677164234
cancel,24999,,,1677164234
newOrder,19909,0,12005,1677164245
newOrder,21097,1,12005,1677164245
newOrder,15504,0,48019,1677164245
newOrder,24999,1,48019,1677164245
cancel,15504,,,1677164835
cancel,19909,,,1677164835
cancel,21097,,,1677164835
cancel,24999,,,1677164835
newOrder,19909,0,11997,1677164841
newOrder,21098,1,11997,1677164841
newOrder,15504,0,47989,1677164841
newOrder,24999,1,47989,1677164841
cancel,15504,,,1677165434
cancel,19909,,,1677165434
cancel,21098,,,1677165434
cancel,24999,,,1677165434
newOrder,19909,0,11995,1677165442
newOrder,21098,1,11995,1677165442
newOrder,15504,0,47981,1677165442
newOrder,24999,1,47981,1677165442
cancel,15504,,,1677166035
cancel,19909,,,1677166035
cancel,21098,,,1677166035
cancel,24999,,,1677166035
newOrder,19909,0,11993,1677166042
newOrder,21098,1,11993,1677166042
newOrder,15504,0,47973,1677166042
newOrder,24999,1,47973,1677166042
cancel,15504,,,1677166634
cancel,19909,,,1677166634
cancel,21098,,,1677166634
cancel,24999,,,1677166634
newOrder,19909,0,11991,1677166643
newOrder,21098,1,11991,1677166643
newOrder,15504,0,47965,1677166643
newOrder,24999,1,47965,1677166643
cancel,15504,,,1677167235
cancel,19909,,,1677167235
cancel,21098,,,1677167235
cancel,24999,,,1677167235
newOrder,19909,0,11989,1677167246
newOrder,21098,1,11989,1677167246
newOrder,15504,0,47957,1677167246
newOrder,24999,1,47957,1677167246
cancel,15504,,,1677167835
cancel,19909,,,1677167835
cancel,21098,,,1677167835
cancel,24999,,,1677167835
newOrder,19909,0,11987,1677167841
newOrder,21098,1,11987,1677167841
newOrder,15504,0,47949,1677167841
newOrder,24999,1,47949,1677167841
cancel,15504,,,1677168434
cancel,19909,,,1677168434
cancel,21098,,,1677168434
cancel,24999,,,1677168434
newOrder,19909,0,11985,1677168440
newOrder,21098,1,11985,1677168440
newOrder,15504,0,47941,1677168440
newOrder,24999,1,47941,1677168440
cancel,15504,,,1677169035
cancel,19909,,,1677169035
cancel,21098,,,1677169035
cancel,24999,,,1677169035
newOrder,19909,0,11983,1677169042
newOrder,21098,1,11983,1677169042
newOrder,15504,0,47932,1677169042
newOrder,24999,1,47932,1677169042
cancel,15504,,,1677169634
cancel,19909,,,1677169634
cancel,21098,,,1677169634
cancel,24999,,,1677169634
newOrder,19909,0,11981,1677169641
newOrder,21098,1,11981,1677169641
newOrder,15504,0,47924,1677169641
newOrder,24999,1,47924,1677169641
cancel,15504,,,1677170235
cancel,19909,,,1677170235
cancel,21098,,,1677170235
cancel,24999,,,1677170235
newOrder,19909,0,11979,1677170241
newOrder,21098,1,11979,1677170241
newOrder,15504,0,47916,1677170241
newOrder,24999,1,47916,1677170241
cancel,15504,,,1677170834
cancel,19909,,,1677170834
cancel,21098,,,1677170834
cancel,24999,,,1677170834
newOrder,19909,0,11977,1677170841
newOrder,21098,1,11977,1677170841
newOrder,15504,0,47908,1677170841
newOrder,24999,1,47908,1677170841
cancel,15504,,,1677171435
cancel,19909,,,1677171435
cancel,21098,,,1677171435
cancel,24999,,,1677171435
newOrder,19909,0,11975,1677171443
newOrder,21098,1,11975,1677171443
newOrder,15504,0,47900,1677171443
newOrder,24999,1,47900,1677171443
cancel,15504,,,1677172034
cancel,19909,,,1677172034
cancel,21098,,,1677172034
cancel,24999,,,1677172034
newOrder,19909,0,11973,1677172042
newOrder,21098,1,11973,1677172042
newOrder,15504,0,47891,1677172042
newOrder,24999,1,47891,1677172042
cancel,15504,,,1677172635
cancel,19909,,,1677172635
cancel,21098,,,1677172635
cancel,24999,,,1677172635
newOrder,19909,0,11971,1677172642
newOrder,21098,1,11971,1677172642
newOrder,15504,0,47883,1677172642
newOrder,24999,1,47883,1677172642
cancel,15504,,,1677173234
cancel,19909,,,1677173234
cancel,21098,,,1677173234
cancel,24999,,,1677173234
newOrder,19909,0,11969,1677173241
newOrder,21098,1,11969,1677173241
newOrder,15504,0,47875,1677173241
newOrder,24999,1,47875,1677173241
cancel,15504,,,1677173835
cancel,19909,,,1677173835
cancel,21098,,,1677173835
cancel,24999,,,1677173835
newOrder,19909,0,12037,1677173843
newOrder,21076,1,12037,1677173843
newOrder,15504,0,48148,1677173843
newOrder,24999,1,48148,1677173843
cancel,15504,,,1677174435
cancel,19909,,,1677174435
cancel,21076,,,1677174435
cancel,24999,,,1677174435
newOrder,19909,0,12035,1677174441
newOrder,21076,1,12035,1677174441
newOrder,15504,0,48140,1677174441
newOrder,24999,1,48140,1677174441
cancel,15504,,,1677175034
cancel,19909,,,1677175034
cancel,21076,,,1677175034
cancel,24999,,,1677175034
newOrder,19909,0,12033,1677175043
newOrder,21076,1,12033,1677175043
newOrder,15504,0,48131,1677175043
newOrder,24999,1,48131,1677175043
cancel,15504,,,1677175636
cancel,19909,,,1677175636
cancel,21076,,,1677175636
cancel,24999,,,1677175636
newOrder,19909,0,12031,1677175677
newOrder,21076,1,12031,1677175677
newOrder,15504,0,48123,1677175677
newOrder,24999,1,48123,1677175677
cancel,15504,,,1677176234
cancel,19909,,,1677176234
cancel,21076,,,1677176234
cancel,24999,,,1677176234
newOrder,19909,0,12029,1677176248
newOrder,21076,1,12029,1677176248
newOrder,15504,0,48115,1677176248
newOrder,24999,1,48115,1677176248
cancel,15504,,,1677176835
cancel,19909,,,1677176835
cancel,21076,,,1677176835
cancel,24999,,,1677176835
newOrder,19909,0,12027,1677176843
newOrder,21076,1,12027,1677176843
newOrder,15504,0,48106,1677176843
newOrder,24999,1,48106,1677176843
cancel,15504,,,1677177434
cancel,19909,,,1677177434
cancel,21076,,,1677177434
cancel,24999,,,1677177434
newOrder,19909,0,12119,1677177440
newOrder,21047,1,12119,1677177440
newOrder,15504,0,48476,1677177440
newOrder,24999,1,48476,1677177440
cancel,15504,,,1677178033
cancel,19909,,,1677178033
cancel,21047,,,1677178033
cancel,24999,,,1677178033
newOrder,19909,0,12120,1677178049
newOrder,21046,1,12120,1677178049
newOrder,15504,0,48481,1677178049
newOrder,24999,1,48481,1677178049
cancel,15504,,,1677178636
cancel,19909,,,1677178636
cancel,21046,,,1677178636
cancel,24999,,,1677178636
newOrder,19909,0,12114,1677178641
newOrder,21047,1,12114,1677178641
newOrder,15504,0,48455,1677178641
newOrder,24999,1,48455,1677178641
cancel,15504,,,1677179235
cancel,19909,,,1677179235
cancel,21047,,,1677179235
cancel,24999,,,1677179235
newOrder,19909,0,12116,1677179243
newOrder,21046,1,12116,1677179243
newOrder,15504,0,48464,1677179243
newOrder,24999,1,48464,1677179243
cancel,15504,,,1677180434
cancel,19909,,,1677180434
cancel,21046,,,1677180434
cancel,24999,,,1677180434
newOrder,19909,0,12015,1677180442
newOrder,21076,1,12015,1677180442
newOrder,15504,0,48061,1677180442
newOrder,24999,1,48061,1677180442
cancel,15504,,,1677181035
cancel,19909,,,1677181035
cancel,21076,,,1677181035
cancel,24999,,,1677181035
newOrder,19909,0,12111,1677181043
newOrder,21046,1,12111,1677181043
newOrder,15504,0,48443,1677181043
newOrder,24999,1,48443,1677181043
cancel,15504,,,1677181635
cancel,19909,,,1677181635
cancel,21046,,,1677181635
cancel,24999,,,1677181635
newOrder,19909,0,12105,1677181643
newOrder,21047,1,12105,1677181643
newOrder,15504,0,48421,1677181643
newOrder,24999,1,48421,1677181643
cancel,15504,,,1677182235
cancel,19909,,,1677182235
cancel,21047,,,1677182235
cancel,24999,,,1677182235
newOrder,19909,0,12100,1677182245
newOrder,21047,1,12100,1677182245
newOrder,15504,0,48401,1677182245
newOrder,24999,1,48401,1677182245
cancel,15504,,,1677182837
cancel,19909,,,1677182837
cancel,21047,,,1677182837
cancel,24999,,,1677182837
newOrder,19909,0,12007,1677182848
newOrder,21076,1,12007,1677182848
newOrder,15504,0,48028,1677182848
newOrder,24999,1,48028,1677182848
cancel,15504,,,1677183435
cancel,19909,,,1677183435
cancel,21076,,,1677183435
cancel,24999,,,1677183435
newOrder,19909,0,12094,1677183445
newOrder,21048,1,12094,1677183445
newOrder,15504,0,48377,1677183445
newOrder,24999,1,48377,1677183445
cancel,15504,,,1677184035
cancel,19909,,,1677184035
cancel,21048,,,1677184035
cancel,24999,,,1677184035
newOrder,19909,0,12092,1677184043
newOrder,21048,1,12092,1677184043
newOrder,15504,0,48369,1677184043
newOrder,24999,1,48369,1677184043
cancel,15504,,,1677184634
cancel,19909,,,1677184634
cancel,21048,,,1677184634
cancel,24999,,,1677184634
newOrder,19909,0,12092,1677184641
newOrder,21047,1,12092,1677184641
newOrder,15504,0,48368,1677184641
newOrder,24999,1,48368,1677184641
cancel,15504,,,1677185234
cancel,19909,,,1677185234
cancel,21047,,,1677185234
cancel,24999,,,1677185234
newOrder,19909,0,12090,1677185244
newOrder,21047,1,12090,1677185244
newOrder,15504,0,48359,1677185244
newOrder,24999,1,48359,1677185244
cancel,15504,,,1677185837
cancel,19909,,,1677185837
cancel,21047,,,1677185837
cancel,24999,,,1677185837
newOrder,19909,0,12089,1677185845
newOrder,21047,1,12089,1677185845
newOrder,15504,0,48358,1677185845
newOrder,24999,1,48358,1677185845
cancel,15504,,,1677186435
cancel,19909,,,1677186435
cancel,21047,,,1677186435
cancel,24999,,,1677186435
newOrder,19909,0,12085,1677186445
newOrder,21047,1,12085,1677186445
newOrder,15504,0,48341,1677186445
newOrder,24999,1,48341,1677186445
cancel,15504,,,1677187636
cancel,19909,,,1677187636
cancel,21047,,,1677187636
cancel,24999,,,1677187636
newOrder,19909,0,12084,1677187643
newOrder,21047,1,12084,1677187643
newOrder,15504,0,48335,1677187643
newOrder,24999,1,48335,1677187643
cancel,15504,,,1677188233
cancel,19909,,,1677188233
cancel,21047,,,1677188233
cancel,24999,,,1677188233
newOrder,19909,0,12081,1677188242
newOrder,21047,1,12081,1677188242
newOrder,15504,0,48326,1677188242
newOrder,24999,1,48326,1677188242
cancel,15504,,,1677188835
cancel,19909,,,1677188835
cancel,21047,,,1677188835
cancel,24999,,,1677188835
newOrder,19909,0,12077,1677188843
newOrder,21047,1,12077,1677188843
newOrder,15504,0,48309,1677188843
newOrder,24999,1,48309,1677188843
cancel,15504,,,1677189434
cancel,19909,,,1677189434
cancel,21047,,,1677189434
cancel,24999,,,1677189434
newOrder,19909,0,11778,1677189447
newOrder,21140,1,11778,1677189447
newOrder,15504,0,47113,1677189447
newOrder,24999,1,47113,1677189447
cancel,15504,,,1677190034
cancel,19909,,,1677190034
cancel,21140,,,1677190034
cancel,24999,,,1677190034
newOrder,19909,0,11316,1677190042
newOrder,21290,1,11316,1677190042
newOrder,15504,0,45264,1677190042
newOrder,24999,1,45264,1677190042
cancel,15504,,,1677190634
cancel,19909,,,1677190634
cancel,21290,,,1677190634
cancel,24999,,,1677190634
newOrder,19909,0,11403,1677190644
newOrder,21260,1,11403,1677190644
newOrder,15504,0,45611,1677190644
newOrder,24999,1,45611,1677190644
cancel,15504,,,1677191234
cancel,19909,,,1677191234
cancel,21260,,,1677191234
cancel,24999,,,1677191234
newOrder,19909,0,10772,1677191240
newOrder,21479,1,10772,1677191240
newOrder,15505,0,43087,1677191240
newOrder,24999,1,43087,1677191240
cancel,15505,,,1677191834
cancel,19909,,,1677191834
cancel,21479,,,1677191834
cancel,24999,,,1677191834
newOrder,19909,0,11909,1677191842
newOrder,21096,1,11909,1677191842
newOrder,15504,0,47637,1677191842
newOrder,24999,1,47637,1677191842
cancel,15504,,,1677192435
cancel,19909,,,1677192435
cancel,21096,,,1677192435
cancel,24999,,,1677192435
newOrder,19909,0,11578,1677192444
newOrder,21200,1,11578,1677192444
newOrder,15504,0,46313,1677192444
newOrder,24999,1,46313,1677192444
cancel,15504,,,1677193034
cancel,19909,,,1677193034
cancel,21200,,,1677193034
cancel,24999,,,1677193034
newOrder,19909,0,11729,1677193043
newOrder,21151,1,11729,1677193043
newOrder,15504,0,46916,1677193043
newOrder,24999,1,46916,1677193043
cancel,15504,,,1677193635
cancel,19909,,,1677193635
cancel,21151,,,1677193635
cancel,24999,,,1677193635
newOrder,19909,0,11257,1677193643
newOrder,21305,1,11257,1677193643
newOrder,15504,0,45029,1677193643
newOrder,24999,1,45029,1677193643
cancel,15504,,,1677194234
cancel,19909,,,1677194234
cancel,21305,,,1677194234
cancel,24999,,,1677194234
newOrder,19909,0,11400,1677194244
newOrder,21256,1,11400,1677194244
newOrder,15504,0,45602,1677194244
newOrder,24999,1,45602,1677194244
cancel,15504,,,1677194834
cancel,19909,,,1677194834
cancel,21256,,,1677194834
cancel,24999,,,1677194834
newOrder,19909,0,11606,1677194841
newOrder,21188,1,11606,1677194841
newOrder,15504,0,46423,1677194841
newOrder,24999,1,46423,1677194841
cancel,15504,,,1677195436
cancel,19909,,,1677195436
cancel,21188,,,1677195436
cancel,24999,,,1677195436
newOrder,19909,0,11246,1677195443
newOrder,21306,1,11246,1677195443
newOrder,15504,0,44984,1677195443
newOrder,24999,1,44984,1677195443
cancel,15504,,,1677196034
cancel,19909,,,1677196034
cancel,21306,,,1677196034
cancel,24999,,,1677196034
newOrder,19909,0,11438,1677196051
newOrder,21241,1,11438,1677196051
newOrder,15504,0,45752,1677196051
newOrder,24999,1,45752,1677196051
cancel,15504,,,1677196635
cancel,19909,,,1677196635
cancel,21241,,,1677196635
cancel,24999,,,1677196635
newOrder,19909,0,11544,1677196643
newOrder,21206,1,11544,1677196643
newOrder,15504,0,46175,1677196643
newOrder,24999,1,46175,1677196643
cancel,15504,,,1677197834
cancel,19909,,,1677197834
cancel,21206,,,1677197834
cancel,24999,,,1677197834
newOrder,19909,0,11101,1677197844
newOrder,21352,1,11101,1677197844
newOrder,15505,0,44403,1677197844
newOrder,24999,1,44403,1677197844
cancel,15505,,,1677198434
cancel,19909,,,1677198434
cancel,21352,,,1677198434
cancel,24999,,,1677198434
newOrder,19909,0,10643,1677198442
newOrder,21515,1,10643,1677198442
newOrder,15505,0,42572,1677198442
newOrder,24999,1,42572,1677198442
cancel,15505,,,1677199037
cancel,19909,,,1677199037
cancel,21515,,,1677199037
cancel,24999,,,1677199037
newOrder,19909,0,10448,1677199047
newOrder,21587,1,10448,1677199047
newOrder,15505,0,41794,1677199047
newOrder,24999,1,41794,1677199047
cancel,15505,,,1677199635
cancel,19909,,,1677199635
cancel,21587,,,1677199635
cancel,24999,,,1677199635
newOrder,19909,0,10108,1677199643
newOrder,21719,1,10108,1677199643
newOrder,15505,0,40433,1677199643
newOrder,24999,1,40433,1677199643
cancel,15505,,,1677200234
cancel,19909,,,1677200234
cancel,21719,,,1677200234
cancel,24999,,,1677200234
newOrder,19909,0,9777,1677200241
newOrder,21856,1,9777,1677200241
newOrder,15505,0,39107,1677200241
newOrder,24999,1,39107,1677200241
cancel,15505,,,1677200835
cancel,19909,,,1677200835
cancel,21856,,,1677200835
cancel,24999,,,1677200835
newOrder,19909,0,9620,1677200842
newOrder,21923,1,9620,1677200842
newOrder,15505,0,38480,1677200842
newOrder,24999,1,38480,1677200842
cancel,15505,,,1677201436
cancel,19909,,,1677201436
cancel,21923,,,1677201436
cancel,24999,,,1677201436
newOrder,19909,0,9618,1677201443
newOrder,21923,1,9618,1677201443
newOrder,15505,0,38470,1677201443
newOrder,24999,1,38470,1677201443
cancel,15505,,,1677202035
cancel,19909,,,1677202035
cancel,21923,,,1677202035
cancel,24999,,,1677202035
newOrder,19909,0,9615,1677202042
newOrder,21923,1,9615,1677202042
newOrder,15505,0,38459,1677202042
newOrder,24999,1,38459,1677202042
cancel,15505,,,1677202634
cancel,19909,,,1677202634
cancel,21923,,,1677202634
cancel,24999,,,1677202634
newOrder,19909,0,9713,1677202648
newOrder,21879,1,9713,1677202648
newOrder,15505,0,38851,1677202648
newOrder,24999,1,38851,1677202648
cancel,15505,,,1677203237
cancel,19909,,,1677203237
cancel,21879,,,1677203237
cancel,24999,,,1677203237
newOrder,19909,0,9602,1677203249
newOrder,21927,1,9602,1677203249
newOrder,15505,0,38407,1677203249
newOrder,24999,1,38407,1677203249
cancel,15505,,,1677203834
cancel,19909,,,1677203834
cancel,21927,,,1677203834
cancel,24999,,,1677203834
newOrder,19909,0,9599,1677203844
newOrder,21927,1,9599,1677203844
newOrder,15505,0,38397,1677203844
newOrder,24999,1,38397,1677203844
cancel,15505,,,1677204435
cancel,19909,,,1677204435
cancel,21927,,,1677204435
cancel,24999,,,1677204435
newOrder,19909,0,9608,1677204444
newOrder,21922,1,9608,1677204444
newOrder,15505,0,38434,1677204444
newOrder,24999,1,38434,1677204444
cancel,15505,,,1677205035
cancel,19909,,,1677205035
cancel,21922,,,1677205035
cancel,24999,,,1677205035
newOrder,19909,0,9507,1677205042
newOrder,21966,1,9507,1677205042
newOrder,15505,0,38026,1677205042
newOrder,24999,1,38026,1677205042
cancel,15505,,,1677205636
cancel,19909,,,1677205636
cancel,21966,,,1677205636
cancel,24999,,,1677205636
newOrder,19909,0,9504,1677205643
newOrder,21966,1,9504,1677205643
newOrder,15505,0,38017,1677205643
newOrder,24999,1,38017,1677205643
cancel,15505,,,1677206234
cancel,19909,,,1677206234
cancel,21966,,,1677206234
cancel,24999,,,1677206234
newOrder,19909,0,9503,1677206241
newOrder,21966,1,9503,1677206241
newOrder,15505,0,38010,1677206241
newOrder,24999,1,38010,1677206241
cancel,15505,,,1677206836
cancel,19909,,,1677206836
cancel,21966,,,1677206836
cancel,24999,,,1677206836
newOrder,19909,0,9500,1677206843
newOrder,21966,1,9500,1677206843
newOrder,15505,0,38001,1677206843
newOrder,24999,1,38001,1677206843
cancel,15505,,,1677207435
cancel,19909,,,1677207435
cancel,21966,,,1677207435
cancel,24999,,,1677207435
newOrder,19909,0,9498,1677207444
newOrder,21966,1,9498,1677207444
newOrder,15505,0,37992,1677207444
newOrder,24999,1,37992,1677207444
cancel,15505,,,1677208035
cancel,19909,,,1677208035
cancel,21966,,,1677208035
cancel,24999,,,1677208035
newOrder,19909,0,9496,1677208044
newOrder,21966,1,9496,1677208044
newOrder,15505,0,37982,1677208044
newOrder,24999,1,37982,1677208044
cancel,15505,,,1677208634
cancel,19909,,,1677208634
cancel,21966,,,1677208634
cancel,24999,,,1677208634
newOrder,19909,0,9493,1677208641
newOrder,21966,1,9493,1677208641
newOrder,15505,0,37973,1677208641
newOrder,24999,1,37973,1677208641
cancel,15505,,,1677209235
cancel,19909,,,1677209235
cancel,21966,,,1677209235
cancel,24999,,,1677209235
newOrder,19909,0,9491,1677209240
newOrder,21966,1,9491,1677209240
newOrder,15505,0,37963,1677209240
newOrder,24999,1,37963,1677209240
cancel,15505,,,1677209836
cancel,19909,,,1677209836
cancel,21966,,,1677209836
cancel,24999,,,1677209836
newOrder,19909,0,9488,1677209844
newOrder,21966,1,9488,1677209844
newOrder,15505,0,37954,1677209844
newOrder,24999,1,37954,1677209844
cancel,15505,,,1677210435
cancel,19909,,,1677210435
cancel,21966,,,1677210435
cancel,24999,,,1677210435
newOrder,19909,0,9296,1677210439
newOrder,22054,1,9296,1677210439
newOrder,15505,0,37182,1677210439
newOrder,24999,1,37182,1677210439
cancel,15505,,,1677211035
cancel,19909,,,1677211035
cancel,22054,,,1677211035
cancel,24999,,,1677211035
newOrder,19909,0,9293,1677211042
newOrder,22054,1,9293,1677211042
newOrder,15505,0,37173,1677211042
newOrder,24999,1,37173,1677211042
cancel,15505,,,1677211646
cancel,19909,,,1677211646
cancel,22054,,,1677211646
cancel,24999,,,1677211646
newOrder,19909,0,9260,1677211654
newOrder,22069,1,9260,1677211654
newOrder,15505,0,37039,1677211654
newOrder,24999,1,37039,1677211654
cancel,15505,,,1677212236
cancel,19909,,,1677212236
cancel,22069,,,1677212236
cancel,24999,,,1677212236
newOrder,19909,0,9262,1677212244
newOrder,22067,1,9262,1677212244
newOrder,15505,0,37047,1677212244
newOrder,24999,1,37047,1677212244
cancel,15505,,,1677212836
cancel,19909,,,1677212836
cancel,22067,,,1677212836
cancel,24999,,,1677212836
newOrder,19909,0,9260,1677212841
newOrder,22067,1,9260,1677212841
newOrder,15505,0,37038,1677212841
newOrder,24999,1,37038,1677212841
cancel,15505,,,1677213435
cancel,19909,,,1677213435
cancel,22067,,,1677213435
cancel,24999,,,1677213435
newOrder,19909,0,9184,1677213442
newOrder,22102,1,9184,1677213442
newOrder,15505,0,36738,1677213442
newOrder,24999,1,36738,1677213442
cancel,15505,,,1677214036
cancel,19909,,,1677214036
cancel,22102,,,1677214036
cancel,24999,,,1677214036
newOrder,19909,0,9182,1677214047
newOrder,22102,1,9182,1677214047
newOrder,15505,0,36728,1677214047
newOrder,24999,1,36728,1677214047
cancel,15505,,,1677214636
cancel,19909,,,1677214636
cancel,22102,,,1677214636
cancel,24999,,,1677214636
newOrder,19909,0,9180,1677214644
newOrder,22102,1,9180,1677214644
newOrder,15505,0,36719,1677214644
newOrder,24999,1,36719,1677214644
cancel,15505,,,1677215234
cancel,19909,,,1677215234
cancel,22102,,,1677215234
cancel,24999,,,1677215234
newOrder,19909,0,9178,1677215241
newOrder,22102,1,9178,1677215241
newOrder,15505,0,36710,1677215241
newOrder,24999,1,36710,1677215241
cancel,15505,,,1677215838
cancel,19909,,,1677215838
cancel,22102,,,1677215838
cancel,24999,,,1677215838
newOrder,19909,0,9175,1677215846
newOrder,22102,1,9175,1677215846
newOrder,15505,0,36701,1677215846
newOrder,24999,1,36701,1677215846
cancel,15505,,,1677216435
cancel,19909,,,1677216435
cancel,22102,,,1677216435
cancel,24999,,,1677216435
newOrder,19909,0,9153,1677216442
newOrder,22112,1,9153,1677216442
newOrder,15506,0,36610,1677216442
newOrder,24999,1,36610,1677216442
cancel,15506,,,1677217035
cancel,19909,,,1677217035
cancel,22112,,,1677217035
cancel,24999,,,1677217035
newOrder,19909,0,9150,1677217042
newOrder,22112,1,9150,1677217042
newOrder,15506,0,36601,1677217042
newOrder,24999,1,36601,1677217042
cancel,15506,,,1677217634
cancel,19909,,,1677217634
cancel,22112,,,1677217634
cancel,24999,,,1677217634
newOrder,19909,0,9148,1677217642
newOrder,22112,1,9148,1677217642
newOrder,11946,0,36592,1677217642
newOrder,24999,1,36592,1677217642
cancel,11946,,,1677218236
cancel,19909,,,1677218236
cancel,22112,,,1677218236
cancel,24999,,,1677218236
newOrder,19909,0,9146,1677218242
newOrder,22112,1,9146,1677218242
newOrder,11946,0,36583,1677218242
newOrder,24999,1,36583,1677218242
cancel,11946,,,1677218835
cancel,19909,,,1677218835
cancel,22112,,,1677218835
cancel,24999,,,1677218835
newOrder,19909,0,8923,1677218843
newOrder,22223,1,8923,1677218843
newOrder,11946,0,35691,1677218843
newOrder,24999,1,35691,1677218843
cancel,11946,,,1677219433
cancel,19909,,,1677219433
cancel,22223,,,1677219433
cancel,24999,,,1677219433
newOrder,19909,0,8921,1677219445
newOrder,22223,1,8921,1677219445
newOrder,11946,0,35683,1677219445
newOrder,24999,1,35683,1677219445
cancel,11946,,,1677220034
cancel,19909,,,1677220034
cancel,22223,,,1677220034
cancel,24999,,,1677220034
newOrder,19909,0,9252,1677220042
newOrder,22057,1,9252,1677220042
newOrder,11946,0,37009,1677220042
newOrder,24999,1,37009,1677220042
cancel,11946,,,1677220635
cancel,19909,,,1677220635
cancel,22057,,,1677220635
cancel,24999,,,1677220635
newOrder,19909,0,9250,1677220643
newOrder,22057,1,9250,1677220643
newOrder,11946,0,36999,1677220643
newOrder,24999,1,36999,1677220643
cancel,11946,,,1677221235
cancel,19909,,,1677221235
cancel,22057,,,1677221235
cancel,24999,,,1677221235
newOrder,19909,0,9248,1677221241
newOrder,22057,1,9248,1677221241
newOrder,11946,0,36990,1677221241
newOrder,24999,1,36990,1677221241
cancel,11946,,,1677221834
cancel,19909,,,1677221834
cancel,22057,,,1677221834
cancel,24999,,,1677221834
newOrder,19909,0,9245,1677221844
newOrder,22057,1,9245,1677221844
newOrder,11946,0,36981,1677221844
newOrder,24999,1,36981,1677221844
cancel,11946,,,1677222436
cancel,19909,,,1677222436
cancel,22057,,,1677222436
cancel,24999,,,1677222436
newOrder,19909,0,9144,1677222443
newOrder,22105,1,9144,1677222443
newOrder,11946,0,36574,1677222443
newOrder,24999,1,36574,1677222443
cancel,11946,,,1677223035
cancel,19909,,,1677223035
cancel,22105,,,1677223035
cancel,24999,,,1677223035
newOrder,19909,0,9043,1677223043
newOrder,22154,1,9043,1677223043
newOrder,11946,0,36171,1677223043
newOrder,24999,1,36171,1677223043
cancel,11946,,,1677223635
cancel,19909,,,1677223635
cancel,22154,,,1677223635
cancel,24999,,,1677223635
newOrder,19909,0,9041,1677223643
newOrder,22154,1,9041,1677223643
newOrder,11946,0,36163,1677223643
newOrder,24999,1,36163,1677223643
cancel,11946,,,1677224236
cancel,19909,,,1677224236
cancel,22154,,,1677224236
cancel,24999,,,1677224236
newOrder,19909,0,8944,1677224244
newOrder,22202,1,8944,1677224244
newOrder,12004,0,35775,1677224244
newOrder,24999,1,35775,1677224244
cancel,12004,,,1677224835
cancel,19909,,,1677224835
cancel,22202,,,1677224835
cancel,24999,,,1677224835
newOrder,19909,0,8941,1677224842
newOrder,22202,1,8941,1677224842
newOrder,12004,0,35763,1677224842
newOrder,24999,1,35763,1677224842
cancel,12004,,,1677225435
cancel,19909,,,1677225435
cancel,22202,,,1677225435
cancel,24999,,,1677225435
newOrder,19909,0,8938,1677225441
newOrder,22202,1,8938,1677225441
newOrder,12004,0,35754,1677225441
newOrder,24999,1,35754,1677225441
cancel,12004,,,1677226038
cancel,19909,,,1677226038
cancel,22202,,,1677226038
cancel,24999,,,1677226038
newOrder,19909,0,8936,1677226051
newOrder,22202,1,8936,1677226051
newOrder,12004,0,35745,1677226051
newOrder,24999,1,35745,1677226051
cancel,12004,,,1677226634
cancel,19909,,,1677226634
cancel,22202,,,1677226634
cancel,24999,,,1677226634
newOrder,19909,0,8934,1677226642
newOrder,22202,1,8934,1677226642
newOrder,12004,0,35736,1677226642
newOrder,24999,1,35736,1677226642
cancel,12004,,,1677227235
cancel,19909,,,1677227235
cancel,22202,,,1677227235
cancel,24999,,,1677227235
newOrder,19909,0,8932,1677227242
newOrder,22202,1,8932,1677227242
newOrder,12004,0,35728,1677227242
newOrder,24999,1,35728,1677227242
cancel,12004,,,1677227835
cancel,19909,,,1677227835
cancel,22202,,,1677227835
cancel,24999,,,1677227835
newOrder,19909,0,8930,1677227842
newOrder,22202,1,8930,1677227842
newOrder,12004,0,35719,1677227842
newOrder,24999,1,35719,1677227842
cancel,12004,,,1677228433
cancel,19909,,,1677228433
cancel,22202,,,1677228433
cancel,24999,,,1677228433
newOrder,19909,0,8928,1677228445
newOrder,22202,1,8928,1677228445
newOrder,12004,0,35710,1677228445
newOrder,24999,1,35710,1677228445
cancel,12004,,,1677229036
cancel,19909,,,1677229036
cancel,22202,,,1677229036
cancel,24999,,,1677229036
newOrder,19909,0,8925,1677229041
newOrder,22202,1,8925,1677229041
newOrder,12004,0,35701,1677229041
newOrder,24999,1,35701,1677229041
cancel,12004,,,1677229634
cancel,19909,,,1677229634
cancel,22202,,,1677229634
cancel,24999,,,1677229634
newOrder,19909,0,8923,1677229639
newOrder,22202,1,8923,1677229639
newOrder,12004,0,35693,1677229639
newOrder,24999,1,35693,1677229639
cancel,12004,,,1677230235
cancel,19909,,,1677230235
cancel,22202,,,1677230235
cancel,24999,,,1677230235
newOrder,19909,0,8921,1677230242
newOrder,22202,1,8921,1677230242
newOrder,12004,0,35684,1677230242
newOrder,24999,1,35684,1677230242
cancel,12004,,,1677230835
cancel,19909,,,1677230835
cancel,22202,,,1677230835
cancel,24999,,,1677230835
newOrder,19909,0,8919,1677230842
newOrder,22202,1,8919,1677230842
newOrder,12004,0,35675,1677230842
newOrder,24999,1,35675,1677230842
cancel,12004,,,1677231438
cancel,19909,,,1677231438
cancel,22202,,,1677231438
cancel,24999,,,1677231438
newOrder,19909,0,8917,1677231450
newOrder,22202,1,8917,1677231450
newOrder,12004,0,35666,1677231450
newOrder,24999,1,35666,1677231450
cancel,12004,,,1677232034
cancel,19909,,,1677232034
cancel,22202,,,1677232034
cancel,24999,,,1677232034
newOrder,19909,0,8914,1677232042
newOrder,22202,1,8914,1677232042
newOrder,12004,0,35658,1677232042
newOrder,24999,1,35658,1677232042
cancel,12004,,,1677232636
cancel,19909,,,1677232636
cancel,22202,,,1677232636
cancel,24999,,,1677232636
newOrder,19909,0,9370,1677232645
newOrder,21978,1,9370,1677232645
newOrder,12004,0,37481,1677232645
newOrder,24999,1,37481,1677232645
cancel,12004,,,1677233235
cancel,19909,,,1677233235
cancel,21978,,,1677233235
cancel,24999,,,1677233235
newOrder,19909,0,9442,1677233241
newOrder,21944,1,9442,1677233241
newOrder,12004,0,37768,1677233241
newOrder,24999,1,37768,1677233241
cancel,12004,,,1677233835
cancel,19909,,,1677233835
cancel,21944,,,1677233835
cancel,24999,,,1677233835
newOrder,19909,0,9443,1677233842
newOrder,21942,1,9443,1677233842
newOrder,12004,0,37772,1677233842
newOrder,24999,1,37772,1677233842
cancel,12004,,,1677234438
cancel,19909,,,1677234438
cancel,21942,,,1677234438
cancel,24999,,,1677234438
newOrder,19909,0,9372,1677234450
newOrder,21974,1,9372,1677234450
newOrder,12004,0,37487,1677234450
newOrder,24999,1,37487,1677234450
cancel,12004,,,1677235034
cancel,19909,,,1677235034
cancel,21974,,,1677235034
cancel,24999,,,1677235034
newOrder,19909,0,9434,1677235042
newOrder,21944,1,9434,1677235042
newOrder,12004,0,37738,1677235042
newOrder,24999,1,37738,1677235042
cancel,12004,,,1677235635
cancel,19909,,,1677235635
cancel,21944,,,1677235635
cancel,24999,,,1677235635
newOrder,19909,0,9431,1677235643
newOrder,21944,1,9431,1677235643
newOrder,12004,0,37722,1677235643
newOrder,24999,1,37722,1677235643
cancel,12004,,,1677236235
cancel,19909,,,1677236235
cancel,21944,,,1677236235
cancel,24999,,,1677236235
newOrder,19909,0,9364,1677236243
newOrder,21974,1,9364,1677236243
newOrder,12004,0,37458,1677236243
newOrder,24999,1,37458,1677236243
cancel,12004,,,1677236835
cancel,19909,,,1677236835
cancel,21974,,,1677236835
cancel,24999,,,1677236835
newOrder,19909,0,9362,1677236843
newOrder,21974,1,9362,1677236843
newOrder,12004,0,37448,1677236843
newOrder,24999,1,37448,1677236843
cancel,12004,,,1677237436
cancel,19909,,,1677237436
cancel,21974,,,1677237436
cancel,24999,,,1677237436
newOrder,19909,0,9424,1677237445
newOrder,21944,1,9424,1677237445
newOrder,12004,0,37697,1677237445
newOrder,24999,1,37697,1677237445
cancel,12004,,,1677238035
cancel,19909,,,1677238035
cancel,21944,,,1677238035
cancel,24999,,,1677238035
newOrder,19909,0,9422,1677238042
newOrder,21944,1,9422,1677238042
newOrder,12004,0,37687,1677238042
newOrder,24999,1,37687,1677238042
cancel,12004,,,1677238635
cancel,19909,,,1677238635
cancel,21944,,,1677238635
cancel,24999,,,1677238635
newOrder,19909,0,9344,1677238642
newOrder,21979,1,9344,1677238642
newOrder,12004,0,37376,1677238642
newOrder,24999,1,37376,1677238642
cancel,12004,,,1677239236
cancel,19909,,,1677239236
cancel,21979,,,1677239236
cancel,24999,,,1677239236
newOrder,19909,0,9342,1677239243
newOrder,21979,1,9342,1677239243
newOrder,12004,0,37366,1677239243
newOrder,24999,1,37366,1677239243
cancel,12004,,,1677239836
cancel,19909,,,1677239836
cancel,21979,,,1677239836
cancel,24999,,,1677239836
newOrder,19909,0,9407,1677239843
newOrder,21947,1,9407,1677239843
newOrder,12004,0,37628,1677239843
newOrder,24999,1,37628,1677239843
cancel,12004,,,1677240436
cancel,19909,,,1677240436
cancel,21947,,,1677240436
cancel,24999,,,1677240436
newOrder,19909,0,9337,1677240443
newOrder,21979,1,9337,1677240443
newOrder,12004,0,37346,1677240443
newOrder,24999,1,37346,1677240443