instruction,price,side,qty,time
cancel,14003,,,1681215089
cancel,18246,,,1681215089
cancel,19066,,,1681215089
cancel,24999,,,1681215089
newOrder,18245,0,7394,1681215120
newOrder,19066,1,7394,1681215120
newOrder,12089,0,34431,1681215120
newOrder,24999,1,34431,1681215120
cancel,12089,,,1681215689
cancel,18245,,,1681215689
cancel,19066,,,1681215689
cancel,24999,,,1681215689
newOrder,18245,0,7395,1681215717
newOrder,19066,1,7395,1681215717
newOrder,14003,0,17059,1681215717
newOrder,24999,1,17059,1681215717
cancel,14003,,,1681216289
cancel,18245,,,1681216289
cancel,19066,,,1681216289
cancel,24999,,,1681216289
newOrder,18245,0,7396,1681216318
newOrder,19066,1,7396,1681216318
newOrder,14003,0,16053,1681216318
newOrder,24999,1,16053,1681216318
cancel,14003,,,1681216889
cancel,18245,,,1681216889
cancel,19066,,,1681216889
cancel,24999,,,1681216889
newOrder,18240,0,7399,1681216917
newOrder,19066,1,7399,1681216917
newOrder,14003,0,10869,1681216917
newOrder,24999,1,10869,1681216917
cancel,14003,,,1681217489
cancel,18240,,,1681217489
cancel,19066,,,1681217489
cancel,24999,,,1681217489
newOrder,18237,0,7400,1681217517
newOrder,19066,1,7400,1681217517
newOrder,12089,0,27170,1681217517
newOrder,24999,1,27170,1681217517
cancel,12089,,,1681218089
cancel,18237,,,1681218089
cancel,19066,,,1681218089
cancel,24999,,,1681218089
newOrder,18237,0,7402,1681218117
newOrder,19066,1,7402,1681218117
newOrder,12089,0,35099,1681218117
newOrder,24999,1,35099,1681218117
cancel,12089,,,1681218689
cancel,18237,,,1681218689
cancel,19066,,,1681218689
cancel,24999,,,1681218689
newOrder,18239,0,7402,1681218718
newOrder,19066,1,7402,1681218718
newOrder,12089,0,36036,1681218718
newOrder,24999,1,36036,1681218718
cancel,12089,,,1681219289
cancel,18239,,,1681219289
cancel,19066,,,1681219289
cancel,24999,,,1681219289
newOrder,18154,0,7427,1681219317
newOrder,19066,1,7427,1681219317
newOrder,14003,0,15402,1681219317
newOrder,24999,1,15402,1681219317
cancel,14003,,,1681219889
cancel,18154,,,1681219889
cancel,19066,,,1681219889
cancel,24999,,,1681219889
newOrder,18255,0,7399,1681219918
newOrder,19066,1,7399,1681219918
newOrder,12089,0,34023,1681219918
newOrder,24999,1,34023,1681219918
cancel,12089,,,1681220489
cancel,18255,,,1681220489
cancel,19066,,,1681220489
cancel,24999,,,1681220489
newOrder,18255,0,7400,1681220519
newOrder,19066,1,7400,1681220519
newOrder,14003,0,11503,1681220519
newOrder,24999,1,11503,1681220519
cancel,14003,,,1681221089
cancel,18255,,,1681221089
cancel,19066,,,1681221089
cancel,24999,,,1681221089
newOrder,18255,0,7401,1681221118
newOrder,19066,1,7401,1681221118
newOrder,12089,0,32747,1681221118
newOrder,24999,1,32747,1681221118
cancel,12089,,,1681221690
cancel,18255,,,1681221690
cancel,19066,,,1681221690
cancel,24999,,,1681221690
newOrder,18233,0,7409,1681221724
newOrder,19066,1,7409,1681221724
newOrder,14003,0,16204,1681221724
newOrder,24999,1,16204,1681221724
cancel,14003,,,1681222290
cancel,18233,,,1681222290
cancel,19066,,,1681222290
cancel,24999,,,1681222290
newOrder,18255,0,7403,1681222319
newOrder,19066,1,7403,1681222319
newOrder,15002,0,6333,1681222319
newOrder,21899,1,6333,1681222319
cancel,15002,,,1681222889
cancel,18255,,,1681222889
cancel,19066,,,1681222889
cancel,21899,,,1681222889
newOrder,18255,0,7404,1681222918
newOrder,19066,1,7404,1681222918
newOrder,15001,0,9294,1681222918
newOrder,24499,1,9294,1681222918
cancel,15001,,,1681223489
cancel,18255,,,1681223489
cancel,19066,,,1681223489
cancel,24499,,,1681223489
newOrder,18255,0,7406,1681223517
newOrder,19066,1,7406,1681223517
newOrder,13597,0,24228,1681223517
newOrder,24999,1,24228,1681223517
cancel,13597,,,1681224090
cancel,18255,,,1681224090
cancel,19066,,,1681224090
cancel,24999,,,1681224090
newOrder,18258,0,7406,1681224119
newOrder,19066,1,7406,1681224119
newOrder,12089,0,34131,1681224119
newOrder,24999,1,34131,1681224119
cancel,12089,,,1681224689
cancel,18258,,,1681224689
cancel,19066,,,1681224689
cancel,24999,,,1681224689
newOrder,18258,0,7407,1681224716
newOrder,19066,1,7407,1681224716
newOrder,12089,0,28678,1681224716
newOrder,24999,1,28678,1681224716
cancel,12089,,,1681225291
cancel,18258,,,1681225291
cancel,19066,,,1681225291
cancel,24999,,,1681225291
newOrder,18226,0,7417,1681225333
newOrder,19066,1,7417,1681225333
newOrder,14003,0,11389,1681225333
newOrder,24999,1,11389,1681225333
cancel,14003,,,1681225889
cancel,18226,,,1681225889
cancel,19066,,,1681225889
cancel,24999,,,1681225889
newOrder,18258,0,7409,1681225920
newOrder,19066,1,7409,1681225920
newOrder,12089,0,31914,1681225920
newOrder,24999,1,31914,1681225920
cancel,12089,,,1681226489
cancel,18258,,,1681226489
cancel,19066,,,1681226489
cancel,24999,,,1681226489
newOrder,18192,0,7429,1681226518
newOrder,19066,1,7429,1681226518
newOrder,12089,0,28966,1681226518
newOrder,24999,1,28966,1681226518
cancel,12089,,,1681227089
cancel,18192,,,1681227089
cancel,19066,,,1681227089
cancel,24999,,,1681227089
newOrder,18194,0,7430,1681227118
newOrder,19066,1,7430,1681227118
newOrder,12089,0,36812,1681227118
newOrder,24999,1,36812,1681227118
cancel,12089,,,1681227688
cancel,18194,,,1681227688
cancel,19066,,,1681227688
cancel,24999,,,1681227688
newOrder,18277,0,7406,1681227719
newOrder,19066,1,7406,1681227719
newOrder,12089,0,34815,1681227719
newOrder,24999,1,34815,1681227719
cancel,12089,,,1681228289
cancel,18277,,,1681228289
cancel,19066,,,1681228289
cancel,24999,,,1681228289
newOrder,18277,0,7407,1681228316
newOrder,19066,1,7407,1681228316
newOrder,13597,0,26703,1681228316
newOrder,24999,1,26703,1681228316
cancel,13597,,,1681228890
cancel,18277,,,1681228890
cancel,19066,,,1681228890
cancel,24999,,,1681228890
newOrder,18277,0,7408,1681228921
newOrder,19066,1,7408,1681228921
newOrder,14003,0,16832,1681228921
newOrder,24999,1,16832,1681228921
cancel,14003,,,1681229490
cancel,18277,,,1681229490
cancel,19066,,,1681229490
cancel,24999,,,1681229490
newOrder,18277,0,7409,1681229518
newOrder,19066,1,7409,1681229518
newOrder,14003,0,12919,1681229518
newOrder,24999,1,12919,1681229518
cancel,14003,,,1681230089
cancel,18277,,,1681230089
cancel,19066,,,1681230089
cancel,24999,,,1681230089
newOrder,18277,0,7410,1681230118
newOrder,19066,1,7410,1681230118
newOrder,14003,0,16714,1681230118
newOrder,24999,1,16714,1681230118
cancel,14003,,,1681230690
cancel,18277,,,1681230690
cancel,19066,,,1681230690
cancel,24999,,,1681230690
newOrder,18277,0,7411,1681230722
newOrder,19066,1,7411,1681230722
newOrder,12089,0,36539,1681230722
newOrder,24999,1,36539,1681230722
cancel,12089,,,1681231290
cancel,18277,,,1681231290
cancel,19066,,,1681231290
cancel,24999,,,1681231290
newOrder,18277,0,7412,1681231318
newOrder,19066,1,7412,1681231318
newOrder,14003,0,21917,1681231318
newOrder,24999,1,21917,1681231318
cancel,14003,,,1681231889
cancel,18277,,,1681231889
cancel,19066,,,1681231889
cancel,24999,,,1681231889
newOrder,18277,0,7413,1681231918
newOrder,19066,1,7413,1681231918
newOrder,12089,0,28815,1681231918
newOrder,24999,1,28815,1681231918
cancel,12089,,,1681232489
cancel,18277,,,1681232489
cancel,19066,,,1681232489
cancel,24999,,,1681232489
newOrder,18277,0,7414,1681232519
newOrder,19066,1,7414,1681232519
newOrder,12089,0,35095,1681232519
newOrder,24999,1,35095,1681232519
cancel,12089,,,1681233089
cancel,18277,,,1681233089
cancel,19066,,,1681233089
cancel,24999,,,1681233089
newOrder,18277,0,7415,1681233114
newOrder,19066,1,7415,1681233114
newOrder,14003,0,14683,1681233114
newOrder,24999,1,14683,1681233114
cancel,14003,,,1681233689
cancel,18277,,,1681233689
cancel,19066,,,1681233689
cancel,24999,,,1681233689
newOrder,18277,0,7416,1681233719
newOrder,19066,1,7416,1681233719
newOrder,12089,0,29155,1681233719
newOrder,24999,1,29155,1681233719
cancel,12089,,,1681234290
cancel,18277,,,1681234290
cancel,19066,,,1681234290
cancel,24999,,,1681234290
newOrder,18277,0,7417,1681234318
newOrder,19066,1,7417,1681234318
newOrder,15002,0,8265,1681234318
newOrder,24499,1,8265,1681234318
cancel,15002,,,1681234889
cancel,18277,,,1681234889
cancel,19066,,,1681234889
cancel,24499,,,1681234889
newOrder,18277,0,7418,1681234917
newOrder,19066,1,7418,1681234917
newOrder,13597,0,26822,1681234917
newOrder,24999,1,26822,1681234917
cancel,13597,,,1681235490
cancel,18277,,,1681235490
cancel,19066,,,1681235490
cancel,24999,,,1681235490
newOrder,18277,0,7420,1681235515
newOrder,19066,1,7420,1681235515
newOrder,14003,0,17284,1681235515
newOrder,24999,1,17284,1681235515
cancel,14003,,,1681236089
cancel,18277,,,1681236089
cancel,19066,,,1681236089
cancel,24999,,,1681236089
newOrder,18277,0,7421,1681236119
newOrder,19066,1,7421,1681236119
newOrder,14003,0,24215,1681236119
newOrder,24999,1,24215,1681236119
cancel,14003,,,1681236689
cancel,18277,,,1681236689
cancel,19066,,,1681236689
cancel,24999,,,1681236689
newOrder,18277,0,7422,1681236718
newOrder,19066,1,7422,1681236718
newOrder,14003,0,23835,1681236718
newOrder,24999,1,23835,1681236718
cancel,14003,,,1681237289
cancel,18277,,,1681237289
cancel,19066,,,1681237289
cancel,24999,,,1681237289
newOrder,18277,0,7423,1681237317
newOrder,19066,1,7423,1681237317
newOrder,12089,0,35063,1681237317
newOrder,24999,1,35063,1681237317
cancel,12089,,,1681237889
cancel,18277,,,1681237889
cancel,19066,,,1681237889
cancel,24999,,,1681237889
newOrder,18313,0,7412,1681237916
newOrder,19066,1,7412,1681237916
newOrder,14003,0,22890,1681237916
newOrder,24999,1,22890,1681237916
cancel,14003,,,1681238489
cancel,18313,,,1681238489
cancel,19066,,,1681238489
cancel,24999,,,1681238489
newOrder,18313,0,7413,1681238517
newOrder,19066,1,7413,1681238517
newOrder,12089,0,32214,1681238517
newOrder,24999,1,32214,1681238517
cancel,12089,,,1681239089
cancel,18313,,,1681239089
cancel,19066,,,1681239089
cancel,24999,,,1681239089
newOrder,18313,0,7414,1681239117
newOrder,19066,1,7414,1681239117
newOrder,12089,0,32748,1681239117
newOrder,24999,1,32748,1681239117
cancel,12089,,,1681239689
cancel,18313,,,1681239689
cancel,19066,,,1681239689
cancel,24999,,,1681239689
newOrder,18315,0,7414,1681239718
newOrder,19066,1,7414,1681239718
newOrder,12089,0,34242,1681239718
newOrder,24999,1,34242,1681239718
cancel,12089,,,1681240289
cancel,18315,,,1681240289
cancel,19066,,,1681240289
cancel,24999,,,1681240289
newOrder,18315,0,7415,1681240318
newOrder,19066,1,7415,1681240318
newOrder,14003,0,13815,1681240318
newOrder,24999,1,13815,1681240318
cancel,14003,,,1681240889
cancel,18315,,,1681240889
cancel,19066,,,1681240889
cancel,24999,,,1681240889
newOrder,18315,0,7416,1681240920
newOrder,19066,1,7416,1681240920
newOrder,14003,0,23876,1681240920
newOrder,24999,1,23876,1681240920
cancel,14003,,,1681241490
cancel,18315,,,1681241490
cancel,19066,,,1681241490
cancel,24999,,,1681241490
newOrder,18313,0,7418,1681241518
newOrder,19066,1,7418,1681241518
newOrder,12089,0,36906,1681241518
newOrder,24999,1,36906,1681241518
cancel,12089,,,1681242089
cancel,18313,,,1681242089
cancel,19066,,,1681242089
cancel,24999,,,1681242089
newOrder,18313,0,7419,1681242118
newOrder,19066,1,7419,1681242118
newOrder,12089,0,32255,1681242118
newOrder,24999,1,32255,1681242118
cancel,12089,,,1681242689
cancel,18313,,,1681242689
cancel,19066,,,1681242689
cancel,24999,,,1681242689
newOrder,18335,0,7413,1681242718
newOrder,19066,1,7413,1681242718
newOrder,15002,0,6079,1681242718
newOrder,21899,1,6079,1681242718
cancel,15002,,,1681243290
cancel,18335,,,1681243290
cancel,19066,,,1681243290
cancel,21899,,,1681243290
newOrder,18335,0,7414,1681243319
newOrder,19066,1,7414,1681243319
newOrder,12089,0,37043,1681243319
newOrder,24999,1,37043,1681243319
cancel,12089,,,1681243889
cancel,18335,,,1681243889
cancel,19066,,,1681243889
cancel,24999,,,1681243889
newOrder,18335,0,7415,1681243919
newOrder,19066,1,7415,1681243919
newOrder,14003,0,20274,1681243919
newOrder,24999,1,20274,1681243919
cancel,14003,,,1681244488
cancel,18335,,,1681244488
cancel,19066,,,1681244488
cancel,24999,,,1681244488
newOrder,18335,0,7416,1681244518
newOrder,19066,1,7416,1681244518
newOrder,14005,0,11023,1681244518
newOrder,24999,1,11023,1681244518
cancel,14005,,,1681245089
cancel,18335,,,1681245089
cancel,19066,,,1681245089
cancel,24999,,,1681245089
newOrder,18335,0,7417,1681245128
newOrder,19066,1,7417,1681245128
newOrder,12089,0,32998,1681245128
newOrder,24999,1,32998,1681245128
cancel,12089,,,1681245292
cancel,18335,,,1681245292
cancel,19066,,,1681245292
cancel,24999,,,1681245292
newOrder,18335,0,9750,1681245325
newOrder,19066,1,9750,1681245325
newOrder,13003,0,30479,1681245325
newOrder,24999,1,30479,1681245325
cancel,13003,,,1681245924
cancel,18335,,,1681245924
cancel,19066,,,1681245924
cancel,24999,,,1681245924
newOrder,18335,0,9751,1681245953
newOrder,19066,1,9751,1681245953
newOrder,12089,0,40607,1681245953
newOrder,24999,1,40607,1681245953
cancel,12089,,,1681246524
cancel,18335,,,1681246524
cancel,19066,,,1681246524
cancel,24999,,,1681246524
newOrder,18335,0,9752,1681246552
newOrder,19066,1,9752,1681246552
newOrder,12089,0,47923,1681246552
newOrder,24999,1,47923,1681246552
cancel,12089,,,1681247124
cancel,18335,,,1681247124
cancel,19066,,,1681247124
cancel,24999,,,1681247124
newOrder,18335,0,9753,1681247153
newOrder,19066,1,9753,1681247153
newOrder,14003,0,15636,1681247153
newOrder,24999,1,15636,1681247153
cancel,14003,,,1681247724
cancel,18335,,,1681247724
cancel,19066,,,1681247724
cancel,24999,,,1681247724
newOrder,18335,0,9755,1681247755
newOrder,19066,1,9755,1681247755
newOrder,14003,0,20155,1681247755
newOrder,24999,1,20155,1681247755
cancel,14003,,,1681248324
cancel,18335,,,1681248324
cancel,19066,,,1681248324
cancel,24999,,,1681248324
newOrder,18335,0,9756,1681248357
newOrder,19066,1,9756,1681248357
newOrder,12089,0,50305,1681248357
newOrder,24999,1,50305,1681248357
cancel,12089,,,1681248926
cancel,18335,,,1681248926
cancel,19066,,,1681248926
cancel,24999,,,1681248926
newOrder,18272,0,9780,1681248956
newOrder,19066,1,9780,1681248956
newOrder,14005,0,12070,1681248956
newOrder,24999,1,12070,1681248956
cancel,14005,,,1681249525
cancel,18272,,,1681249525
cancel,19066,,,1681249525
cancel,24999,,,1681249525
newOrder,18271,0,9781,1681249553
newOrder,19066,1,9781,1681249553
newOrder,14003,0,22523,1681249553
newOrder,24999,1,22523,1681249553
cancel,14003,,,1681250124
cancel,18271,,,1681250124
cancel,19066,,,1681250124
cancel,24999,,,1681250124
newOrder,18274,0,9782,1681250152
newOrder,19066,1,9782,1681250152
newOrder,12089,0,47668,1681250152
newOrder,24999,1,47668,1681250152
cancel,12089,,,1681250723
cancel,18274,,,1681250723
cancel,19066,,,1681250723
cancel,24999,,,1681250723
newOrder,18273,0,9783,1681250753
newOrder,19066,1,9783,1681250753
newOrder,12089,0,37243,1681250753
newOrder,24999,1,37243,1681250753
cancel,12089,,,1681251324
cancel,18273,,,1681251324
cancel,19066,,,1681251324
cancel,24999,,,1681251324
newOrder,18273,0,9784,1681251352
newOrder,19066,1,9784,1681251352
newOrder,12089,0,40693,1681251352
newOrder,24999,1,40693,1681251352
cancel,12089,,,1681251924
cancel,18273,,,1681251924
cancel,19066,,,1681251924
cancel,24999,,,1681251924
newOrder,18271,0,9786,1681251954
newOrder,19066,1,9786,1681251954
newOrder,15002,0,8349,1681251954
newOrder,21899,1,8349,1681251954
cancel,15002,,,1681252524
cancel,18271,,,1681252524
cancel,19066,,,1681252524
cancel,21899,,,1681252524
newOrder,18272,0,9787,1681252553
newOrder,19066,1,9787,1681252553
newOrder,12089,0,51129,1681252553
newOrder,24999,1,51129,1681252553
cancel,12089,,,1681253124
cancel,18272,,,1681253124
cancel,19066,,,1681253124
cancel,24999,,,1681253124
newOrder,18274,0,9787,1681253153
newOrder,19066,1,9787,1681253153
newOrder,14003,0,18861,1681253153
newOrder,24999,1,18861,1681253153
cancel,14003,,,1681253724
cancel,18274,,,1681253724
cancel,19066,,,1681253724
cancel,24999,,,1681253724
newOrder,18272,0,9789,1681253752
newOrder,19066,1,9789,1681253752
newOrder,15001,0,11629,1681253752
newOrder,24499,1,11629,1681253752
cancel,15001,,,1681254324
cancel,18272,,,1681254324
cancel,19066,,,1681254324
cancel,24499,,,1681254324
newOrder,18272,0,9791,1681254352
newOrder,19066,1,9791,1681254352
newOrder,14003,0,18714,1681254352
newOrder,24999,1,18714,1681254352
cancel,14003,,,1681254924
cancel,18272,,,1681254924
cancel,19066,,,1681254924
cancel,24999,,,1681254924
newOrder,18242,0,9802,1681254955
newOrder,19066,1,9802,1681254955
newOrder,12089,0,36049,1681254955
newOrder,24999,1,36049,1681254955
cancel,12089,,,1681255524
cancel,18242,,,1681255524
cancel,19066,,,1681255524
cancel,24999,,,1681255524
newOrder,18241,0,9803,1681255552
newOrder,19066,1,9803,1681255552
newOrder,14003,0,18309,1681255552
newOrder,24999,1,18309,1681255552
cancel,14003,,,1681256124
cancel,18241,,,1681256124
cancel,19066,,,1681256124
cancel,24999,,,1681256124
newOrder,18242,0,9805,1681256152
newOrder,19066,1,9805,1681256152
newOrder,12089,0,44499,1681256152
newOrder,24999,1,44499,1681256152
cancel,12089,,,1681256724
cancel,18242,,,1681256724
cancel,19066,,,1681256724
cancel,24999,,,1681256724
newOrder,18241,0,9806,1681256752
newOrder,19066,1,9806,1681256752
newOrder,14003,0,27813,1681256752
newOrder,24999,1,27813,1681256752
cancel,14003,,,1681257324
cancel,18241,,,1681257324
cancel,19066,,,1681257324
cancel,24999,,,1681257324
newOrder,18240,0,9807,1681257353
newOrder,19066,1,9807,1681257353
newOrder,14003,0,21676,1681257353
newOrder,24999,1,21676,1681257353
cancel,14003,,,1681257924
cancel,18240,,,1681257924
cancel,19066,,,1681257924
cancel,24999,,,1681257924
newOrder,18242,0,9808,1681257954
newOrder,19066,1,9808,1681257954
newOrder,12089,0,42795,1681257954
newOrder,24999,1,42795,1681257954
cancel,12089,,,1681258524
cancel,18242,,,1681258524
cancel,19066,,,1681258524
cancel,24999,,,1681258524
newOrder,18241,0,9810,1681258555
newOrder,19066,1,9810,1681258555
newOrder,12089,0,34158,1681258555
newOrder,24999,1,34158,1681258555
cancel,12089,,,1681259124
cancel,18241,,,1681259124
cancel,19066,,,1681259124
cancel,24999,,,1681259124
newOrder,18243,0,9810,1681259158
newOrder,19066,1,9810,1681259158
newOrder,14003,0,27580,1681259158
newOrder,24999,1,27580,1681259158
cancel,14003,,,1681259724
cancel,18243,,,1681259724
cancel,19066,,,1681259724
cancel,24999,,,1681259724
newOrder,18241,0,9812,1681259752
newOrder,19066,1,9812,1681259752
newOrder,14003,0,14863,1681259752
newOrder,24999,1,14863,1681259752
cancel,14003,,,1681260324
cancel,18241,,,1681260324
cancel,19066,,,1681260324
cancel,24999,,,1681260324
newOrder,18240,0,9814,1681260352
newOrder,19066,1,9814,1681260352
newOrder,12089,0,34280,1681260352
newOrder,24999,1,34280,1681260352
cancel,12089,,,1681260924
cancel,18240,,,1681260924
cancel,19066,,,1681260924
cancel,24999,,,1681260924
newOrder,18240,0,9815,1681260952
newOrder,19066,1,9815,1681260952
newOrder,14003,0,27473,1681260952
newOrder,24999,1,27473,1681260952
cancel,14003,,,1681261525
cancel,18240,,,1681261525
cancel,19066,,,1681261525
cancel,24999,,,1681261525
newOrder,18242,0,9815,1681261554
newOrder,19066,1,9815,1681261554
newOrder,14003,0,21811,1681261554
newOrder,24999,1,21811,1681261554
cancel,14003,,,1681262124
cancel,18242,,,1681262124
cancel,19066,,,1681262124
cancel,24999,,,1681262124
newOrder,18241,0,9817,1681262155
newOrder,19066,1,9817,1681262155
newOrder,14005,0,13094,1681262155
newOrder,24999,1,13094,1681262155
cancel,14005,,,1681262724
cancel,18241,,,1681262724
cancel,19066,,,1681262724
cancel,24999,,,1681262724
newOrder,18241,0,9818,1681262752
newOrder,19066,1,9818,1681262752
newOrder,15002,0,6073,1681262752
newOrder,21899,1,6073,1681262752
cancel,15002,,,1681263324
cancel,18241,,,1681263324
cancel,19066,,,1681263324
cancel,21899,,,1681263324
newOrder,18241,0,9820,1681263353
newOrder,19066,1,9820,1681263353
newOrder,15002,0,10499,1681263353
newOrder,24499,1,10499,1681263353
cancel,15002,,,1681263925
cancel,18241,,,1681263925
cancel,19066,,,1681263925
cancel,24499,,,1681263925
newOrder,18240,0,9821,1681263954
newOrder,19066,1,9821,1681263954
newOrder,14003,0,17574,1681263954
newOrder,24999,1,17574,1681263954
cancel,14003,,,1681264526
cancel,18240,,,1681264526
cancel,19066,,,1681264526
cancel,24999,,,1681264526
newOrder,18241,0,9822,1681264554
newOrder,19066,1,9822,1681264554
newOrder,12089,0,52139,1681264554
newOrder,24999,1,52139,1681264554
cancel,12089,,,1681265124
cancel,18241,,,1681265124
cancel,19066,,,1681265124
cancel,24999,,,1681265124
newOrder,18241,0,9823,1681265153
newOrder,19066,1,9823,1681265153
newOrder,12089,0,32856,1681265153
newOrder,24999,1,32856,1681265153
cancel,12089,,,1681265724
cancel,18241,,,1681265724
cancel,19066,,,1681265724
cancel,24999,,,1681265724
newOrder,18243,0,9824,1681265762
newOrder,19066,1,9824,1681265762
newOrder,15001,0,11730,1681265762
newOrder,24499,1,11730,1681265762
cancel,15001,,,1681266325
cancel,18243,,,1681266325
cancel,19066,,,1681266325
cancel,24499,,,1681266325
newOrder,18244,0,9825,1681266354
newOrder,19066,1,9825,1681266354
newOrder,15001,0,10871,1681266354
newOrder,24499,1,10871,1681266354
cancel,15001,,,1681266925
cancel,18244,,,1681266925
cancel,19066,,,1681266925
cancel,24499,,,1681266925
newOrder,18243,0,9826,1681266956
newOrder,19066,1,9826,1681266956
newOrder,14003,0,25984,1681266956
newOrder,24999,1,25984,1681266956
cancel,14003,,,1681267524
cancel,18243,,,1681267524
cancel,19066,,,1681267524
cancel,24999,,,1681267524
newOrder,18243,0,9828,1681267553
newOrder,19066,1,9828,1681267553
newOrder,14003,0,19315,1681267553
newOrder,24999,1,19315,1681267553
cancel,14003,,,1681268124
cancel,18243,,,1681268124
cancel,19066,,,1681268124
cancel,24999,,,1681268124
newOrder,18241,0,9830,1681268152
newOrder,19066,1,9830,1681268152
newOrder,14003,0,20184,1681268152
newOrder,24999,1,20184,1681268152
cancel,14003,,,1681268725
cancel,18241,,,1681268725
cancel,19066,,,1681268725
cancel,24999,,,1681268725
newOrder,18242,0,9830,1681268753
newOrder,19066,1,9830,1681268753
newOrder,14003,0,24030,1681268753
newOrder,24999,1,24030,1681268753
cancel,14003,,,1681269324
cancel,18242,,,1681269324
cancel,19066,,,1681269324
cancel,24999,,,1681269324
newOrder,18243,0,9831,1681269366
newOrder,19066,1,9831,1681269366
newOrder,12089,0,37312,1681269366
newOrder,24999,1,37312,1681269366
cancel,12089,,,1681269924
cancel,18243,,,1681269924
cancel,19066,,,1681269924
cancel,24999,,,1681269924
newOrder,18243,0,9833,1681269953
newOrder,19066,1,9833,1681269953
newOrder,12089,0,51240,1681269953
newOrder,24999,1,51240,1681269953
cancel,12089,,,1681270524
cancel,18243,,,1681270524
cancel,19066,,,1681270524
cancel,24999,,,1681270524
newOrder,18242,0,9834,1681270553
newOrder,19066,1,9834,1681270553
newOrder,14003,0,23154,1681270553
newOrder,24999,1,23154,1681270553
cancel,14003,,,1681271124
cancel,18242,,,1681271124
cancel,19066,,,1681271124
cancel,24999,,,1681271124
newOrder,18241,0,9836,1681271152
newOrder,19066,1,9836,1681271152
newOrder,12089,0,37283,1681271152
newOrder,24999,1,37283,1681271152
cancel,12089,,,1681271724
cancel,18241,,,1681271724
cancel,19066,,,1681271724
cancel,24999,,,1681271724
newOrder,18242,0,9837,1681271752
newOrder,19066,1,9837,1681271752
newOrder,14005,0,13692,1681271752
newOrder,24999,1,13692,1681271752
cancel,14005,,,1681272324
cancel,18242,,,1681272324
cancel,19066,,,1681272324
cancel,24999,,,1681272324
newOrder,18241,0,9838,1681272353
newOrder,19066,1,9838,1681272353
newOrder,12089,0,37786,1681272353
newOrder,24999,1,37786,1681272353
cancel,12089,,,1681272924
cancel,18241,,,1681272924
cancel,19066,,,1681272924
cancel,24999,,,1681272924
newOrder,18487,0,9742,1681272952
newOrder,19066,1,9742,1681272952
newOrder,14003,0,16502,1681272952
newOrder,24999,1,16502,1681272952
cancel,14003,,,1681273524
cancel,18487,,,1681273524
cancel,19066,,,1681273524
cancel,24999,,,1681273524
newOrder,18487,0,9743,1681273553
newOrder,19066,1,9743,1681273553
newOrder,14003,0,27171,1681273553
newOrder,24999,1,27171,1681273553
cancel,14003,,,1681274124
cancel,18487,,,1681274124
cancel,19066,,,1681274124
cancel,24999,,,1681274124
newOrder,18487,0,9744,1681274154
newOrder,19066,1,9744,1681274154
newOrder,14005,0,12810,1681274154
newOrder,24999,1,12810,1681274154
cancel,14005,,,1681274724
cancel,18487,,,1681274724
cancel,19066,,,1681274724
cancel,24999,,,1681274724
newOrder,18487,0,9746,1681274752
newOrder,19066,1,9746,1681274752
newOrder,12089,0,47413,1681274752
newOrder,24999,1,47413,1681274752
cancel,12089,,,1681275323
cancel,18487,,,1681275323
cancel,19066,,,1681275323
cancel,24999,,,1681275323
newOrder,18487,0,9747,1681275354
newOrder,19066,1,9747,1681275354
newOrder,12089,0,45758,1681275354
newOrder,24999,1,45758,1681275354
cancel,12089,,,1681275924
cancel,18487,,,1681275924
cancel,19066,,,1681275924
cancel,24999,,,1681275924
newOrder,18487,0,9748,1681275951
newOrder,19066,1,9748,1681275951
newOrder,12089,0,42825,1681275951
newOrder,24999,1,42825,1681275951
cancel,12089,,,1681276524
cancel,18487,,,1681276524
cancel,19066,,,1681276524
cancel,24999,,,1681276524
newOrder,18487,0,9749,1681276552
newOrder,19066,1,9749,1681276552
newOrder,14003,0,24031,1681276552
newOrder,24999,1,24031,1681276552
cancel,14003,,,1681277124
cancel,18487,,,1681277124
cancel,19066,,,1681277124
cancel,24999,,,1681277124
newOrder,18487,0,9750,1681277152
newOrder,19066,1,9750,1681277152
newOrder,14003,0,22449,1681277152
newOrder,24999,1,22449,1681277152
cancel,14003,,,1681277724
cancel,18487,,,1681277724
cancel,19066,,,1681277724
cancel,24999,,,1681277724
newOrder,18487,0,9752,1681277753
newOrder,19066,1,9752,1681277753
newOrder,12089,0,48620,1681277753
newOrder,24999,1,48620,1681277753
cancel,12089,,,1681278324
cancel,18487,,,1681278324
cancel,19066,,,1681278324
cancel,24999,,,1681278324
newOrder,18487,0,9753,1681278352
newOrder,19066,1,9753,1681278352
newOrder,12089,0,43322,1681278352
newOrder,24999,1,43322,1681278352
cancel,12089,,,1681278926
cancel,18487,,,1681278926
cancel,19066,,,1681278926
cancel,24999,,,1681278926
newOrder,18487,0,9754,1681278955
newOrder,19066,1,9754,1681278955
newOrder,12089,0,48079,1681278955
newOrder,24999,1,48079,1681278955
cancel,12089,,,1681279524
cancel,18487,,,1681279524
cancel,19066,,,1681279524
cancel,24999,,,1681279524
newOrder,18487,0,9755,1681279552
newOrder,19066,1,9755,1681279552
newOrder,12089,0,36380,1681279552
newOrder,24999,1,36380,1681279552
cancel,12089,,,1681280124
cancel,18487,,,1681280124
cancel,19066,,,1681280124
cancel,24999,,,1681280124
newOrder,18487,0,9757,1681280152
newOrder,19066,1,9757,1681280152
newOrder,12089,0,34969,1681280152
newOrder,24999,1,34969,1681280152
cancel,12089,,,1681280724
cancel,18487,,,1681280724
cancel,19066,,,1681280724
cancel,24999,,,1681280724
newOrder,18487,0,9758,1681280752
newOrder,19066,1,9758,1681280752
newOrder,12089,0,42139,1681280752
newOrder,24999,1,42139,1681280752
cancel,12089,,,1681281324
cancel,18487,,,1681281324
cancel,19066,,,1681281324
cancel,24999,,,1681281324
newOrder,18487,0,9759,1681281353
newOrder,19066,1,9759,1681281353
newOrder,12089,0,48985,1681281353
newOrder,24999,1,48985,1681281353
cancel,12089,,,1681281924
cancel,18487,,,1681281924
cancel,19066,,,1681281924
cancel,24999,,,1681281924
newOrder,18487,0,9760,1681281954
newOrder,19066,1,9760,1681281954
newOrder,12089,0,35514,1681281954
newOrder,24999,1,35514,1681281954
cancel,12089,,,1681282524
cancel,18487,,,1681282524
cancel,19066,,,1681282524
cancel,24999,,,1681282524
newOrder,18487,0,9762,1681282555
newOrder,19066,1,9762,1681282555
newOrder,12089,0,38674,1681282555
newOrder,24999,1,38674,1681282555
cancel,12089,,,1681283124
cancel,18487,,,1681283124
cancel,19066,,,1681283124
cancel,24999,,,1681283124
newOrder,18487,0,9763,1681283152
newOrder,19066,1,9763,1681283152
newOrder,14003,0,25170,1681283152
newOrder,24999,1,25170,1681283152
cancel,14003,,,1681283725
cancel,18487,,,1681283725
cancel,19066,,,1681283725
cancel,24999,,,1681283725
newOrder,18487,0,9764,1681283756
newOrder,19066,1,9764,1681283756
newOrder,12089,0,47864,1681283756
newOrder,24999,1,47864,1681283756
cancel,12089,,,1681284324
cancel,18487,,,1681284324
cancel,19066,,,1681284324
cancel,24999,,,1681284324
newOrder,18487,0,9765,1681284354
newOrder,19066,1,9765,1681284354
newOrder,15001,0,11354,1681284354
newOrder,24499,1,11354,1681284354
cancel,15001,,,1681284924
cancel,18487,,,1681284924
cancel,19066,,,1681284924
cancel,24499,,,1681284924
newOrder,18487,0,9766,1681284955
newOrder,19066,1,9766,1681284955
newOrder,12089,0,39917,1681284955
newOrder,24999,1,39917,1681284955
cancel,12089,,,1681285524
cancel,18487,,,1681285524
cancel,19066,,,1681285524
cancel,24999,,,1681285524
newOrder,18487,0,9768,1681285553
newOrder,19066,1,9768,1681285553
newOrder,12089,0,34113,1681285553
newOrder,24999,1,34113,1681285553
cancel,12089,,,1681286125
cancel,18487,,,1681286125
cancel,19066,,,1681286125
cancel,24999,,,1681286125
newOrder,18487,0,9769,1681286153
newOrder,19066,1,9769,1681286153
newOrder,12089,0,45206,1681286153
newOrder,24999,1,45206,1681286153
cancel,12089,,,1681286724
cancel,18487,,,1681286724
cancel,19066,,,1681286724
cancel,24999,,,1681286724
newOrder,18487,0,9770,1681286753
newOrder,19066,1,9770,1681286753
newOrder,14003,0,25985,1681286753
newOrder,24999,1,25985,1681286753
cancel,14003,,,1681287324
cancel,18487,,,1681287324
cancel,19066,,,1681287324
cancel,24999,,,1681287324
newOrder,18487,0,9771,1681287352
newOrder,19066,1,9771,1681287352
newOrder,12089,0,50567,1681287352
newOrder,24999,1,50567,1681287352
cancel,12089,,,1681287924
cancel,18487,,,1681287924
cancel,19066,,,1681287924
cancel,24999,,,1681287924
newOrder,18487,0,9773,1681287953
newOrder,19066,1,9773,1681287953
newOrder,12089,0,43930,1681287953
newOrder,24999,1,43930,1681287953
cancel,12089,,,1681288524
cancel,18487,,,1681288524
cancel,19066,,,1681288524
cancel,24999,,,1681288524
newOrder,18487,0,9774,1681288552
newOrder,19066,1,9774,1681288552
newOrder,14005,0,14416,1681288552
newOrder,24999,1,14416,1681288552
cancel,14005,,,1681289124
cancel,18487,,,1681289124
cancel,19066,,,1681289124
cancel,24999,,,1681289124
newOrder,18487,0,9775,1681289152
newOrder,19066,1,9775,1681289152
newOrder,12089,0,30326,1681289152
newOrder,24999,1,30326,1681289152
cancel,12089,,,1681289725
cancel,18487,,,1681289725
cancel,19066,,,1681289725
cancel,24999,,,1681289725
newOrder,18487,0,9776,1681289753
newOrder,19066,1,9776,1681289753
newOrder,12089,0,47445,1681289753
newOrder,24999,1,47445,1681289753
cancel,12089,,,1681290324
cancel,18487,,,1681290324
cancel,19066,,,1681290324
cancel,24999,,,1681290324
newOrder,18487,0,9778,1681290352
newOrder,19066,1,9778,1681290352
newOrder,12089,0,34062,1681290352
newOrder,24999,1,34062,1681290352
cancel,12089,,,1681290924
cancel,18487,,,1681290924
cancel,19066,,,1681290924
cancel,24999,,,1681290924
newOrder,18487,0,9779,1681290953
newOrder,19066,1,9779,1681290953
newOrder,14003,0,25780,1681290953
newOrder,24999,1,25780,1681290953
cancel,14003,,,1681291523
cancel,18487,,,1681291523
cancel,19066,,,1681291523
cancel,24999,,,1681291523
newOrder,18487,0,9780,1681291552
newOrder,19066,1,9780,1681291552
newOrder,12089,0,32640,1681291552
newOrder,24999,1,32640,1681291552
cancel,12089,,,1681292124
cancel,18487,,,1681292124
cancel,19066,,,1681292124
cancel,24999,,,1681292124
newOrder,18487,0,9781,1681292153
newOrder,19066,1,9781,1681292153
newOrder,14003,0,19826,1681292153
newOrder,24999,1,19826,1681292153
cancel,14003,,,1681292724
cancel,18487,,,1681292724
cancel,19066,,,1681292724
cancel,24999,,,1681292724
newOrder,18487,0,9783,1681292752
newOrder,19066,1,9783,1681292752
newOrder,12089,0,47438,1681292752
newOrder,24999,1,47438,1681292752
cancel,12089,,,1681293324
cancel,18487,,,1681293324
cancel,19066,,,1681293324
cancel,24999,,,1681293324
newOrder,18487,0,9784,1681293352
newOrder,19066,1,9784,1681293352
newOrder,12089,0,30031,1681293352
newOrder,24999,1,30031,1681293352
cancel,12089,,,1681293925
cancel,18487,,,1681293925
cancel,19066,,,1681293925
cancel,24999,,,1681293925
newOrder,18487,0,9785,1681293954
newOrder,19066,1,9785,1681293954
newOrder,14003,0,26301,1681293954
newOrder,24999,1,26301,1681293954
cancel,14003,,,1681294524
cancel,18487,,,1681294524
cancel,19066,,,1681294524
cancel,24999,,,1681294524
newOrder,18487,0,9786,1681294552
newOrder,19066,1,9786,1681294552
newOrder,12089,0,43136,1681294552
newOrder,24999,1,43136,1681294552
cancel,12089,,,1681295124
cancel,18487,,,1681295124
cancel,19066,,,1681295124
cancel,24999,,,1681295124
newOrder,18487,0,9788,1681295153
newOrder,19066,1,9788,1681295153
newOrder,14003,0,24906,1681295153
newOrder,24999,1,24906,1681295153
cancel,14003,,,1681295723
cancel,18487,,,1681295723
cancel,19066,,,1681295723
cancel,24999,,,1681295723
newOrder,18487,0,9789,1681295752
newOrder,19066,1,9789,1681295752
newOrder,14003,0,23340,1681295752
newOrder,24999,1,23340,1681295752
cancel,14003,,,1681296324
cancel,18487,,,1681296324
cancel,19066,,,1681296324
cancel,24999,,,1681296324
newOrder,18487,0,9790,1681296352
newOrder,19066,1,9790,1681296352
newOrder,15002,0,8189,1681296352
newOrder,21899,1,8189,1681296352
cancel,15002,,,1681296925
cancel,18487,,,1681296925
cancel,19066,,,1681296925
cancel,21899,,,1681296925
newOrder,18487,0,9791,1681296955
newOrder,19066,1,9791,1681296955
newOrder,12089,0,36404,1681296955
newOrder,24999,1,36404,1681296955
cancel,12089,,,1681297524
cancel,18487,,,1681297524
cancel,19066,,,1681297524
cancel,24999,,,1681297524
newOrder,18487,0,9793,1681297551
newOrder,19066,1,9793,1681297551
newOrder,13597,0,29839,1681297551
newOrder,24999,1,29839,1681297551
cancel,13597,,,1681298124
cancel,18487,,,1681298124
cancel,19066,,,1681298124
cancel,24999,,,1681298124
newOrder,18487,0,9794,1681298154
newOrder,19066,1,9794,1681298154
newOrder,15002,0,10045,1681298154
newOrder,21899,1,10045,1681298154
cancel,15002,,,1681298724
cancel,18487,,,1681298724
cancel,19066,,,1681298724
cancel,21899,,,1681298724
newOrder,18487,0,9795,1681298754
newOrder,19066,1,9795,1681298754
newOrder,14003,0,17060,1681298754
newOrder,24999,1,17060,1681298754
cancel,14003,,,1681299325
cancel,18487,,,1681299325
cancel,19066,,,1681299325
cancel,24999,,,1681299325
newOrder,18487,0,9796,1681299353
newOrder,19066,1,9796,1681299353
newOrder,15002,0,10388,1681299353
newOrder,24499,1,10388,1681299353
cancel,15002,,,1681299924
cancel,18487,,,1681299924
cancel,19066,,,1681299924
cancel,24499,,,1681299924
newOrder,18487,0,9798,1681299952
newOrder,19066,1,9798,1681299952
newOrder,15002,0,7754,1681299952
newOrder,21899,1,7754,1681299952
cancel,15002,,,1681300524
cancel,18487,,,1681300524
cancel,19066,,,1681300524
cancel,21899,,,1681300524
newOrder,18487,0,9799,1681300553
newOrder,19066,1,9799,1681300553
newOrder,14003,0,27233,1681300553
newOrder,24999,1,27233,1681300553
cancel,14003,,,1681301125
cancel,18487,,,1681301125
cancel,19066,,,1681301125
cancel,24999,,,1681301125
newOrder,18487,0,9800,1681301154
newOrder,19066,1,9800,1681301154
newOrder,14003,0,18352,1681301154
newOrder,24999,1,18352,1681301154