instruction,price,side,qty,time
cancel,12204,,,1687349816
cancel,17458,,,1687349816
cancel,18075,,,1687349816
cancel,24957,,,1687349816
newOrder,17458,0,16175,1687349840
newOrder,18075,1,16175,1687349840
newOrder,12204,0,20267,1687349840
newOrder,24957,1,20267,1687349840
cancel,12204,,,1687350415
cancel,17458,,,1687350415
cancel,18075,,,1687350415
cancel,24957,,,1687350415
newOrder,17369,0,16153,1687350439
newOrder,18075,1,16153,1687350439
newOrder,10421,0,42800,1687350439
newOrder,24999,1,42800,1687350439
cancel,10421,,,1687351017
cancel,17369,,,1687351017
cancel,18075,,,1687351017
cancel,24999,,,1687351017
newOrder,17369,0,16156,1687351045
newOrder,18075,1,16156,1687351045
newOrder,10421,0,77193,1687351045
newOrder,24999,1,77193,1687351045
cancel,10421,,,1687351615
cancel,17369,,,1687351615
cancel,18075,,,1687351615
cancel,24999,,,1687351615
newOrder,17368,0,16159,1687351640
newOrder,18075,1,16159,1687351640
newOrder,12204,0,18429,1687351640
newOrder,24957,1,18429,1687351640
cancel,12204,,,1687352215
cancel,17368,,,1687352215
cancel,18075,,,1687352215
cancel,24957,,,1687352215
newOrder,17369,0,16163,1687352238
newOrder,18075,1,16163,1687352238
newOrder,19999,1,10084,1687352238
cancel,17369,,,1687352815
cancel,18075,,,1687352815
cancel,19999,,,1687352815
newOrder,17368,0,16166,1687352839
newOrder,18075,1,16166,1687352839
newOrder,10421,0,47572,1687352839
newOrder,24999,1,47572,1687352839
cancel,10421,,,1687353416
cancel,17368,,,1687353416
cancel,18075,,,1687353416
cancel,24999,,,1687353416
newOrder,17370,0,16171,1687353439
newOrder,18075,1,16171,1687353439
newOrder,10422,0,60108,1687353439
newOrder,24999,1,60108,1687353439
cancel,10422,,,1687354016
cancel,17370,,,1687354016
cancel,18075,,,1687354016
cancel,24999,,,1687354016
newOrder,17371,0,16174,1687354040
newOrder,18075,1,16174,1687354040
newOrder,10422,0,77020,1687354040
newOrder,24999,1,77020,1687354040
cancel,10422,,,1687354615
cancel,17371,,,1687354615
cancel,18075,,,1687354615
cancel,24999,,,1687354615
newOrder,17371,0,16178,1687354639
newOrder,18075,1,16178,1687354639
newOrder,10423,0,62441,1687354639
newOrder,24999,1,62441,1687354639
cancel,10423,,,1687355215
cancel,17371,,,1687355215
cancel,18075,,,1687355215
cancel,24999,,,1687355215
newOrder,17925,0,16068,1687355240
newOrder,18113,1,16068,1687355240
newOrder,10755,0,83728,1687355240
newOrder,24999,1,83728,1687355240
cancel,10755,,,1687355816
cancel,17925,,,1687355816
cancel,18113,,,1687355816
cancel,24999,,,1687355816
newOrder,17873,0,16131,1687355841
newOrder,18075,1,16131,1687355841
newOrder,10724,0,33115,1687355841
newOrder,24957,1,33115,1687355841
cancel,10724,,,1687356415
cancel,17873,,,1687356415
cancel,18075,,,1687356415
cancel,24957,,,1687356415
newOrder,17873,0,16135,1687356440
newOrder,18075,1,16135,1687356440
newOrder,10724,0,49135,1687356440
newOrder,24999,1,49135,1687356440
cancel,10724,,,1687357015
cancel,17873,,,1687357015
cancel,18075,,,1687357015
cancel,24999,,,1687357015
newOrder,17873,0,16139,1687357040
newOrder,18075,1,16139,1687357040
newOrder,10724,0,65913,1687357040
newOrder,24999,1,65913,1687357040
cancel,10724,,,1687357616
cancel,17873,,,1687357616
cancel,18075,,,1687357616
cancel,24999,,,1687357616
newOrder,17873,0,16142,1687357641
newOrder,18075,1,16142,1687357641
newOrder,12204,0,20855,1687357641
newOrder,24957,1,20855,1687357641
cancel,12204,,,1687358216
cancel,17873,,,1687358216
cancel,18075,,,1687358216
cancel,24957,,,1687358216
newOrder,17873,0,16146,1687358240
newOrder,18075,1,16146,1687358240
newOrder,10724,0,40113,1687358240
newOrder,24957,1,40113,1687358240
cancel,10724,,,1687358815
cancel,17873,,,1687358815
cancel,18075,,,1687358815
cancel,24957,,,1687358815
newOrder,17873,0,16150,1687358838
newOrder,18075,1,16150,1687358838
newOrder,10724,0,53134,1687358838
newOrder,24999,1,53134,1687358838
cancel,10724,,,1687359415
cancel,17873,,,1687359415
cancel,18075,,,1687359415
cancel,24999,,,1687359415
newOrder,17873,0,16154,1687359440
newOrder,18075,1,16154,1687359440
newOrder,10724,0,79895,1687359440
newOrder,24999,1,79895,1687359440
cancel,10724,,,1687360016
cancel,17873,,,1687360016
cancel,18075,,,1687360016
cancel,24999,,,1687360016
newOrder,17873,0,16157,1687360041
newOrder,18075,1,16157,1687360041
newOrder,10724,0,61114,1687360041
newOrder,24999,1,61114,1687360041
cancel,10724,,,1687360615
cancel,17873,,,1687360615
cancel,18075,,,1687360615
cancel,24999,,,1687360615
newOrder,17873,0,16161,1687360640
newOrder,18075,1,16161,1687360640
newOrder,10724,0,63031,1687360640
newOrder,24999,1,63031,1687360640
cancel,10724,,,1687361216
cancel,17873,,,1687361216
cancel,18075,,,1687361216
cancel,24999,,,1687361216
newOrder,17873,0,16165,1687361241
newOrder,18075,1,16165,1687361241
newOrder,10724,0,29008,1687361241
newOrder,24957,1,29008,1687361241
cancel,10724,,,1687361816
cancel,17873,,,1687361816
cancel,18075,,,1687361816
cancel,24957,,,1687361816
newOrder,17873,0,16169,1687361841
newOrder,18075,1,16169,1687361841
newOrder,17541,0,15960,1687361841
newOrder,19999,1,15960,1687361841
cancel,17541,,,1687362415
cancel,17873,,,1687362415
cancel,18075,,,1687362415
cancel,19999,,,1687362415
newOrder,17873,0,16172,1687362440
newOrder,18075,1,16172,1687362440
newOrder,10724,0,70748,1687362440
newOrder,24999,1,70748,1687362440
cancel,10724,,,1687363015
cancel,17873,,,1687363015
cancel,18075,,,1687363015
cancel,24999,,,1687363015
newOrder,17873,0,16176,1687363039
newOrder,18075,1,16176,1687363039
newOrder,12162,0,24794,1687363039
newOrder,24957,1,24794,1687363039
cancel,12162,,,1687363616
cancel,17873,,,1687363616
cancel,18075,,,1687363616
cancel,24957,,,1687363616
newOrder,17873,0,16180,1687363642
newOrder,18075,1,16180,1687363642
newOrder,10724,0,57735,1687363642
newOrder,24999,1,57735,1687363642
cancel,10724,,,1687364215
cancel,17873,,,1687364215
cancel,18075,,,1687364215
cancel,24999,,,1687364215
newOrder,17873,0,16184,1687364239
newOrder,18075,1,16184,1687364239
newOrder,10724,0,78830,1687364239
newOrder,24999,1,78830,1687364239
cancel,10724,,,1687364815
cancel,17873,,,1687364815
cancel,18075,,,1687364815
cancel,24999,,,1687364815
newOrder,17873,0,16188,1687364840
newOrder,18075,1,16188,1687364840
newOrder,10724,0,85218,1687364840
newOrder,24999,1,85218,1687364840
cancel,10724,,,1687365415
cancel,17873,,,1687365415
cancel,18075,,,1687365415
cancel,24999,,,1687365415
newOrder,17873,0,16191,1687365440
newOrder,18075,1,16191,1687365440
newOrder,10724,0,36766,1687365440
newOrder,24957,1,36766,1687365440
cancel,10724,,,1687366016
cancel,17873,,,1687366016
cancel,18075,,,1687366016
cancel,24957,,,1687366016
newOrder,17873,0,16195,1687366040
newOrder,18075,1,16195,1687366040
newOrder,10724,0,72170,1687366040
newOrder,24999,1,72170,1687366040
cancel,10724,,,1687366616
cancel,17873,,,1687366616
cancel,18075,,,1687366616
cancel,24999,,,1687366616
newOrder,17873,0,16199,1687366641
newOrder,18075,1,16199,1687366641
newOrder,10724,0,62137,1687366641
newOrder,24999,1,62137,1687366641
cancel,10724,,,1687367215
cancel,17873,,,1687367215
cancel,18075,,,1687367215
cancel,24999,,,1687367215
newOrder,17873,0,16203,1687367242
newOrder,18075,1,16203,1687367242
newOrder,10724,0,64485,1687367242
newOrder,24999,1,64485,1687367242
cancel,10724,,,1687367498
cancel,17873,,,1687367498
cancel,18075,,,1687367498
cancel,24999,,,1687367498
newOrder,17791,0,16243,1687367507
newOrder,18083,1,16243,1687367507
newOrder,10674,0,39982,1687367507
newOrder,24957,1,39982,1687367507
cancel,10674,,,1687367529
cancel,17791,,,1687367529
cancel,18083,,,1687367529
cancel,24957,,,1687367529
newOrder,17702,0,16273,1687367538
newOrder,18090,1,16273,1687367538
newOrder,12204,0,18598,1687367538
newOrder,24957,1,18598,1687367538
cancel,12204,,,1687367613
cancel,17702,,,1687367613
cancel,18090,,,1687367613
cancel,24957,,,1687367613
newOrder,17606,0,16291,1687367623
newOrder,18098,1,16291,1687367623
newOrder,10563,0,87475,1687367623
newOrder,24999,1,87475,1687367623
cancel,10563,,,1687367815
cancel,17606,,,1687367815
cancel,18098,,,1687367815
cancel,24999,,,1687367815
newOrder,17481,0,16288,1687367841
newOrder,18075,1,16288,1687367841
newOrder,10489,0,52591,1687367841
newOrder,24999,1,52591,1687367841
cancel,10489,,,1687368415
cancel,17481,,,1687368415
cancel,18075,,,1687368415
cancel,24999,,,1687368415
newOrder,17481,0,16292,1687368438
newOrder,18075,1,16292,1687368438
newOrder,19999,1,10177,1687368438
cancel,17481,,,1687369016
cancel,18075,,,1687369016
cancel,19999,,,1687369016
newOrder,17481,0,16295,1687369040
newOrder,18075,1,16295,1687369040
newOrder,10489,0,47792,1687369040
newOrder,24999,1,47792,1687369040
cancel,10489,,,1687369615
cancel,17481,,,1687369615
cancel,18075,,,1687369615
cancel,24999,,,1687369615
newOrder,17488,0,16300,1687369639
newOrder,18075,1,16300,1687369639
newOrder,12204,0,24352,1687369639
newOrder,24957,1,24352,1687369639
cancel,12204,,,1687370215
cancel,17488,,,1687370215
cancel,18075,,,1687370215
cancel,24957,,,1687370215
newOrder,17488,0,16304,1687370239
newOrder,18075,1,16304,1687370239
newOrder,10493,0,48232,1687370239
newOrder,24999,1,48232,1687370239
cancel,10493,,,1687370815
cancel,17488,,,1687370815
cancel,18075,,,1687370815
cancel,24999,,,1687370815
newOrder,17488,0,16308,1687370839
newOrder,18075,1,16308,1687370839
newOrder,10493,0,43029,1687370839
newOrder,24999,1,43029,1687370839
cancel,10493,,,1687371416
cancel,17488,,,1687371416
cancel,18075,,,1687371416
cancel,24999,,,1687371416
newOrder,17488,0,16311,1687371442
newOrder,18075,1,16311,1687371442
newOrder,10493,0,55876,1687371442
newOrder,24999,1,55876,1687371442
cancel,10493,,,1687371863
cancel,17488,,,1687371863
cancel,18075,,,1687371863
cancel,24999,,,1687371863
newOrder,17407,0,16297,1687371870
newOrder,18083,1,16297,1687371870
newOrder,10444,0,77766,1687371870
newOrder,24999,1,77766,1687371870
cancel,10444,,,1687372015
cancel,17407,,,1687372015
cancel,18083,,,1687372015
cancel,24999,,,1687372015
newOrder,17488,0,16315,1687372038
newOrder,18075,1,16315,1687372038
newOrder,10493,0,83559,1687372038
newOrder,24999,1,83559,1687372038
cancel,10493,,,1687372615
cancel,17488,,,1687372615
cancel,18075,,,1687372615
cancel,24999,,,1687372615
newOrder,17488,0,16319,1687372640
newOrder,18075,1,16319,1687372640
newOrder,10493,0,50234,1687372640
newOrder,24999,1,50234,1687372640
cancel,10493,,,1687373217
cancel,17488,,,1687373217
cancel,18075,,,1687373217
cancel,24999,,,1687373217
newOrder,17488,0,16322,1687373241
newOrder,18075,1,16322,1687373241
newOrder,10493,0,63117,1687373241
newOrder,24999,1,63117,1687373241
cancel,10493,,,1687373815
cancel,17488,,,1687373815
cancel,18075,,,1687373815
cancel,24999,,,1687373815
newOrder,17488,0,16326,1687373842
newOrder,18075,1,16326,1687373842
newOrder,10493,0,41450,1687373842
newOrder,24957,1,41450,1687373842
cancel,10493,,,1687374416
cancel,17488,,,1687374416
cancel,18075,,,1687374416
cancel,24957,,,1687374416
newOrder,17488,0,16330,1687374439
newOrder,18075,1,16330,1687374439
newOrder,10493,0,56212,1687374439
newOrder,24999,1,56212,1687374439
cancel,10493,,,1687375016
cancel,17488,,,1687375016
cancel,18075,,,1687375016
cancel,24999,,,1687375016
newOrder,17488,0,16334,1687375039
newOrder,18075,1,16334,1687375039
newOrder,12204,0,19604,1687375039
newOrder,24957,1,19604,1687375039
cancel,12204,,,1687375615
cancel,17488,,,1687375615
cancel,18075,,,1687375615
cancel,24957,,,1687375615
newOrder,17488,0,16337,1687375641
newOrder,18075,1,16337,1687375641
newOrder,10493,0,73214,1687375641
newOrder,24999,1,73214,1687375641
cancel,10493,,,1687376216
cancel,17488,,,1687376216
cancel,18075,,,1687376216
cancel,24999,,,1687376216
newOrder,17682,0,16336,1687376240
newOrder,18075,1,16336,1687376240
newOrder,15217,0,12094,1687376240
newOrder,19999,1,12094,1687376240
cancel,15217,,,1687376815
cancel,17682,,,1687376815
cancel,18075,,,1687376815
cancel,19999,,,1687376815
newOrder,17615,0,16350,1687376842
newOrder,18075,1,16350,1687376842
newOrder,10569,0,86489,1687376842
newOrder,24999,1,86489,1687376842
cancel,10569,,,1687377416
cancel,17615,,,1687377416
cancel,18075,,,1687377416
cancel,24999,,,1687377416
newOrder,17616,0,16354,1687377439
newOrder,18075,1,16354,1687377439
newOrder,10570,0,42426,1687377439
newOrder,24999,1,42426,1687377439
cancel,10570,,,1687378016
cancel,17616,,,1687378016
cancel,18075,,,1687378016
cancel,24999,,,1687378016
newOrder,17615,0,16358,1687378040
newOrder,18075,1,16358,1687378040
newOrder,10569,0,36897,1687378040
newOrder,24957,1,36897,1687378040
cancel,10569,,,1687378615
cancel,17615,,,1687378615
cancel,18075,,,1687378615
cancel,24957,,,1687378615
newOrder,17616,0,16362,1687378642
newOrder,18075,1,16362,1687378642
newOrder,15217,0,14974,1687378642
newOrder,19999,1,14974,1687378642
cancel,15217,,,1687379216
cancel,17616,,,1687379216
cancel,18075,,,1687379216
cancel,19999,,,1687379216
newOrder,17615,0,16366,1687379240
newOrder,18075,1,16366,1687379240
newOrder,10569,0,59077,1687379240
newOrder,24999,1,59077,1687379240
cancel,10569,,,1687379816
cancel,17615,,,1687379816
cancel,18075,,,1687379816
cancel,24999,,,1687379816
newOrder,17615,0,16369,1687379839
newOrder,18075,1,16369,1687379839
newOrder,10569,0,34820,1687379839
newOrder,24957,1,34820,1687379839
cancel,10569,,,1687380415
cancel,17615,,,1687380415
cancel,18075,,,1687380415
cancel,24957,,,1687380415
newOrder,17614,0,16373,1687380439
newOrder,18075,1,16373,1687380439
newOrder,10568,0,65275,1687380439
newOrder,24999,1,65275,1687380439
cancel,10568,,,1687381015
cancel,17614,,,1687381015
cancel,18075,,,1687381015
cancel,24999,,,1687381015
newOrder,17613,0,16377,1687381040
newOrder,18075,1,16377,1687381040
newOrder,10568,0,36987,1687381040
newOrder,24957,1,36987,1687381040
cancel,10568,,,1687381616
cancel,17613,,,1687381616
cancel,18075,,,1687381616
cancel,24957,,,1687381616
newOrder,17615,0,16381,1687381640
newOrder,18075,1,16381,1687381640
newOrder,15217,0,13891,1687381640
newOrder,19999,1,13891,1687381640
cancel,15217,,,1687382216
cancel,17615,,,1687382216
cancel,18075,,,1687382216
cancel,19999,,,1687382216
newOrder,17615,0,16385,1687382239
newOrder,18075,1,16385,1687382239
newOrder,10569,0,57053,1687382239
newOrder,24999,1,57053,1687382239
cancel,10569,,,1687382815
cancel,17615,,,1687382815
cancel,18075,,,1687382815
cancel,24999,,,1687382815
newOrder,17616,0,16388,1687382838
newOrder,18075,1,16388,1687382838
newOrder,12204,0,17345,1687382838
newOrder,24957,1,17345,1687382838
cancel,12204,,,1687383415
cancel,17616,,,1687383415
cancel,18075,,,1687383415
cancel,24957,,,1687383415
newOrder,17616,0,16392,1687383439
newOrder,18075,1,16392,1687383439
newOrder,10570,0,72112,1687383439
newOrder,24999,1,72112,1687383439
cancel,10570,,,1687384015
cancel,17616,,,1687384015
cancel,18075,,,1687384015
cancel,24999,,,1687384015
newOrder,17616,0,16396,1687384039
newOrder,18075,1,16396,1687384039
newOrder,12204,0,19995,1687384039
newOrder,24957,1,19995,1687384039
cancel,12204,,,1687384615
cancel,17616,,,1687384615
cancel,18075,,,1687384615
cancel,24957,,,1687384615
newOrder,17616,0,16400,1687384640
newOrder,18075,1,16400,1687384640
newOrder,10570,0,54953,1687384640
newOrder,24999,1,54953,1687384640
cancel,10570,,,1687385215
cancel,17616,,,1687385215
cancel,18075,,,1687385215
cancel,24999,,,1687385215
newOrder,17617,0,16404,1687385240
newOrder,18075,1,16404,1687385240
newOrder,10570,0,69301,1687385240
newOrder,24999,1,69301,1687385240
cancel,10570,,,1687385815
cancel,17617,,,1687385815
cancel,18075,,,1687385815
cancel,24999,,,1687385815
newOrder,17615,0,16408,1687385839
newOrder,18075,1,16408,1687385839
newOrder,12204,0,21808,1687385839
newOrder,24957,1,21808,1687385839
cancel,12204,,,1687386416
cancel,17615,,,1687386416
cancel,18075,,,1687386416
cancel,24957,,,1687386416
newOrder,17616,0,16412,1687386439
newOrder,18075,1,16412,1687386439
newOrder,15217,0,15660,1687386439
newOrder,19999,1,15660,1687386439
cancel,15217,,,1687387016
cancel,17616,,,1687387016
cancel,18075,,,1687387016
cancel,19999,,,1687387016
newOrder,17616,0,16415,1687387040
newOrder,18075,1,16415,1687387040
newOrder,10570,0,79001,1687387040
newOrder,24999,1,79001,1687387040
cancel,10570,,,1687387615
cancel,17616,,,1687387615
cancel,18075,,,1687387615
cancel,24999,,,1687387615
newOrder,17616,0,16419,1687387639
newOrder,18075,1,16419,1687387639
newOrder,10570,0,80121,1687387639
newOrder,24999,1,80121,1687387639
cancel,10570,,,1687388216
cancel,17616,,,1687388216
cancel,18075,,,1687388216
cancel,24999,,,1687388216
newOrder,17616,0,16423,1687388239
newOrder,18075,1,16423,1687388239
newOrder,10569,0,55343,1687388239
newOrder,24999,1,55343,1687388239
cancel,10569,,,1687388816
cancel,17616,,,1687388816
cancel,18075,,,1687388816
cancel,24999,,,1687388816
newOrder,17616,0,16427,1687388840
newOrder,18075,1,16427,1687388840
newOrder,10570,0,37809,1687388840
newOrder,24957,1,37809,1687388840
cancel,10570,,,1687389416
cancel,17616,,,1687389416
cancel,18075,,,1687389416
cancel,24957,,,1687389416
newOrder,17616,0,16431,1687389439
newOrder,18075,1,16431,1687389439
newOrder,10570,0,71344,1687389439
newOrder,24999,1,71344,1687389439
cancel,10570,,,1687390015
cancel,17616,,,1687390015
cancel,18075,,,1687390015
cancel,24999,,,1687390015
newOrder,17616,0,16435,1687390038
newOrder,18075,1,16435,1687390038
newOrder,12204,0,17150,1687390038
newOrder,24957,1,17150,1687390038
cancel,12204,,,1687390616
cancel,17616,,,1687390616
cancel,18075,,,1687390616
cancel,24957,,,1687390616
newOrder,17617,0,16439,1687390641
newOrder,18075,1,16439,1687390641
newOrder,10570,0,56021,1687390641
newOrder,24999,1,56021,1687390641
cancel,10570,,,1687391216
cancel,17617,,,1687391216
cancel,18075,,,1687391216
cancel,24999,,,1687391216
newOrder,17617,0,16442,1687391239
newOrder,18075,1,16442,1687391239
newOrder,10570,0,58127,1687391239
newOrder,24999,1,58127,1687391239
cancel,10570,,,1687391816
cancel,17617,,,1687391816
cancel,18075,,,1687391816
cancel,24999,,,1687391816
newOrder,17618,0,16446,1687391839
newOrder,18075,1,16446,1687391839
newOrder,10571,0,57567,1687391839
newOrder,24999,1,57567,1687391839
cancel,10571,,,1687392416
cancel,17618,,,1687392416
cancel,18075,,,1687392416
cancel,24999,,,1687392416
newOrder,17616,0,16450,1687392440
newOrder,18075,1,16450,1687392440
newOrder,10570,0,67948,1687392440
newOrder,24999,1,67948,1687392440
cancel,10570,,,1687393014
cancel,17616,,,1687393014
cancel,18075,,,1687393014
cancel,24999,,,1687393014
newOrder,17616,0,16454,1687393039
newOrder,18075,1,16454,1687393039
newOrder,12162,0,25092,1687393039
newOrder,24957,1,25092,1687393039
cancel,12162,,,1687393616
cancel,17616,,,1687393616
cancel,18075,,,1687393616
cancel,24957,,,1687393616
newOrder,17616,0,16458,1687393640
newOrder,18075,1,16458,1687393640
newOrder,10570,0,61358,1687393640
newOrder,24999,1,61358,1687393640
cancel,10570,,,1687394216
cancel,17616,,,1687394216
cancel,18075,,,1687394216
cancel,24999,,,1687394216
newOrder,17618,0,16462,1687394239
newOrder,18075,1,16462,1687394239
newOrder,10571,0,60721,1687394239
newOrder,24999,1,60721,1687394239
cancel,10571,,,1687394816
cancel,17618,,,1687394816
cancel,18075,,,1687394816
cancel,24999,,,1687394816
newOrder,17616,0,16466,1687394840
newOrder,18075,1,16466,1687394840
newOrder,10570,0,33865,1687394840
newOrder,24957,1,33865,1687394840
cancel,10570,,,1687395415
cancel,17616,,,1687395415
cancel,18075,,,1687395415
cancel,24957,,,1687395415
newOrder,17615,0,16470,1687395442
newOrder,18075,1,16470,1687395442
newOrder,15217,0,14932,1687395442
newOrder,19999,1,14932,1687395442
cancel,15217,,,1687396016
cancel,17615,,,1687396016
cancel,18075,,,1687396016
cancel,19999,,,1687396016
newOrder,17617,0,16474,1687396041
newOrder,18075,1,16474,1687396041
newOrder,10570,0,77606,1687396041
newOrder,24999,1,77606,1687396041
cancel,10570,,,1687396616
cancel,17617,,,1687396616
cancel,18075,,,1687396616
cancel,24999,,,1687396616
newOrder,17616,0,16478,1687396640
newOrder,18075,1,16478,1687396640
newOrder,10570,0,83139,1687396640
newOrder,24999,1,83139,1687396640
cancel,10570,,,1687397215
cancel,17616,,,1687397215
cancel,18075,,,1687397215
cancel,24999,,,1687397215
newOrder,17618,0,16482,1687397242
newOrder,18075,1,16482,1687397242
newOrder,12204,0,22432,1687397242
newOrder,24957,1,22432,1687397242
cancel,12204,,,1687397817
cancel,17618,,,1687397817
cancel,18075,,,1687397817
cancel,24957,,,1687397817
newOrder,17617,0,16485,1687397839
newOrder,18075,1,16485,1687397839
newOrder,10570,0,52880,1687397839
newOrder,24999,1,52880,1687397839
cancel,10570,,,1687398415
cancel,17617,,,1687398415
cancel,18075,,,1687398415
cancel,24999,,,1687398415
newOrder,17616,0,16489,1687398438
newOrder,18075,1,16489,1687398438
newOrder,10570,0,74685,1687398438
newOrder,24999,1,74685,1687398438
cancel,10570,,,1687399015
cancel,17616,,,1687399015
cancel,18075,,,1687399015
cancel,24999,,,1687399015
newOrder,17615,0,16494,1687399039
newOrder,18075,1,16494,1687399039
newOrder,10569,0,52225,1687399039
newOrder,24999,1,52225,1687399039
cancel,10569,,,1687399616
cancel,17615,,,1687399616
cancel,18075,,,1687399616
cancel,24999,,,1687399616
newOrder,17617,0,16497,1687399641
newOrder,18075,1,16497,1687399641
newOrder,12204,0,20769,1687399641
newOrder,24957,1,20769,1687399641
cancel,12204,,,1687400215
cancel,17617,,,1687400215
cancel,18075,,,1687400215
cancel,24957,,,1687400215
newOrder,17616,0,16501,1687400239
newOrder,18075,1,16501,1687400239
newOrder,10570,0,38505,1687400239
newOrder,24957,1,38505,1687400239
cancel,10570,,,1687400815
cancel,17616,,,1687400815
cancel,18075,,,1687400815
cancel,24957,,,1687400815
newOrder,17613,0,16506,1687400838
newOrder,18075,1,16506,1687400838
newOrder,10568,0,52946,1687400838
newOrder,24999,1,52946,1687400838
cancel,10568,,,1687401415
cancel,17613,,,1687401415
cancel,18075,,,1687401415
cancel,24999,,,1687401415
newOrder,17614,0,16509,1687401440
newOrder,18075,1,16509,1687401440
newOrder,10568,0,74536,1687401440
newOrder,24999,1,74536,1687401440
cancel,10568,,,1687402015
cancel,17614,,,1687402015
cancel,18075,,,1687402015
cancel,24999,,,1687402015
newOrder,17612,0,16513,1687402043
newOrder,18075,1,16513,1687402043
newOrder,12204,0,21304,1687402043
newOrder,24957,1,21304,1687402043
cancel,12204,,,1687402615
cancel,17612,,,1687402615
cancel,18075,,,1687402615
cancel,24957,,,1687402615
newOrder,17613,0,16517,1687402639
newOrder,18075,1,16517,1687402639
newOrder,12162,0,27295,1687402639
newOrder,24957,1,27295,1687402639
cancel,12162,,,1687403216
cancel,17613,,,1687403216
cancel,18075,,,1687403216
cancel,24957,,,1687403216
newOrder,17613,0,16521,1687403241
newOrder,18075,1,16521,1687403241
newOrder,10568,0,87775,1687403241
newOrder,24999,1,87775,1687403241
cancel,10568,,,1687403816
cancel,17613,,,1687403816
cancel,18075,,,1687403816
cancel,24999,,,1687403816
newOrder,17608,0,16526,1687403840
newOrder,18075,1,16526,1687403840
newOrder,10565,0,88588,1687403840
newOrder,24999,1,88588,1687403840
cancel,10565,,,1687404415
cancel,17608,,,1687404415
cancel,18075,,,1687404415
cancel,24999,,,1687404415
newOrder,17612,0,16529,1687404440
newOrder,18075,1,16529,1687404440
newOrder,10567,0,48157,1687404440
newOrder,24999,1,48157,1687404440
cancel,10567,,,1687405015
cancel,17612,,,1687405015
cancel,18075,,,1687405015
cancel,24999,,,1687405015
newOrder,17609,0,16533,1687405040
newOrder,18075,1,16533,1687405040
newOrder,10565,0,78701,1687405040
newOrder,24999,1,78701,1687405040
cancel,10565,,,1687405615
cancel,17609,,,1687405615
cancel,18075,,,1687405615
cancel,24999,,,1687405615
newOrder,17608,0,16537,1687405639
newOrder,18075,1,16537,1687405639
newOrder,10565,0,47843,1687405639
newOrder,24999,1,47843,1687405639
cancel,10565,,,1687406215
cancel,17608,,,1687406215
cancel,18075,,,1687406215
cancel,24999,,,1687406215
newOrder,17610,0,16541,1687406240
newOrder,18075,1,16541,1687406240
newOrder,10566,0,46933,1687406240
newOrder,24999,1,46933,1687406240
cancel,10566,,,1687406816
cancel,17610,,,1687406816
cancel,18075,,,1687406816
cancel,24999,,,1687406816
newOrder,17608,0,16545,1687406840
newOrder,18075,1,16545,1687406840
newOrder,12204,0,23363,1687406840
newOrder,24957,1,23363,1687406840
cancel,12204,,,1687407416
cancel,17608,,,1687407416
cancel,18075,,,1687407416
cancel,24957,,,1687407416
newOrder,17611,0,16549,1687407441
newOrder,18075,1,16549,1687407441
newOrder,10567,0,85968,1687407441
newOrder,24999,1,85968,1687407441
cancel,10567,,,1687408016
cancel,17611,,,1687408016
cancel,18075,,,1687408016
cancel,24999,,,1687408016
newOrder,17610,0,16553,1687408041
newOrder,18075,1,16553,1687408041
newOrder,10566,0,78128,1687408041
newOrder,24999,1,78128,1687408041
cancel,10566,,,1687408615
cancel,17610,,,1687408615
cancel,18075,,,1687408615
cancel,24999,,,1687408615
newOrder,17612,0,16557,1687408641
newOrder,18075,1,16557,1687408641
newOrder,10567,0,58962,1687408641
newOrder,24999,1,58962,1687408641
cancel,10567,,,1687409216
cancel,17612,,,1687409216
cancel,18075,,,1687409216
cancel,24999,,,1687409216
newOrder,17613,0,16561,1687409240
newOrder,18075,1,16561,1687409240
newOrder,10568,0,73281,1687409240
newOrder,24999,1,73281,1687409240
cancel,10568,,,1687409816
cancel,17613,,,1687409816
cancel,18075,,,1687409816
cancel,24999,,,1687409816
newOrder,17611,0,16565,1687409839
newOrder,18075,1,16565,1687409839
newOrder,10567,0,79771,1687409839
newOrder,24999,1,79771,1687409839
cancel,10567,,,1687410415
cancel,17611,,,1687410415
cancel,18075,,,1687410415
cancel,24999,,,1687410415
newOrder,17613,0,16569,1687410440
newOrder,18075,1,16569,1687410440
newOrder,10568,0,62412,1687410440
newOrder,24999,1,62412,1687410440
cancel,10568,,,1687411016
cancel,17613,,,1687411016
cancel,18075,,,1687411016
cancel,24999,,,1687411016
newOrder,17616,0,16573,1687411041
newOrder,18075,1,16573,1687411041
newOrder,10569,0,53729,1687411041
newOrder,24999,1,53729,1687411041
cancel,10569,,,1687411615
cancel,17616,,,1687411615
cancel,18075,,,1687411615
cancel,24999,,,1687411615
newOrder,17614,0,16577,1687411640
newOrder,18075,1,16577,1687411640
newOrder,10568,0,29126,1687411640
newOrder,24957,1,29126,1687411640
cancel,10568,,,1687412215
cancel,17614,,,1687412215
cancel,18075,,,1687412215
cancel,24957,,,1687412215
newOrder,17615,0,16581,1687412239
newOrder,18075,1,16581,1687412239
newOrder,10569,0,69928,1687412239
newOrder,24999,1,69928,1687412239
cancel,10569,,,1687412816
cancel,17615,,,1687412816
cancel,18075,,,1687412816
cancel,24999,,,1687412816
newOrder,17615,0,16585,1687412839
newOrder,18075,1,16585,1687412839
newOrder,10569,0,87533,1687412839
newOrder,24999,1,87533,1687412839
cancel,10569,,,1687413416
cancel,17615,,,1687413416
cancel,18075,,,1687413416
cancel,24999,,,1687413416
newOrder,17614,0,16589,1687413439
newOrder,18075,1,16589,1687413439
newOrder,10568,0,72901,1687413439
newOrder,24999,1,72901,1687413439
cancel,10568,,,1687414015
cancel,17614,,,1687414015
cancel,18075,,,1687414015
cancel,24999,,,1687414015
newOrder,17613,0,16593,1687414042
newOrder,18075,1,16593,1687414042
newOrder,10568,0,84289,1687414042
newOrder,24999,1,84289,1687414042
cancel,10568,,,1687414615
cancel,17613,,,1687414615
cancel,18075,,,1687414615
cancel,24999,,,1687414615
newOrder,17615,0,16597,1687414639
newOrder,18075,1,16597,1687414639
newOrder,15217,0,16369,1687414639
newOrder,19999,1,16369,1687414639
cancel,15217,,,1687415216
cancel,17615,,,1687415216
cancel,18075,,,1687415216
cancel,19999,,,1687415216
newOrder,17615,0,16601,1687415240
newOrder,18075,1,16601,1687415240
newOrder,10569,0,34515,1687415240
newOrder,24957,1,34515,1687415240
cancel,10569,,,1687415815
cancel,17615,,,1687415815
cancel,18075,,,1687415815
cancel,24957,,,1687415815
newOrder,17615,0,16605,1687415839
newOrder,18075,1,16605,1687415839
newOrder,10569,0,66085,1687415839
newOrder,24999,1,66085,1687415839
cancel,10569,,,1687416415
cancel,17615,,,1687416415
cancel,18075,,,1687416415
cancel,24999,,,1687416415
newOrder,17615,0,16609,1687416439
newOrder,18075,1,16609,1687416439
newOrder,10569,0,87275,1687416439
newOrder,24999,1,87275,1687416439
cancel,10569,,,1687417015
cancel,17615,,,1687417015
cancel,18075,,,1687417015
cancel,24999,,,1687417015
newOrder,17620,0,16613,1687417040
newOrder,18075,1,16613,1687417040
newOrder,10572,0,85130,1687417040
newOrder,24999,1,85130,1687417040
cancel,10572,,,1687417616
cancel,17620,,,1687417616
cancel,18075,,,1687417616
cancel,24999,,,1687417616
newOrder,17620,0,16617,1687417640
newOrder,18075,1,16617,1687417640
newOrder,10572,0,60127,1687417640
newOrder,24999,1,60127,1687417640
cancel,10572,,,1687418215
cancel,17620,,,1687418215
cancel,18075,,,1687418215
cancel,24999,,,1687418215
newOrder,17620,0,16621,1687418240
newOrder,18075,1,16621,1687418240
newOrder,10572,0,76022,1687418240
newOrder,24999,1,76022,1687418240
cancel,10572,,,1687418815
cancel,17620,,,1687418815
cancel,18075,,,1687418815
cancel,24999,,,1687418815
newOrder,17620,0,16625,1687418840
newOrder,18075,1,16625,1687418840
newOrder,15217,0,16260,1687418840
newOrder,19999,1,16260,1687418840
cancel,15217,,,1687419415
cancel,17620,,,1687419415
cancel,18075,,,1687419415
cancel,19999,,,1687419415
newOrder,17620,0,16629,1687419439
newOrder,18075,1,16629,1687419439
newOrder,10572,0,67460,1687419439
newOrder,24999,1,67460,1687419439
cancel,10572,,,1687420016
cancel,17620,,,1687420016
cancel,18075,,,1687420016
cancel,24999,,,1687420016
newOrder,17620,0,16633,1687420040
newOrder,18075,1,16633,1687420040
newOrder,10572,0,72877,1687420040
newOrder,24999,1,72877,1687420040
cancel,10572,,,1687420615
cancel,17620,,,1687420615
cancel,18075,,,1687420615
cancel,24999,,,1687420615
newOrder,17638,0,16636,1687420640
newOrder,18075,1,16636,1687420640
newOrder,12162,0,25919,1687420640
newOrder,24957,1,25919,1687420640
cancel,12162,,,1687421216
cancel,17638,,,1687421216
cancel,18075,,,1687421216
cancel,24957,,,1687421216
newOrder,17638,0,16640,1687421239
newOrder,18075,1,16640,1687421239
newOrder,12204,0,19473,1687421239
newOrder,24957,1,19473,1687421239
cancel,12204,,,1687421816
cancel,17638,,,1687421816
cancel,18075,,,1687421816
cancel,24957,,,1687421816
newOrder,17638,0,16644,1687421840
newOrder,18075,1,16644,1687421840
newOrder,10583,0,72775,1687421840
newOrder,24999,1,72775,1687421840
cancel,10583,,,1687422415
cancel,17638,,,1687422415
cancel,18075,,,1687422415
cancel,24999,,,1687422415
newOrder,17638,0,16648,1687422440
newOrder,18075,1,16648,1687422440
newOrder,12204,0,24392,1687422440
newOrder,24957,1,24392,1687422440
cancel,12204,,,1687423015
cancel,17638,,,1687423015
cancel,18075,,,1687423015
cancel,24957,,,1687423015
newOrder,17638,0,16652,1687423041
newOrder,18075,1,16652,1687423041
newOrder,10583,0,47183,1687423041
newOrder,24999,1,47183,1687423041
cancel,10583,,,1687423616
cancel,17638,,,1687423616
cancel,18075,,,1687423616
cancel,24999,,,1687423616
newOrder,17638,0,16656,1687423641
newOrder,18075,1,16656,1687423641
newOrder,12204,0,22742,1687423641
newOrder,24957,1,22742,1687423641
cancel,12204,,,1687424215
cancel,17638,,,1687424215
cancel,18075,,,1687424215
cancel,24957,,,1687424215
newOrder,17638,0,16661,1687424239
newOrder,18075,1,16661,1687424239
newOrder,10583,0,52029,1687424239
newOrder,24999,1,52029,1687424239
cancel,10583,,,1687424816
cancel,17638,,,1687424816
cancel,18075,,,1687424816
cancel,24999,,,1687424816
newOrder,17638,0,16665,1687424839
newOrder,18075,1,16665,1687424839
newOrder,10583,0,35766,1687424839
newOrder,24957,1,35766,1687424839
cancel,10583,,,1687425415
cancel,17638,,,1687425415
cancel,18075,,,1687425415
cancel,24957,,,1687425415
newOrder,17594,0,16671,1687425428
newOrder,18075,1,16671,1687425428
newOrder,10556,0,79512,1687425428
newOrder,24999,1,79512,1687425428
cancel,10556,,,1687426016
cancel,17594,,,1687426016
cancel,18075,,,1687426016
cancel,24999,,,1687426016
newOrder,17604,0,16675,1687426024
newOrder,18075,1,16675,1687426024
newOrder,10562,0,51268,1687426024
newOrder,24999,1,51268,1687426024
cancel,10562,,,1687426615
cancel,17604,,,1687426615
cancel,18075,,,1687426615
cancel,24999,,,1687426615
newOrder,17602,0,16679,1687426628
newOrder,18075,1,16679,1687426628
newOrder,15217,0,14804,1687426628
newOrder,19999,1,14804,1687426628
cancel,15217,,,1687427215
cancel,17602,,,1687427215
cancel,18075,,,1687427215
cancel,19999,,,1687427215
newOrder,17603,0,16683,1687427228
newOrder,18075,1,16683,1687427228
newOrder,10562,0,81480,1687427228
newOrder,24999,1,81480,1687427228
cancel,10562,,,1687427815
cancel,17603,,,1687427815
cancel,18075,,,1687427815
cancel,24999,,,1687427815
newOrder,17602,0,16687,1687427827
newOrder,18075,1,16687,1687427827
newOrder,10561,0,56018,1687427827
newOrder,24999,1,56018,1687427827
cancel,10561,,,1687428419
cancel,17602,,,1687428419
cancel,18075,,,1687428419
cancel,24999,,,1687428419
newOrder,17893,0,16596,1687428432
newOrder,18075,1,16596,1687428432
newOrder,10736,0,47776,1687428432
newOrder,24999,1,47776,1687428432
cancel,10736,,,1687429015
cancel,17893,,,1687429015
cancel,18075,,,1687429015
cancel,24999,,,1687429015
newOrder,17895,0,16599,1687429028
newOrder,18075,1,16599,1687429028
newOrder,10737,0,55118,1687429028
newOrder,24999,1,55118,1687429028
cancel,10737,,,1687429617
cancel,17895,,,1687429617
cancel,18075,,,1687429617
cancel,24999,,,1687429617
newOrder,17894,0,16604,1687429629
newOrder,18075,1,16604,1687429629
newOrder,10737,0,75643,1687429629
newOrder,24999,1,75643,1687429629
cancel,10737,,,1687430215
cancel,17894,,,1687430215
cancel,18075,,,1687430215
cancel,24999,,,1687430215
newOrder,17837,0,16641,1687430228
newOrder,18075,1,16641,1687430228
newOrder,15217,0,11709,1687430228
newOrder,19999,1,11709,1687430228
cancel,15217,,,1687430815
cancel,17837,,,1687430815
cancel,18075,,,1687430815
cancel,19999,,,1687430815
newOrder,17836,0,16645,1687430829
newOrder,18075,1,16645,1687430829
newOrder,15217,0,16372,1687430829
newOrder,19999,1,16372,1687430829
cancel,15217,,,1687431415
cancel,17836,,,1687431415
cancel,18075,,,1687431415
cancel,19999,,,1687431415
newOrder,17837,0,16649,1687431428
newOrder,18075,1,16649,1687431428
newOrder,10702,0,55947,1687431428
newOrder,24999,1,55947,1687431428
cancel,10702,,,1687432016
cancel,17837,,,1687432016
cancel,18075,,,1687432016
cancel,24999,,,1687432016
newOrder,17837,0,16653,1687432031
newOrder,18075,1,16653,1687432031
newOrder,10702,0,79808,1687432031
newOrder,24999,1,79808,1687432031
cancel,10702,,,1687432616
cancel,17837,,,1687432616
cancel,18075,,,1687432616
cancel,24999,,,1687432616
newOrder,17833,0,16660,1687432630
newOrder,18075,1,16660,1687432630
newOrder,15217,0,10205,1687432630
newOrder,19999,1,10205,1687432630
cancel,15217,,,1687433216
cancel,17833,,,1687433216
cancel,18075,,,1687433216
cancel,19999,,,1687433216
newOrder,17833,0,16664,1687433228
newOrder,18075,1,16664,1687433228
newOrder,10700,0,58506,1687433228
newOrder,24999,1,58506,1687433228
cancel,10700,,,1687433816
cancel,17833,,,1687433816
cancel,18075,,,1687433816
cancel,24999,,,1687433816
newOrder,17832,0,16669,1687433828
newOrder,18075,1,16669,1687433828
newOrder,10699,0,70770,1687433828
newOrder,24999,1,70770,1687433828
cancel,10699,,,1687434417
cancel,17832,,,1687434417
cancel,18075,,,1687434417
cancel,24999,,,1687434417
newOrder,17830,0,16674,1687434437
newOrder,18075,1,16674,1687434437
newOrder,10698,0,57829,1687434437
newOrder,24999,1,57829,1687434437
cancel,10698,,,1687435016
cancel,17830,,,1687435016
cancel,18075,,,1687435016
cancel,24999,,,1687435016
newOrder,17832,0,16677,1687435030
newOrder,18075,1,16677,1687435030
newOrder,15217,0,10713,1687435030
newOrder,19999,1,10713,1687435030
cancel,15217,,,1687435615
cancel,17832,,,1687435615
cancel,18075,,,1687435615
cancel,19999,,,1687435615
newOrder,17831,0,16682,1687435629
newOrder,18075,1,16682,1687435629
newOrder,10699,0,46727,1687435629
newOrder,24999,1,46727,1687435629