instruction,price,side,qty,time
cancel,10699,,,1687436216
cancel,17831,,,1687436216
cancel,18075,,,1687436216
cancel,24999,,,1687436216
newOrder,17832,0,16686,1687436229
newOrder,18075,1,16686,1687436229
newOrder,12204,0,20172,1687436229
newOrder,24957,1,20172,1687436229
cancel,12204,,,1687436815
cancel,17832,,,1687436815
cancel,18075,,,1687436815
cancel,24957,,,1687436815
newOrder,17830,0,16691,1687436827
newOrder,18075,1,16691,1687436827
newOrder,15217,0,16612,1687436827
newOrder,19999,1,16612,1687436827
cancel,15217,,,1687437415
cancel,17830,,,1687437415
cancel,18075,,,1687437415
cancel,19999,,,1687437415
newOrder,17831,0,16695,1687437427
newOrder,18075,1,16695,1687437427
newOrder,15217,0,10445,1687437427
newOrder,19999,1,10445,1687437427
cancel,15217,,,1687438015
cancel,17831,,,1687438015
cancel,18075,,,1687438015
cancel,19999,,,1687438015
newOrder,17831,0,16699,1687438027
newOrder,18075,1,16699,1687438027
newOrder,10698,0,61265,1687438027
newOrder,24999,1,61265,1687438027
cancel,10698,,,1687438615
cancel,17831,,,1687438615
cancel,18075,,,1687438615
cancel,24999,,,1687438615
newOrder,17831,0,16703,1687438634
newOrder,18075,1,16703,1687438634
newOrder,12204,0,23091,1687438634
newOrder,24957,1,23091,1687438634
cancel,12204,,,1687439215
cancel,17831,,,1687439215
cancel,18075,,,1687439215
cancel,24957,,,1687439215
newOrder,17833,0,16706,1687439228
newOrder,18075,1,16706,1687439228
newOrder,12204,0,23822,1687439228
newOrder,24957,1,23822,1687439228
cancel,12204,,,1687439816
cancel,17833,,,1687439816
cancel,18075,,,1687439816
cancel,24957,,,1687439816
newOrder,17832,0,16711,1687439828
newOrder,18075,1,16711,1687439828
newOrder,10699,0,60050,1687439828
newOrder,24999,1,60050,1687439828
cancel,10699,,,1687440415
cancel,17832,,,1687440415
cancel,18075,,,1687440415
cancel,24999,,,1687440415
newOrder,17835,0,16714,1687440428
newOrder,18075,1,16714,1687440428
newOrder,15217,0,10989,1687440428
newOrder,19999,1,10989,1687440428
cancel,15217,,,1687441016
cancel,17835,,,1687441016
cancel,18075,,,1687441016
cancel,19999,,,1687441016
newOrder,17834,0,16718,1687441028
newOrder,18075,1,16718,1687441028
newOrder,10701,0,82909,1687441028
newOrder,24999,1,82909,1687441028
cancel,10701,,,1687441616
cancel,17834,,,1687441616
cancel,18075,,,1687441616
cancel,24999,,,1687441616
newOrder,17834,0,16723,1687441629
newOrder,18075,1,16723,1687441629
newOrder,10700,0,35579,1687441629
newOrder,24957,1,35579,1687441629
cancel,10700,,,1687442215
cancel,17834,,,1687442215
cancel,18075,,,1687442215
cancel,24957,,,1687442215
newOrder,17834,0,16727,1687442227
newOrder,18075,1,16727,1687442227
newOrder,10700,0,71247,1687442227
newOrder,24999,1,71247,1687442227
cancel,10700,,,1687442815
cancel,17834,,,1687442815
cancel,18075,,,1687442815
cancel,24999,,,1687442815
newOrder,17834,0,16732,1687442827
newOrder,18075,1,16732,1687442827
newOrder,15217,0,12522,1687442827
newOrder,19999,1,12522,1687442827
cancel,15217,,,1687443415
cancel,17834,,,1687443415
cancel,18075,,,1687443415
cancel,19999,,,1687443415
newOrder,17834,0,16736,1687443429
newOrder,18075,1,16736,1687443429
newOrder,10700,0,55942,1687443429
newOrder,24999,1,55942,1687443429
cancel,10700,,,1687444015
cancel,17834,,,1687444015
cancel,18075,,,1687444015
cancel,24999,,,1687444015
newOrder,17833,0,16740,1687444028
newOrder,18075,1,16740,1687444028
newOrder,10700,0,66415,1687444028
newOrder,24999,1,66415,1687444028
cancel,10700,,,1687444614
cancel,17833,,,1687444614
cancel,18075,,,1687444614
cancel,24999,,,1687444614
newOrder,17834,0,16744,1687444630
newOrder,18075,1,16744,1687444630
newOrder,10701,0,75013,1687444630
newOrder,24999,1,75013,1687444630
cancel,10701,,,1687445217
cancel,17834,,,1687445217
cancel,18075,,,1687445217
cancel,24999,,,1687445217
newOrder,17833,0,16749,1687445230
newOrder,18075,1,16749,1687445230
newOrder,10700,0,57986,1687445230
newOrder,24999,1,57986,1687445230
cancel,10700,,,1687445816
cancel,17833,,,1687445816
cancel,18075,,,1687445816
cancel,24999,,,1687445816
newOrder,17833,0,16754,1687445833
newOrder,18075,1,16754,1687445833
newOrder,10700,0,48433,1687445833
newOrder,24999,1,48433,1687445833
cancel,10700,,,1687446416
cancel,17833,,,1687446416
cancel,18075,,,1687446416
cancel,24999,,,1687446416
newOrder,17920,0,16706,1687446428
newOrder,18075,1,16706,1687446428
newOrder,12162,0,25892,1687446428
newOrder,24957,1,25892,1687446428
cancel,12162,,,1687447015
cancel,17920,,,1687447015
cancel,18075,,,1687447015
cancel,24957,,,1687447015
newOrder,17921,0,16710,1687447027
newOrder,18075,1,16710,1687447027
newOrder,10752,0,68117,1687447027
newOrder,24999,1,68117,1687447027
cancel,10752,,,1687447615
cancel,17921,,,1687447615
cancel,18075,,,1687447615
cancel,24999,,,1687447615
newOrder,17920,0,16714,1687447628
newOrder,18075,1,16714,1687447628
newOrder,12204,0,20913,1687447628
newOrder,24957,1,20913,1687447628
cancel,12204,,,1687448215
cancel,17920,,,1687448215
cancel,18075,,,1687448215
cancel,24957,,,1687448215
newOrder,17919,0,16719,1687448228
newOrder,18075,1,16719,1687448228
newOrder,10752,0,69210,1687448228
newOrder,24999,1,69210,1687448228
cancel,10752,,,1687448817
cancel,17919,,,1687448817
cancel,18075,,,1687448817
cancel,24999,,,1687448817
newOrder,17920,0,16723,1687448829
newOrder,18075,1,16723,1687448829
newOrder,10752,0,89678,1687448829
newOrder,24999,1,89678,1687448829
cancel,10752,,,1687449415
cancel,17920,,,1687449415
cancel,18075,,,1687449415
cancel,24999,,,1687449415
newOrder,17924,0,16724,1687449427
newOrder,18075,1,16724,1687449427
newOrder,10755,0,65427,1687449427
newOrder,24999,1,65427,1687449427
cancel,10755,,,1687450015
cancel,17924,,,1687450015
cancel,18075,,,1687450015
cancel,24999,,,1687450015
newOrder,17908,0,16740,1687450029
newOrder,18075,1,16740,1687450029
newOrder,10745,0,45009,1687450029
newOrder,24999,1,45009,1687450029
cancel,10745,,,1687450616
cancel,17908,,,1687450616
cancel,18075,,,1687450616
cancel,24999,,,1687450616
newOrder,17907,0,16745,1687450628
newOrder,18075,1,16745,1687450628
newOrder,10744,0,29836,1687450628
newOrder,24957,1,29836,1687450628
cancel,10744,,,1687451215
cancel,17907,,,1687451215
cancel,18075,,,1687451215
cancel,24957,,,1687451215
newOrder,17907,0,16749,1687451231
newOrder,18075,1,16749,1687451231
newOrder,10744,0,82927,1687451231
newOrder,24999,1,82927,1687451231
cancel,10744,,,1687451817
cancel,17907,,,1687451817
cancel,18075,,,1687451817
cancel,24999,,,1687451817
newOrder,17907,0,16754,1687451830
newOrder,18075,1,16754,1687451830
newOrder,10744,0,39610,1687451830
newOrder,24957,1,39610,1687451830
cancel,10744,,,1687452417
cancel,17907,,,1687452417
cancel,18075,,,1687452417
cancel,24957,,,1687452417
newOrder,17906,0,16758,1687452431
newOrder,18075,1,16758,1687452431
newOrder,10744,0,58988,1687452431
newOrder,24999,1,58988,1687452431
cancel,10744,,,1687453015
cancel,17906,,,1687453015
cancel,18075,,,1687453015
cancel,24999,,,1687453015
newOrder,17906,0,16763,1687453028
newOrder,18075,1,16763,1687453028
newOrder,10743,0,75702,1687453028
newOrder,24999,1,75702,1687453028
cancel,10743,,,1687453616
cancel,17906,,,1687453616
cancel,18075,,,1687453616
cancel,24999,,,1687453616
newOrder,17907,0,16767,1687453629
newOrder,18075,1,16767,1687453629
newOrder,10744,0,67673,1687453629
newOrder,24999,1,67673,1687453629
cancel,10744,,,1687454215
cancel,17907,,,1687454215
cancel,18075,,,1687454215
cancel,24999,,,1687454215
newOrder,17906,0,16771,1687454227
newOrder,18075,1,16771,1687454227
newOrder,10744,0,58011,1687454227
newOrder,24999,1,58011,1687454227
cancel,10744,,,1687454815
cancel,17906,,,1687454815
cancel,18075,,,1687454815
cancel,24999,,,1687454815
newOrder,17906,0,16776,1687454828
newOrder,18075,1,16776,1687454828
newOrder,15217,0,15997,1687454828
newOrder,19999,1,15997,1687454828
cancel,15217,,,1687455416
cancel,17906,,,1687455416
cancel,18075,,,1687455416
cancel,19999,,,1687455416
newOrder,17907,0,16780,1687455427
newOrder,18075,1,16780,1687455427
newOrder,15217,0,11307,1687455427
newOrder,19999,1,11307,1687455427
cancel,15217,,,1687456016
cancel,17907,,,1687456016
cancel,18075,,,1687456016
cancel,19999,,,1687456016
newOrder,17907,0,16784,1687456033
newOrder,18075,1,16784,1687456033
newOrder,10744,0,53440,1687456033
newOrder,24999,1,53440,1687456033
cancel,10744,,,1687456616
cancel,17907,,,1687456616
cancel,18075,,,1687456616
cancel,24999,,,1687456616
newOrder,17925,0,16750,1687456641
newOrder,18111,1,16750,1687456641
newOrder,10755,0,49763,1687456641
newOrder,24999,1,49763,1687456641
cancel,10755,,,1687457216
cancel,17925,,,1687457216
cancel,18111,,,1687457216
cancel,24999,,,1687457216
newOrder,17925,0,16754,1687457242
newOrder,18111,1,16754,1687457242
newOrder,12162,0,25737,1687457242
newOrder,24957,1,25737,1687457242
cancel,12162,,,1687457815
cancel,17925,,,1687457815
cancel,18111,,,1687457815
cancel,24957,,,1687457815
newOrder,17925,0,16759,1687457840
newOrder,18111,1,16759,1687457840
newOrder,10755,0,59040,1687457840
newOrder,24999,1,59040,1687457840
cancel,10755,,,1687458415
cancel,17925,,,1687458415
cancel,18111,,,1687458415
cancel,24999,,,1687458415
newOrder,17925,0,16763,1687458440
newOrder,18111,1,16763,1687458440
newOrder,10755,0,58848,1687458440
newOrder,24999,1,58848,1687458440
cancel,10755,,,1687459015
cancel,17925,,,1687459015
cancel,18111,,,1687459015
cancel,24999,,,1687459015
newOrder,17925,0,16767,1687459039
newOrder,18111,1,16767,1687459039
newOrder,10755,0,32801,1687459039
newOrder,24957,1,32801,1687459039
cancel,10755,,,1687459616
cancel,17925,,,1687459616
cancel,18111,,,1687459616
cancel,24957,,,1687459616
newOrder,17925,0,16772,1687459641
newOrder,18111,1,16772,1687459641
newOrder,10755,0,72078,1687459641
newOrder,24999,1,72078,1687459641
cancel,10755,,,1687460215
cancel,17925,,,1687460215
cancel,18111,,,1687460215
cancel,24999,,,1687460215
newOrder,17925,0,16776,1687460239
newOrder,18111,1,16776,1687460239
newOrder,10755,0,43489,1687460239
newOrder,24999,1,43489,1687460239
cancel,10755,,,1687460815
cancel,17925,,,1687460815
cancel,18111,,,1687460815
cancel,24999,,,1687460815
newOrder,17925,0,16781,1687460839
newOrder,18111,1,16781,1687460839
newOrder,10755,0,44609,1687460839
newOrder,24999,1,44609,1687460839
cancel,10755,,,1687461417
cancel,17925,,,1687461417
cancel,18111,,,1687461417
cancel,24999,,,1687461417
newOrder,17925,0,16785,1687461441
newOrder,18111,1,16785,1687461441
newOrder,10755,0,85459,1687461441
newOrder,24999,1,85459,1687461441
cancel,10755,,,1687462016
cancel,17925,,,1687462016
cancel,18111,,,1687462016
cancel,24999,,,1687462016
newOrder,17925,0,16789,1687462043
newOrder,18111,1,16789,1687462043
newOrder,10755,0,78569,1687462043
newOrder,24999,1,78569,1687462043
cancel,10755,,,1687462616
cancel,17925,,,1687462616
cancel,18111,,,1687462616
cancel,24999,,,1687462616
newOrder,17925,0,16794,1687462641
newOrder,18111,1,16794,1687462641
newOrder,10755,0,44863,1687462641
newOrder,24999,1,44863,1687462641
cancel,10755,,,1687463216
cancel,17925,,,1687463216
cancel,18111,,,1687463216
cancel,24999,,,1687463216
newOrder,17925,0,16797,1687463239
newOrder,18113,1,16797,1687463239
newOrder,10755,0,87831,1687463239
newOrder,24999,1,87831,1687463239
cancel,10755,,,1687463816
cancel,17925,,,1687463816
cancel,18113,,,1687463816
cancel,24999,,,1687463816
newOrder,17925,0,16802,1687463842
newOrder,18113,1,16802,1687463842
newOrder,15217,0,10797,1687463842
newOrder,19999,1,10797,1687463842
cancel,15217,,,1687464416
cancel,17925,,,1687464416
cancel,18113,,,1687464416
cancel,19999,,,1687464416
newOrder,17925,0,16806,1687464437
newOrder,18113,1,16806,1687464437
newOrder,10755,0,70509,1687464437
newOrder,24999,1,70509,1687464437
cancel,10755,,,1687465015
cancel,17925,,,1687465015
cancel,18113,,,1687465015
cancel,24999,,,1687465015
newOrder,17925,0,16810,1687465039
newOrder,18113,1,16810,1687465039
newOrder,10755,0,75621,1687465039
newOrder,24999,1,75621,1687465039
cancel,10755,,,1687465615
cancel,17925,,,1687465615
cancel,18113,,,1687465615
cancel,24999,,,1687465615
newOrder,17925,0,16815,1687465638
newOrder,18113,1,16815,1687465638
newOrder,10755,0,30015,1687465638
newOrder,24957,1,30015,1687465638
cancel,10755,,,1687466216
cancel,17925,,,1687466216
cancel,18113,,,1687466216
cancel,24957,,,1687466216
newOrder,17925,0,16819,1687466239
newOrder,18113,1,16819,1687466239
newOrder,10755,0,50514,1687466239
newOrder,24999,1,50514,1687466239
cancel,10755,,,1687466815
cancel,17925,,,1687466815
cancel,18113,,,1687466815
cancel,24999,,,1687466815
newOrder,17925,0,16824,1687466839
newOrder,18113,1,16824,1687466839
newOrder,10755,0,90730,1687466839
newOrder,24999,1,90730,1687466839
cancel,10755,,,1687467415
cancel,17925,,,1687467415
cancel,18113,,,1687467415
cancel,24999,,,1687467415
newOrder,17925,0,16828,1687467441
newOrder,18113,1,16828,1687467441
newOrder,10755,0,67405,1687467441
newOrder,24999,1,67405,1687467441
cancel,10755,,,1687468020
cancel,17925,,,1687468020
cancel,18113,,,1687468020
cancel,24999,,,1687468020
newOrder,17925,0,16833,1687468045
newOrder,18113,1,16833,1687468045
newOrder,10755,0,44359,1687468045
newOrder,24999,1,44359,1687468045
cancel,10755,,,1687468616
cancel,17925,,,1687468616
cancel,18113,,,1687468616
cancel,24999,,,1687468616
newOrder,17925,0,16837,1687468639
newOrder,18113,1,16837,1687468639
newOrder,10755,0,74146,1687468639
newOrder,24999,1,74146,1687468639
cancel,10755,,,1687469215
cancel,17925,,,1687469215
cancel,18113,,,1687469215
cancel,24999,,,1687469215
newOrder,17925,0,16842,1687469240
newOrder,18113,1,16842,1687469240
newOrder,10755,0,31084,1687469240
newOrder,24957,1,31084,1687469240
cancel,10755,,,1687469815
cancel,17925,,,1687469815
cancel,18113,,,1687469815
cancel,24957,,,1687469815
newOrder,17925,0,16846,1687469839
newOrder,18113,1,16846,1687469839
newOrder,15217,0,11362,1687469839
newOrder,19999,1,11362,1687469839
cancel,15217,,,1687470415
cancel,17925,,,1687470415
cancel,18113,,,1687470415
cancel,19999,,,1687470415
newOrder,17925,0,16851,1687470440
newOrder,18113,1,16851,1687470440
newOrder,10755,0,70989,1687470440
newOrder,24999,1,70989,1687470440
cancel,10755,,,1687471015
cancel,17925,,,1687471015
cancel,18113,,,1687471015
cancel,24999,,,1687471015
newOrder,17925,0,16855,1687471039
newOrder,18113,1,16855,1687471039
newOrder,10755,0,87061,1687471039
newOrder,24999,1,87061,1687471039
cancel,10755,,,1687471615
cancel,17925,,,1687471615
cancel,18113,,,1687471615
cancel,24999,,,1687471615
newOrder,17925,0,16860,1687471639
newOrder,18113,1,16860,1687471639
newOrder,10755,0,85719,1687471639
newOrder,24999,1,85719,1687471639
cancel,10755,,,1687472215
cancel,17925,,,1687472215
cancel,18113,,,1687472215
cancel,24999,,,1687472215
newOrder,17925,0,16864,1687472239
newOrder,18112,1,16864,1687472239
newOrder,10755,0,59937,1687472239
newOrder,24999,1,59937,1687472239
cancel,10755,,,1687472815
cancel,17925,,,1687472815
cancel,18112,,,1687472815
cancel,24999,,,1687472815
newOrder,17925,0,16869,1687472840
newOrder,18112,1,16869,1687472840
newOrder,10755,0,41144,1687472840
newOrder,24957,1,41144,1687472840
cancel,10755,,,1687473415
cancel,17925,,,1687473415
cancel,18112,,,1687473415
cancel,24957,,,1687473415
newOrder,17925,0,16873,1687473440
newOrder,18112,1,16873,1687473440
newOrder,15217,0,13949,1687473440
newOrder,19999,1,13949,1687473440
cancel,15217,,,1687474015
cancel,17925,,,1687474015
cancel,18112,,,1687474015
cancel,19999,,,1687474015
newOrder,17925,0,16878,1687474041
newOrder,18112,1,16878,1687474041
newOrder,10755,0,61773,1687474041
newOrder,24999,1,61773,1687474041
cancel,10755,,,1687474616
cancel,17925,,,1687474616
cancel,18112,,,1687474616
cancel,24999,,,1687474616
newOrder,17925,0,16882,1687474640
newOrder,18112,1,16882,1687474640
newOrder,12162,0,25640,1687474640
newOrder,24957,1,25640,1687474640
cancel,12162,,,1687475215
cancel,17925,,,1687475215
cancel,18112,,,1687475215
cancel,24957,,,1687475215
newOrder,17925,0,16887,1687475240
newOrder,18112,1,16887,1687475240
newOrder,10755,0,30438,1687475240
newOrder,24957,1,30438,1687475240
cancel,10755,,,1687475817
cancel,17925,,,1687475817
cancel,18112,,,1687475817
cancel,24957,,,1687475817
newOrder,17925,0,16891,1687475843
newOrder,18112,1,16891,1687475843
newOrder,15217,0,13022,1687475843
newOrder,19999,1,13022,1687475843
cancel,15217,,,1687476417
cancel,17925,,,1687476417
cancel,18112,,,1687476417
cancel,19999,,,1687476417
newOrder,17925,0,16896,1687476443
newOrder,18112,1,16896,1687476443
newOrder,12204,0,22752,1687476443
newOrder,24957,1,22752,1687476443
cancel,12204,,,1687477016
cancel,17925,,,1687477016
cancel,18112,,,1687477016
cancel,24957,,,1687477016
newOrder,17925,0,16901,1687477039
newOrder,18112,1,16901,1687477039
newOrder,10755,0,31832,1687477039
newOrder,24957,1,31832,1687477039
cancel,10755,,,1687477616
cancel,17925,,,1687477616
cancel,18112,,,1687477616
cancel,24957,,,1687477616
newOrder,17925,0,16905,1687477641
newOrder,18112,1,16905,1687477641
newOrder,10755,0,75649,1687477641
newOrder,24999,1,75649,1687477641
cancel,10755,,,1687478216
cancel,17925,,,1687478216
cancel,18112,,,1687478216
cancel,24999,,,1687478216
newOrder,17925,0,16910,1687478241
newOrder,18112,1,16910,1687478241
newOrder,10755,0,34072,1687478241
newOrder,24957,1,34072,1687478241
cancel,10755,,,1687478816
cancel,17925,,,1687478816
cancel,18112,,,1687478816
cancel,24957,,,1687478816
newOrder,17925,0,16914,1687478841
newOrder,18112,1,16914,1687478841
newOrder,10755,0,53820,1687478841
newOrder,24999,1,53820,1687478841
cancel,10755,,,1687479418
cancel,17925,,,1687479418
cancel,18112,,,1687479418
cancel,24999,,,1687479418
newOrder,17925,0,16919,1687479444
newOrder,18112,1,16919,1687479444
newOrder,10755,0,77054,1687479444
newOrder,24999,1,77054,1687479444
cancel,10755,,,1687480015
cancel,17925,,,1687480015
cancel,18112,,,1687480015
cancel,24999,,,1687480015
newOrder,17925,0,16923,1687480041
newOrder,18112,1,16923,1687480041
newOrder,12204,0,23628,1687480041
newOrder,24957,1,23628,1687480041
cancel,12204,,,1687480615
cancel,17925,,,1687480615
cancel,18112,,,1687480615
cancel,24957,,,1687480615
newOrder,17925,0,16928,1687480639
newOrder,18112,1,16928,1687480639
newOrder,10755,0,45743,1687480639
newOrder,24999,1,45743,1687480639
cancel,10755,,,1687481216
cancel,17925,,,1687481216
cancel,18112,,,1687481216
cancel,24999,,,1687481216
newOrder,17925,0,16932,1687481240
newOrder,18112,1,16932,1687481240
newOrder,10755,0,31259,1687481240
newOrder,24957,1,31259,1687481240
cancel,10755,,,1687481815
cancel,17925,,,1687481815
cancel,18112,,,1687481815
cancel,24957,,,1687481815
newOrder,17925,0,16937,1687481839
newOrder,18112,1,16937,1687481839
newOrder,10755,0,75039,1687481839
newOrder,24999,1,75039,1687481839
cancel,10755,,,1687482415
cancel,17925,,,1687482415
cancel,18112,,,1687482415
cancel,24999,,,1687482415
newOrder,17925,0,16941,1687482439
newOrder,18112,1,16941,1687482439
newOrder,10755,0,77923,1687482439
newOrder,24999,1,77923,1687482439
cancel,10755,,,1687483016
cancel,17925,,,1687483016
cancel,18112,,,1687483016
cancel,24999,,,1687483016
newOrder,17925,0,16946,1687483039
newOrder,18112,1,16946,1687483039
newOrder,10755,0,38902,1687483039
newOrder,24957,1,38902,1687483039
cancel,10755,,,1687483616
cancel,17925,,,1687483616
cancel,18112,,,1687483616
cancel,24957,,,1687483616
newOrder,17925,0,16886,1687483639
newOrder,18186,1,16886,1687483639
newOrder,10755,0,36050,1687483639
newOrder,24957,1,36050,1687483639
cancel,10755,,,1687484217
cancel,17925,,,1687484217
cancel,18186,,,1687484217
cancel,24957,,,1687484217
newOrder,17925,0,16885,1687484242
newOrder,18192,1,16885,1687484242
newOrder,10755,0,48812,1687484242
newOrder,24999,1,48812,1687484242
cancel,10755,,,1687484815
cancel,17925,,,1687484815
cancel,18192,,,1687484815
cancel,24999,,,1687484815
newOrder,17925,0,16890,1687484840
newOrder,18192,1,16890,1687484840
newOrder,10755,0,53782,1687484840
newOrder,24999,1,53782,1687484840
cancel,10755,,,1687485416
cancel,17925,,,1687485416
cancel,18192,,,1687485416
cancel,24999,,,1687485416
newOrder,17925,0,16894,1687485440
newOrder,18192,1,16894,1687485440
newOrder,10755,0,83413,1687485440
newOrder,24999,1,83413,1687485440
cancel,10755,,,1687486015
cancel,17925,,,1687486015
cancel,18192,,,1687486015
cancel,24999,,,1687486015
newOrder,17925,0,16899,1687486039
newOrder,18192,1,16899,1687486039
newOrder,10755,0,61995,1687486039
newOrder,24999,1,61995,1687486039
cancel,10755,,,1687486615
cancel,17925,,,1687486615
cancel,18192,,,1687486615
cancel,24999,,,1687486615
newOrder,17925,0,16904,1687486639
newOrder,18192,1,16904,1687486639
newOrder,12204,0,20418,1687486639
newOrder,24957,1,20418,1687486639
cancel,12204,,,1687487216
cancel,17925,,,1687487216
cancel,18192,,,1687487216
cancel,24957,,,1687487216
newOrder,17925,0,16908,1687487243
newOrder,18192,1,16908,1687487243
newOrder,10755,0,53076,1687487243
newOrder,24999,1,53076,1687487243
cancel,10755,,,1687487815
cancel,17925,,,1687487815
cancel,18192,,,1687487815
cancel,24999,,,1687487815
newOrder,17925,0,16913,1687487839
newOrder,18192,1,16913,1687487839
newOrder,10755,0,76103,1687487839
newOrder,24999,1,76103,1687487839
cancel,10755,,,1687488415
cancel,17925,,,1687488415
cancel,18192,,,1687488415
cancel,24999,,,1687488415
newOrder,17925,0,16918,1687488441
newOrder,18192,1,16918,1687488441
newOrder,10755,0,79153,1687488441
newOrder,24999,1,79153,1687488441
cancel,10755,,,1687489018
cancel,17925,,,1687489018
cancel,18192,,,1687489018
cancel,24999,,,1687489018
newOrder,17925,0,17001,1687489040
newOrder,18101,1,17001,1687489040
newOrder,12204,0,23344,1687489040
newOrder,24957,1,23344,1687489040
cancel,12204,,,1687489616
cancel,17925,,,1687489616
cancel,18101,,,1687489616
cancel,24957,,,1687489616
newOrder,17925,0,16999,1687489639
newOrder,18110,1,16999,1687489639
newOrder,12204,0,18040,1687489639
newOrder,24957,1,18040,1687489639
cancel,12204,,,1687490216
cancel,17925,,,1687490216
cancel,18110,,,1687490216
cancel,24957,,,1687490216
newOrder,17925,0,17003,1687490239
newOrder,18110,1,17003,1687490239
newOrder,10755,0,81982,1687490239
newOrder,24999,1,81982,1687490239
cancel,10755,,,1687490815
cancel,17925,,,1687490815
cancel,18110,,,1687490815
cancel,24999,,,1687490815
newOrder,17925,0,17008,1687490839
newOrder,18109,1,17008,1687490839
newOrder,10755,0,49301,1687490839
newOrder,24999,1,49301,1687490839
cancel,10755,,,1687491415
cancel,17925,,,1687491415
cancel,18109,,,1687491415
cancel,24999,,,1687491415
newOrder,17925,0,17013,1687491439
newOrder,18109,1,17013,1687491439
newOrder,10755,0,39524,1687491439
newOrder,24957,1,39524,1687491439
cancel,10755,,,1687492016
cancel,17925,,,1687492016
cancel,18109,,,1687492016
cancel,24957,,,1687492016
newOrder,17925,0,17017,1687492039
newOrder,18109,1,17017,1687492039
newOrder,10755,0,69045,1687492039
newOrder,24999,1,69045,1687492039
cancel,10755,,,1687492615
cancel,17925,,,1687492615
cancel,18109,,,1687492615
cancel,24999,,,1687492615
newOrder,17925,0,17022,1687492639
newOrder,18110,1,17022,1687492639
newOrder,10755,0,91560,1687492639
newOrder,24999,1,91560,1687492639
cancel,10755,,,1687493216
cancel,17925,,,1687493216
cancel,18110,,,1687493216
cancel,24999,,,1687493216
newOrder,17925,0,17026,1687493240
newOrder,18110,1,17026,1687493240
newOrder,10755,0,66735,1687493240
newOrder,24999,1,66735,1687493240
cancel,10755,,,1687493815
cancel,17925,,,1687493815
cancel,18110,,,1687493815
cancel,24999,,,1687493815
newOrder,17925,0,17031,1687493839
newOrder,18111,1,17031,1687493839
newOrder,10755,0,60012,1687493839
newOrder,24999,1,60012,1687493839
cancel,10755,,,1687494416
cancel,17925,,,1687494416
cancel,18111,,,1687494416
cancel,24999,,,1687494416
newOrder,17925,0,17036,1687494441
newOrder,18110,1,17036,1687494441
newOrder,10755,0,54964,1687494441
newOrder,24999,1,54964,1687494441
cancel,10755,,,1687495017
cancel,17925,,,1687495017
cancel,18110,,,1687495017
cancel,24999,,,1687495017
newOrder,17925,0,17040,1687495040
newOrder,18110,1,17040,1687495040
newOrder,10755,0,42488,1687495040
newOrder,24999,1,42488,1687495040
cancel,10755,,,1687495615
cancel,17925,,,1687495615
cancel,18110,,,1687495615
cancel,24999,,,1687495615
newOrder,17925,0,17046,1687495639
newOrder,18109,1,17046,1687495639
newOrder,10755,0,62224,1687495639
newOrder,24999,1,62224,1687495639
cancel,10755,,,1687496216
cancel,17925,,,1687496216
cancel,18109,,,1687496216
cancel,24999,,,1687496216
newOrder,17925,0,17050,1687496240
newOrder,18110,1,17050,1687496240
newOrder,10755,0,46956,1687496240
newOrder,24999,1,46956,1687496240
cancel,10755,,,1687496816
cancel,17925,,,1687496816
cancel,18110,,,1687496816
cancel,24999,,,1687496816
newOrder,17925,0,17054,1687496839
newOrder,18111,1,17054,1687496839
newOrder,10755,0,31082,1687496839
newOrder,24957,1,31082,1687496839
cancel,10755,,,1687497416
cancel,17925,,,1687497416
cancel,18111,,,1687497416
cancel,24957,,,1687497416
newOrder,17925,0,17059,1687497440
newOrder,18111,1,17059,1687497440
newOrder,10755,0,42092,1687497440
newOrder,24957,1,42092,1687497440
cancel,10755,,,1687498016
cancel,17925,,,1687498016
cancel,18111,,,1687498016
cancel,24957,,,1687498016
newOrder,17925,0,17064,1687498039
newOrder,18110,1,17064,1687498039
newOrder,10755,0,91931,1687498039
newOrder,24999,1,91931,1687498039
cancel,10755,,,1687498615
cancel,17925,,,1687498615
cancel,18110,,,1687498615
cancel,24999,,,1687498615
newOrder,17925,0,17069,1687498640
newOrder,18110,1,17069,1687498640
newOrder,12162,0,25890,1687498640
newOrder,24957,1,25890,1687498640
cancel,12162,,,1687499215
cancel,17925,,,1687499215
cancel,18110,,,1687499215
cancel,24957,,,1687499215
newOrder,17925,0,17074,1687499240
newOrder,18109,1,17074,1687499240
newOrder,10755,0,69057,1687499240
newOrder,24999,1,69057,1687499240
cancel,10755,,,1687499816
cancel,17925,,,1687499816
cancel,18109,,,1687499816
cancel,24999,,,1687499816
newOrder,17925,0,17078,1687499840
newOrder,18110,1,17078,1687499840
newOrder,10755,0,71556,1687499840
newOrder,24999,1,71556,1687499840
cancel,10755,,,1687500415
cancel,17925,,,1687500415
cancel,18110,,,1687500415
cancel,24999,,,1687500415
newOrder,17925,0,17082,1687500439
newOrder,18110,1,17082,1687500439
newOrder,12204,0,23998,1687500439
newOrder,24957,1,23998,1687500439
cancel,12204,,,1687501017
cancel,17925,,,1687501017
cancel,18110,,,1687501017
cancel,24957,,,1687501017
newOrder,17925,0,17088,1687501041
newOrder,18110,1,17088,1687501041
newOrder,10755,0,42829,1687501041
newOrder,24999,1,42829,1687501041
cancel,10755,,,1687501615
cancel,17925,,,1687501615
cancel,18110,,,1687501615
cancel,24999,,,1687501615
newOrder,17925,0,17091,1687501643
newOrder,18112,1,17091,1687501643
newOrder,10755,0,53608,1687501643
newOrder,24999,1,53608,1687501643
cancel,10755,,,1687502216
cancel,17925,,,1687502216
cancel,18112,,,1687502216
cancel,24999,,,1687502216
newOrder,17925,0,17096,1687502239
newOrder,18111,1,17096,1687502239
newOrder,10755,0,64041,1687502239
newOrder,24999,1,64041,1687502239
cancel,10755,,,1687502816
cancel,17925,,,1687502816
cancel,18111,,,1687502816
cancel,24999,,,1687502816
newOrder,17925,0,17101,1687502840
newOrder,18110,1,17101,1687502840
newOrder,10755,0,70965,1687502840
newOrder,24999,1,70965,1687502840
cancel,10755,,,1687503416
cancel,17925,,,1687503416
cancel,18110,,,1687503416
cancel,24999,,,1687503416
newOrder,17925,0,17106,1687503440
newOrder,18111,1,17106,1687503440
newOrder,10755,0,74302,1687503440
newOrder,24999,1,74302,1687503440
cancel,10755,,,1687504015
cancel,17925,,,1687504015
cancel,18111,,,1687504015
cancel,24999,,,1687504015
newOrder,17925,0,17111,1687504042
newOrder,18110,1,17111,1687504042
newOrder,10755,0,45032,1687504042
newOrder,24999,1,45032,1687504042
cancel,10755,,,1687504616
cancel,17925,,,1687504616
cancel,18110,,,1687504616
cancel,24999,,,1687504616
newOrder,17925,0,17116,1687504643
newOrder,18110,1,17116,1687504643
newOrder,10755,0,59491,1687504643
newOrder,24999,1,59491,1687504643
cancel,10755,,,1687505216
cancel,17925,,,1687505216
cancel,18110,,,1687505216
cancel,24999,,,1687505216
newOrder,17925,0,17120,1687505239
newOrder,18111,1,17120,1687505239
newOrder,10755,0,61868,1687505239
newOrder,24999,1,61868,1687505239
cancel,10755,,,1687505815
cancel,17925,,,1687505815
cancel,18111,,,1687505815
cancel,24999,,,1687505815
newOrder,17925,0,17124,1687505839
newOrder,18111,1,17124,1687505839
newOrder,10755,0,85432,1687505839
newOrder,24999,1,85432,1687505839
cancel,10755,,,1687506416
cancel,17925,,,1687506416
cancel,18111,,,1687506416
cancel,24999,,,1687506416
newOrder,17925,0,17129,1687506441
newOrder,18111,1,17129,1687506441
newOrder,15217,0,12227,1687506441
newOrder,19999,1,12227,1687506441
cancel,15217,,,1687507016
cancel,17925,,,1687507016
cancel,18111,,,1687507016
cancel,19999,,,1687507016
newOrder,17925,0,17133,1687507041
newOrder,18112,1,17133,1687507041
newOrder,10755,0,87058,1687507041
newOrder,24999,1,87058,1687507041
cancel,10755,,,1687507615
cancel,17925,,,1687507615
cancel,18112,,,1687507615
cancel,24999,,,1687507615
newOrder,17925,0,17138,1687507640
newOrder,18112,1,17138,1687507640
newOrder,10755,0,64707,1687507640
newOrder,24999,1,64707,1687507640
cancel,10755,,,1687508215
cancel,17925,,,1687508215
cancel,18112,,,1687508215
cancel,24999,,,1687508215
newOrder,17925,0,17144,1687508240
newOrder,18111,1,17144,1687508240
newOrder,15217,0,16198,1687508240
newOrder,19999,1,16198,1687508240
cancel,15217,,,1687508815
cancel,17925,,,1687508815
cancel,18111,,,1687508815
cancel,19999,,,1687508815
newOrder,17925,0,17148,1687508841
newOrder,18112,1,17148,1687508841
newOrder,15217,0,12461,1687508841
newOrder,19999,1,12461,1687508841
cancel,15217,,,1687509415
cancel,17925,,,1687509415
cancel,18112,,,1687509415
cancel,19999,,,1687509415
newOrder,17925,0,17153,1687509440
newOrder,18112,1,17153,1687509440
newOrder,10755,0,70774,1687509440
newOrder,24999,1,70774,1687509440
cancel,10755,,,1687510017
cancel,17925,,,1687510017
cancel,18112,,,1687510017
cancel,24999,,,1687510017
newOrder,17925,0,17157,1687510041
newOrder,18112,1,17157,1687510041
newOrder,10755,0,66672,1687510041
newOrder,24999,1,66672,1687510041
cancel,10755,,,1687510615
cancel,17925,,,1687510615
cancel,18112,,,1687510615
cancel,24999,,,1687510615
newOrder,17925,0,17163,1687510640
newOrder,18111,1,17163,1687510640
newOrder,10755,0,61721,1687510640
newOrder,24999,1,61721,1687510640
cancel,10755,,,1687511215
cancel,17925,,,1687511215
cancel,18111,,,1687511215
cancel,24999,,,1687511215
newOrder,17925,0,17168,1687511240
newOrder,18111,1,17168,1687511240
newOrder,10755,0,91415,1687511240
newOrder,24999,1,91415,1687511240
cancel,10755,,,1687511816
cancel,17925,,,1687511816
cancel,18111,,,1687511816
cancel,24999,,,1687511816
newOrder,17925,0,17172,1687511840
newOrder,18112,1,17172,1687511840
newOrder,10755,0,72541,1687511840
newOrder,24999,1,72541,1687511840
cancel,10755,,,1687512416
cancel,17925,,,1687512416
cancel,18112,,,1687512416
cancel,24999,,,1687512416
newOrder,17925,0,17177,1687512442
newOrder,18111,1,17177,1687512442
newOrder,10755,0,57670,1687512442
newOrder,24999,1,57670,1687512442
cancel,10755,,,1687513016
cancel,17925,,,1687513016
cancel,18111,,,1687513016
cancel,24999,,,1687513016
newOrder,17925,0,17182,1687513040
newOrder,18111,1,17182,1687513040
newOrder,10755,0,84075,1687513040
newOrder,24999,1,84075,1687513040
cancel,10755,,,1687513616
cancel,17925,,,1687513616
cancel,18111,,,1687513616
cancel,24999,,,1687513616
newOrder,17925,0,17187,1687513638
newOrder,18111,1,17187,1687513638
newOrder,12204,0,20991,1687513638
newOrder,24957,1,20991,1687513638
cancel,12204,,,1687514215
cancel,17925,,,1687514215
cancel,18111,,,1687514215
cancel,24957,,,1687514215
newOrder,17925,0,17191,1687514239
newOrder,18112,1,17191,1687514239
newOrder,10755,0,82681,1687514239
newOrder,24999,1,82681,1687514239
cancel,10755,,,1687514815
cancel,17925,,,1687514815
cancel,18112,,,1687514815
cancel,24999,,,1687514815
newOrder,17925,0,17196,1687514839
newOrder,18112,1,17196,1687514839
newOrder,12204,0,18816,1687514839
newOrder,24957,1,18816,1687514839
cancel,12204,,,1687515416
cancel,17925,,,1687515416
cancel,18112,,,1687515416
cancel,24957,,,1687515416
newOrder,17925,0,17200,1687515440
newOrder,18114,1,17200,1687515440
newOrder,12204,0,23652,1687515440
newOrder,24957,1,23652,1687515440
cancel,12204,,,1687516016
cancel,17925,,,1687516016
cancel,18114,,,1687516016
cancel,24957,,,1687516016
newOrder,17879,0,17264,1687516041
newOrder,18075,1,17264,1687516041
newOrder,15217,0,16113,1687516041
newOrder,19999,1,16113,1687516041
cancel,15217,,,1687516615
cancel,17879,,,1687516615
cancel,18075,,,1687516615
cancel,19999,,,1687516615
newOrder,17879,0,17269,1687516639
newOrder,18075,1,17269,1687516639
newOrder,10728,0,31898,1687516639
newOrder,24957,1,31898,1687516639
cancel,10728,,,1687517216
cancel,17879,,,1687517216
cancel,18075,,,1687517216
cancel,24957,,,1687517216
newOrder,17878,0,17274,1687517240
newOrder,18075,1,17274,1687517240
newOrder,15217,0,15895,1687517240
newOrder,19999,1,15895,1687517240
cancel,15217,,,1687517816
cancel,17878,,,1687517816
cancel,18075,,,1687517816
cancel,19999,,,1687517816
newOrder,17878,0,17279,1687517840
newOrder,18075,1,17279,1687517840
newOrder,10727,0,73313,1687517840
newOrder,24999,1,73313,1687517840
cancel,10727,,,1687518416
cancel,17878,,,1687518416
cancel,18075,,,1687518416
cancel,24999,,,1687518416
newOrder,17868,0,17290,1687518439
newOrder,18075,1,17290,1687518439
newOrder,12204,0,21268,1687518439
newOrder,24957,1,21268,1687518439
cancel,12204,,,1687519017
cancel,17868,,,1687519017
cancel,18075,,,1687519017
cancel,24957,,,1687519017
newOrder,17869,0,17294,1687519042
newOrder,18075,1,17294,1687519042
newOrder,10722,0,84029,1687519042
newOrder,24999,1,84029,1687519042
cancel,10722,,,1687519615
cancel,17869,,,1687519615
cancel,18075,,,1687519615
cancel,24999,,,1687519615
newOrder,17869,0,17299,1687519639
newOrder,18075,1,17299,1687519639
newOrder,10722,0,63470,1687519639
newOrder,24999,1,63470,1687519639
cancel,10722,,,1687520216
cancel,17869,,,1687520216
cancel,18075,,,1687520216
cancel,24999,,,1687520216
newOrder,17868,0,17305,1687520240
newOrder,18075,1,17305,1687520240
newOrder,12204,0,20664,1687520240
newOrder,24957,1,20664,1687520240
cancel,12204,,,1687520815
cancel,17868,,,1687520815
cancel,18075,,,1687520815
cancel,24957,,,1687520815
newOrder,17869,0,17309,1687520840
newOrder,18075,1,17309,1687520840
newOrder,10721,0,82224,1687520840
newOrder,24999,1,82224,1687520840
cancel,10721,,,1687521415
cancel,17869,,,1687521415
cancel,18075,,,1687521415
cancel,24999,,,1687521415
newOrder,17871,0,17313,1687521440
newOrder,18075,1,17313,1687521440
newOrder,10722,0,40422,1687521440
newOrder,24957,1,40422,1687521440
cancel,10722,,,1687522016
cancel,17871,,,1687522016
cancel,18075,,,1687522016
cancel,24957,,,1687522016
newOrder,17869,0,17319,1687522040
newOrder,18075,1,17319,1687522040
newOrder,10721,0,83693,1687522040
newOrder,24999,1,83693,1687522040