instruction,price,side,qty,time
cancel,9656,,,1685967268
cancel,16094,,,1685967268
cancel,18075,,,1685967268
cancel,24999,,,1685967268
newOrder,16094,0,9100,1685967292
newOrder,18075,1,9100,1685967292
newOrder,9656,0,44426,1685967292
newOrder,24999,1,44426,1685967292
cancel,9656,,,1685967868
cancel,16094,,,1685967868
cancel,18075,,,1685967868
cancel,24999,,,1685967868
newOrder,16094,0,9101,1685967893
newOrder,18075,1,9101,1685967893
newOrder,9656,0,33640,1685967893
newOrder,24957,1,33640,1685967893
cancel,9656,,,1685968467
cancel,16094,,,1685968467
cancel,18075,,,1685968467
cancel,24957,,,1685968467
newOrder,16094,0,9102,1685968492
newOrder,18075,1,9102,1685968492
newOrder,9656,0,30019,1685968492
newOrder,24957,1,30019,1685968492
cancel,9656,,,1685969068
cancel,16094,,,1685969068
cancel,18075,,,1685969068
cancel,24957,,,1685969068
newOrder,16094,0,9102,1685969092
newOrder,18075,1,9102,1685969092
newOrder,9656,0,25223,1685969092
newOrder,24957,1,25223,1685969092
cancel,9656,,,1685969668
cancel,16094,,,1685969668
cancel,18075,,,1685969668
cancel,24957,,,1685969668
newOrder,16094,0,9103,1685969693
newOrder,18075,1,9103,1685969693
newOrder,12164,0,10920,1685969693
newOrder,24957,1,10920,1685969693
cancel,12164,,,1685970268
cancel,16094,,,1685970268
cancel,18075,,,1685970268
cancel,24957,,,1685970268
newOrder,16090,0,9102,1685970294
newOrder,18075,1,9102,1685970294
newOrder,9654,0,45874,1685970294
newOrder,24999,1,45874,1685970294
cancel,9654,,,1685970868
cancel,16090,,,1685970868
cancel,18075,,,1685970868
cancel,24999,,,1685970868
newOrder,16090,0,9103,1685970894
newOrder,18075,1,9103,1685970894
newOrder,9654,0,36890,1685970894
newOrder,24999,1,36890,1685970894
cancel,9654,,,1685971468
cancel,16090,,,1685971468
cancel,18075,,,1685971468
cancel,24999,,,1685971468
newOrder,16090,0,9103,1685971494
newOrder,18075,1,9103,1685971494
newOrder,12164,0,15591,1685971494
newOrder,24957,1,15591,1685971494
cancel,12164,,,1685972067
cancel,16090,,,1685972067
cancel,18075,,,1685972067
cancel,24957,,,1685972067
newOrder,16090,0,9104,1685972095
newOrder,18075,1,9104,1685972095
newOrder,9654,0,38218,1685972095
newOrder,24999,1,38218,1685972095
cancel,9654,,,1685972667
cancel,16090,,,1685972667
cancel,18075,,,1685972667
cancel,24999,,,1685972667
newOrder,16090,0,9105,1685972692
newOrder,18075,1,9105,1685972692
newOrder,12164,0,16394,1685972692
newOrder,24957,1,16394,1685972692
cancel,12164,,,1685973267
cancel,16090,,,1685973267
cancel,18075,,,1685973267
cancel,24957,,,1685973267
newOrder,16090,0,9105,1685973291
newOrder,18075,1,9105,1685973291
newOrder,9654,0,38876,1685973291
newOrder,24999,1,38876,1685973291
cancel,9654,,,1685973867
cancel,16090,,,1685973867
cancel,18075,,,1685973867
cancel,24999,,,1685973867
newOrder,16090,0,9106,1685973893
newOrder,18075,1,9106,1685973893
newOrder,9654,0,32757,1685973893
newOrder,24957,1,32757,1685973893
cancel,9654,,,1685974467
cancel,16090,,,1685974467
cancel,18075,,,1685974467
cancel,24957,,,1685974467
newOrder,16090,0,9107,1685974493
newOrder,18075,1,9107,1685974493
newOrder,12164,0,19124,1685974493
newOrder,24957,1,19124,1685974493
cancel,12164,,,1685975067
cancel,16090,,,1685975067
cancel,18075,,,1685975067
cancel,24957,,,1685975067
newOrder,16087,0,9106,1685975096
newOrder,18075,1,9106,1685975096
newOrder,12164,0,11907,1685975096
newOrder,24957,1,11907,1685975096
cancel,12164,,,1685975667
cancel,16087,,,1685975667
cancel,18075,,,1685975667
cancel,24957,,,1685975667
newOrder,16090,0,9108,1685975691
newOrder,18075,1,9108,1685975691
newOrder,9654,0,31922,1685975691
newOrder,24957,1,31922,1685975691
cancel,9654,,,1685976267
cancel,16090,,,1685976267
cancel,18075,,,1685976267
cancel,24957,,,1685976267
newOrder,16090,0,9109,1685976291
newOrder,18075,1,9109,1685976291
newOrder,12164,0,11661,1685976291
newOrder,24957,1,11661,1685976291
cancel,12164,,,1685976868
cancel,16090,,,1685976868
cancel,18075,,,1685976868
cancel,24957,,,1685976868
newOrder,16090,0,9109,1685976891
newOrder,18075,1,9109,1685976891
newOrder,12164,0,17488,1685976891
newOrder,24957,1,17488,1685976891
cancel,12164,,,1685977468
cancel,16090,,,1685977468
cancel,18075,,,1685977468
cancel,24957,,,1685977468
newOrder,16036,0,9088,1685977496
newOrder,18075,1,9088,1685977496
newOrder,9621,0,26603,1685977496
newOrder,24957,1,26603,1685977496
cancel,9621,,,1685978069
cancel,16036,,,1685978069
cancel,18075,,,1685978069
cancel,24957,,,1685978069
newOrder,16023,0,9083,1685978094
newOrder,18075,1,9083,1685978094
newOrder,9614,0,26972,1685978094
newOrder,24957,1,26972,1685978094
cancel,9614,,,1685978668
cancel,16023,,,1685978668
cancel,18075,,,1685978668
cancel,24957,,,1685978668
newOrder,16026,0,9085,1685978692
newOrder,18075,1,9085,1685978692
newOrder,12002,0,22792,1685978692
newOrder,24957,1,22792,1685978692
cancel,12002,,,1685979268
cancel,16026,,,1685979268
cancel,18075,,,1685979268
cancel,24957,,,1685979268
newOrder,16017,0,9082,1685979292
newOrder,18075,1,9082,1685979292
newOrder,9610,0,46216,1685979292
newOrder,24999,1,46216,1685979292
cancel,9610,,,1685979868
cancel,16017,,,1685979868
cancel,18075,,,1685979868
cancel,24999,,,1685979868
newOrder,16013,0,9080,1685979894
newOrder,18075,1,9080,1685979894
newOrder,9608,0,26937,1685979894
newOrder,24957,1,26937,1685979894
cancel,9608,,,1685980467
cancel,16013,,,1685980467
cancel,18075,,,1685980467
cancel,24957,,,1685980467
newOrder,15987,0,9069,1685980491
newOrder,18075,1,9069,1685980491
newOrder,9592,0,26927,1685980491
newOrder,24957,1,26927,1685980491
cancel,9592,,,1685981068
cancel,15987,,,1685981068
cancel,18075,,,1685981068
cancel,24957,,,1685981068
newOrder,15937,0,9047,1685981097
newOrder,18075,1,9047,1685981097
newOrder,9562,0,26476,1685981097
newOrder,24957,1,26476,1685981097
cancel,9562,,,1685981667
cancel,15937,,,1685981667
cancel,18075,,,1685981667
cancel,24957,,,1685981667
newOrder,15933,0,9045,1685981695
newOrder,18075,1,9045,1685981695
newOrder,12164,0,17746,1685981695
newOrder,24957,1,17746,1685981695
cancel,12164,,,1685982268
cancel,15933,,,1685982268
cancel,18075,,,1685982268
cancel,24957,,,1685982268
newOrder,15938,0,9049,1685982295
newOrder,18075,1,9049,1685982295
newOrder,12164,0,10384,1685982295
newOrder,24957,1,10384,1685982295
cancel,12164,,,1685982867
cancel,15938,,,1685982867
cancel,18075,,,1685982867
cancel,24957,,,1685982867
newOrder,15919,0,9040,1685982894
newOrder,18075,1,9040,1685982894
newOrder,9551,0,40226,1685982894
newOrder,24999,1,40226,1685982894
cancel,9551,,,1685983468
cancel,15919,,,1685983468
cancel,18075,,,1685983468
cancel,24999,,,1685983468
newOrder,15917,0,9040,1685983494
newOrder,18075,1,9040,1685983494
newOrder,9550,0,28683,1685983494
newOrder,24957,1,28683,1685983494
cancel,9550,,,1685984067
cancel,15917,,,1685984067
cancel,18075,,,1685984067
cancel,24957,,,1685984067
newOrder,15917,0,9041,1685984091
newOrder,18075,1,9041,1685984091
newOrder,15501,0,6993,1685984091
cancel,15501,,,1685984667
cancel,15917,,,1685984667
cancel,18075,,,1685984667
newOrder,15910,0,9038,1685984692
newOrder,18075,1,9038,1685984692
newOrder,9546,0,39495,1685984692
newOrder,24999,1,39495,1685984692
cancel,9546,,,1685985268
cancel,15910,,,1685985268
cancel,18075,,,1685985268
cancel,24999,,,1685985268
newOrder,15909,0,9038,1685985294
newOrder,18075,1,9038,1685985294
newOrder,9546,0,35209,1685985294
newOrder,24999,1,35209,1685985294
cancel,9546,,,1685985868
cancel,15909,,,1685985868
cancel,18075,,,1685985868
cancel,24999,,,1685985868
newOrder,15911,0,9039,1685985892
newOrder,18075,1,9039,1685985892
newOrder,9546,0,37113,1685985892
newOrder,24999,1,37113,1685985892
cancel,9546,,,1685986470
cancel,15911,,,1685986470
cancel,18075,,,1685986470
cancel,24999,,,1685986470
newOrder,15909,0,9039,1685986495
newOrder,18075,1,9039,1685986495
newOrder,9545,0,40636,1685986495
newOrder,24999,1,40636,1685986495
cancel,9545,,,1685987068
cancel,15909,,,1685987068
cancel,18075,,,1685987068
cancel,24999,,,1685987068
newOrder,15909,0,9040,1685987093
newOrder,18075,1,9040,1685987093
newOrder,12164,0,19197,1685987093
newOrder,24957,1,19197,1685987093
cancel,12164,,,1685987668
cancel,15909,,,1685987668
cancel,18075,,,1685987668
cancel,24957,,,1685987668
newOrder,15909,0,9040,1685987693
newOrder,18075,1,9040,1685987693
newOrder,9545,0,39856,1685987693
newOrder,24999,1,39856,1685987693
cancel,9545,,,1685988267
cancel,15909,,,1685988267
cancel,18075,,,1685988267
cancel,24999,,,1685988267
newOrder,15909,0,9041,1685988293
newOrder,18075,1,9041,1685988293
newOrder,9545,0,41426,1685988293
newOrder,24999,1,41426,1685988293
cancel,9545,,,1685988868
cancel,15909,,,1685988868
cancel,18075,,,1685988868
cancel,24999,,,1685988868
newOrder,15908,0,9041,1685988894
newOrder,18075,1,9041,1685988894
newOrder,12164,0,12716,1685988894
newOrder,24957,1,12716,1685988894
cancel,12164,,,1685989467
cancel,15908,,,1685989467
cancel,18075,,,1685989467
cancel,24957,,,1685989467
newOrder,15907,0,9041,1685989493
newOrder,18075,1,9041,1685989493
newOrder,9544,0,42848,1685989493
newOrder,24999,1,42848,1685989493
cancel,9544,,,1685990068
cancel,15907,,,1685990068
cancel,18075,,,1685990068
cancel,24999,,,1685990068
newOrder,15908,0,9042,1685990093
newOrder,18075,1,9042,1685990093
newOrder,9545,0,41166,1685990093
newOrder,24999,1,41166,1685990093
cancel,9545,,,1685990668
cancel,15908,,,1685990668
cancel,18075,,,1685990668
cancel,24999,,,1685990668
newOrder,15908,0,9043,1685990694
newOrder,18075,1,9043,1685990694
newOrder,12162,0,20575,1685990694
newOrder,24957,1,20575,1685990694
cancel,12162,,,1685991266
cancel,15908,,,1685991266
cancel,18075,,,1685991266
cancel,24957,,,1685991266
newOrder,15908,0,9044,1685991294
newOrder,18075,1,9044,1685991294
newOrder,12164,0,9861,1685991294
newOrder,21999,1,9861,1685991294
cancel,12164,,,1685991519
cancel,18075,,,1685991519
cancel,21999,,,1685991519
newOrder,15835,0,9010,1685991527
newOrder,18083,1,9010,1685991527
newOrder,9501,0,32468,1685991527
newOrder,24957,1,32468,1685991527
cancel,9501,,,1685991867
cancel,15835,,,1685991867
cancel,18083,,,1685991867
cancel,24957,,,1685991867
newOrder,15745,0,8958,1685991890
newOrder,18075,1,8958,1685991890
newOrder,15501,0,8084,1685991890
cancel,15501,,,1685992468
cancel,15745,,,1685992468
cancel,18075,,,1685992468
newOrder,15745,0,8958,1685992495
newOrder,18075,1,8958,1685992495
newOrder,9447,0,31204,1685992495
newOrder,24957,1,31204,1685992495
cancel,9447,,,1685993068
cancel,15745,,,1685993068
cancel,18075,,,1685993068
cancel,24957,,,1685993068
newOrder,15745,0,8959,1685993090
newOrder,18075,1,8959,1685993090
newOrder,15501,0,7377,1685993090
cancel,15501,,,1685993669
cancel,15745,,,1685993669
cancel,18075,,,1685993669
newOrder,15745,0,8959,1685993694
newOrder,18075,1,8959,1685993694
newOrder,9447,0,37666,1685993694
newOrder,24999,1,37666,1685993694
cancel,9447,,,1685994269
cancel,15745,,,1685994269
cancel,18075,,,1685994269
cancel,24999,,,1685994269
newOrder,15745,0,8960,1685994294
newOrder,18075,1,8960,1685994294
newOrder,9447,0,36218,1685994294
newOrder,24999,1,36218,1685994294
cancel,9447,,,1685994868
cancel,15745,,,1685994868
cancel,18075,,,1685994868
cancel,24999,,,1685994868
newOrder,15745,0,8961,1685994893
newOrder,18075,1,8961,1685994893
newOrder,9447,0,27431,1685994893
newOrder,24957,1,27431,1685994893
cancel,9447,,,1685995467
cancel,15745,,,1685995467
cancel,18075,,,1685995467
cancel,24957,,,1685995467
newOrder,15745,0,8961,1685995491
newOrder,18075,1,8961,1685995491
newOrder,9447,0,29536,1685995491
newOrder,24957,1,29536,1685995491
cancel,9447,,,1685996068
cancel,15745,,,1685996068
cancel,18075,,,1685996068
cancel,24957,,,1685996068
newOrder,15745,0,8962,1685996093
newOrder,18075,1,8962,1685996093
newOrder,12164,0,12943,1685996093
newOrder,24957,1,12943,1685996093
cancel,12164,,,1685996667
cancel,15745,,,1685996667
cancel,18075,,,1685996667
cancel,24957,,,1685996667
newOrder,16601,0,9278,1685996691
newOrder,18075,1,9278,1685996691
newOrder,12164,0,13149,1685996691
newOrder,24957,1,13149,1685996691
cancel,12164,,,1685997242
cancel,16601,,,1685997242
cancel,18075,,,1685997242
cancel,24957,,,1685997242
newOrder,16525,0,9266,1685997250
newOrder,18083,1,9266,1685997250
newOrder,12164,0,9670,1685997250
cancel,12164,,,1685997267
cancel,16525,,,1685997267
cancel,18083,,,1685997267
newOrder,16484,0,9256,1685997295
newOrder,18075,1,9256,1685997295
newOrder,12164,0,10074,1685997295
newOrder,21999,1,10074,1685997295
cancel,12164,,,1685997868
cancel,16484,,,1685997868
cancel,18075,,,1685997868
cancel,21999,,,1685997868
newOrder,16484,0,9257,1685997896
newOrder,18075,1,9257,1685997896
newOrder,12164,0,15882,1685997896
newOrder,24957,1,15882,1685997896
cancel,12164,,,1685998468
cancel,16484,,,1685998468
cancel,18075,,,1685998468
cancel,24957,,,1685998468
newOrder,16448,0,9249,1685998496
newOrder,18075,1,9249,1685998496
newOrder,9869,0,26449,1685998496
newOrder,24957,1,26449,1685998496
cancel,9869,,,1685999067
cancel,16448,,,1685999067
cancel,18075,,,1685999067
cancel,24957,,,1685999067
newOrder,16472,0,9256,1685999095
newOrder,18075,1,9256,1685999095
newOrder,9883,0,23861,1685999095
newOrder,24957,1,23861,1685999095
cancel,9883,,,1685999667
cancel,16472,,,1685999667
cancel,18075,,,1685999667
cancel,24957,,,1685999667
newOrder,16472,0,9256,1685999702
newOrder,18075,1,9256,1685999702
newOrder,9883,0,32319,1685999702
newOrder,24957,1,32319,1685999702
cancel,9883,,,1686000267
cancel,16472,,,1686000267
cancel,18075,,,1686000267
cancel,24957,,,1686000267
newOrder,16448,0,9251,1686000294
newOrder,18075,1,9251,1686000294
newOrder,15501,0,6764,1686000294
cancel,15501,,,1686000868
cancel,16448,,,1686000868
cancel,18075,,,1686000868
newOrder,16448,0,9252,1686000896
newOrder,18075,1,9252,1686000896
newOrder,9869,0,40854,1686000896
newOrder,24999,1,40854,1686000896
cancel,9869,,,1686001468
cancel,16448,,,1686001468
cancel,18075,,,1686001468
cancel,24999,,,1686001468
newOrder,16472,0,9258,1686001496
newOrder,18075,1,9258,1686001496
newOrder,9883,0,24511,1686001496
newOrder,24957,1,24511,1686001496
cancel,9883,,,1686002068
cancel,16472,,,1686002068
cancel,18075,,,1686002068
cancel,24957,,,1686002068
newOrder,16472,0,9259,1686002095
newOrder,18075,1,9259,1686002095
newOrder,9883,0,48022,1686002095
newOrder,24999,1,48022,1686002095
cancel,9883,,,1686002667
cancel,16472,,,1686002667
cancel,18075,,,1686002667
cancel,24999,,,1686002667
newOrder,16448,0,9254,1686002693
newOrder,18075,1,9254,1686002693
newOrder,15501,0,7844,1686002693
cancel,15501,,,1686003268
cancel,16448,,,1686003268
cancel,18075,,,1686003268
newOrder,16472,0,9261,1686003294
newOrder,18075,1,9261,1686003294
newOrder,9883,0,28594,1686003294
newOrder,24957,1,28594,1686003294
cancel,9883,,,1686003867
cancel,16472,,,1686003867
cancel,18075,,,1686003867
cancel,24957,,,1686003867
newOrder,16448,0,9256,1686003893
newOrder,18075,1,9256,1686003893
newOrder,15501,0,6753,1686003893
cancel,15501,,,1686004467
cancel,16448,,,1686004467
cancel,18075,,,1686004467
newOrder,16472,0,9262,1686004495
newOrder,18075,1,9262,1686004495
newOrder,12002,0,23202,1686004495
newOrder,24957,1,23202,1686004495
cancel,12002,,,1686005068
cancel,16472,,,1686005068
cancel,18075,,,1686005068
cancel,24957,,,1686005068
newOrder,16477,0,9264,1686005096
newOrder,18075,1,9264,1686005096
newOrder,12164,0,18905,1686005096
newOrder,24957,1,18905,1686005096
cancel,12164,,,1686005667
cancel,16477,,,1686005667
cancel,18075,,,1686005667
cancel,24957,,,1686005667
newOrder,16457,0,9260,1686005696
newOrder,18075,1,9260,1686005696
newOrder,9874,0,48736,1686005696
newOrder,24999,1,48736,1686005696
cancel,9874,,,1686006267
cancel,16457,,,1686006267
cancel,18075,,,1686006267
cancel,24999,,,1686006267
newOrder,16457,0,9261,1686006295
newOrder,18075,1,9261,1686006295
newOrder,9874,0,36167,1686006295
newOrder,24999,1,36167,1686006295
cancel,9874,,,1686006868
cancel,16457,,,1686006868
cancel,18075,,,1686006868
cancel,24999,,,1686006868
newOrder,16457,0,9261,1686006895
newOrder,18075,1,9261,1686006895
newOrder,9874,0,23574,1686006895
newOrder,24957,1,23574,1686006895
cancel,9874,,,1686007467
cancel,16457,,,1686007467
cancel,18075,,,1686007467
cancel,24957,,,1686007467
newOrder,16459,0,9263,1686007493
newOrder,18075,1,9263,1686007493
newOrder,9875,0,24605,1686007493
newOrder,24957,1,24605,1686007493
cancel,9875,,,1686008069
cancel,16459,,,1686008069
cancel,18075,,,1686008069
cancel,24957,,,1686008069
newOrder,16486,0,9270,1686008097
newOrder,18075,1,9270,1686008097
newOrder,9891,0,43007,1686008097
newOrder,24999,1,43007,1686008097
cancel,9891,,,1686008667
cancel,16486,,,1686008667
cancel,18075,,,1686008667
cancel,24999,,,1686008667
newOrder,16489,0,9271,1686008694
newOrder,18075,1,9271,1686008694
newOrder,12164,0,15529,1686008694
newOrder,24957,1,15529,1686008694
cancel,12164,,,1686009268
cancel,16489,,,1686009268
cancel,18075,,,1686009268
cancel,24957,,,1686009268
newOrder,16489,0,9272,1686009294
newOrder,18075,1,9272,1686009294
newOrder,9894,0,43750,1686009294
newOrder,24999,1,43750,1686009294
cancel,9894,,,1686009868
cancel,16489,,,1686009868
cancel,18075,,,1686009868
cancel,24999,,,1686009868
newOrder,16489,0,9273,1686009892
newOrder,18075,1,9273,1686009892
newOrder,12164,0,9659,1686009892
cancel,12164,,,1686010468
cancel,16489,,,1686010468
cancel,18075,,,1686010468
newOrder,16489,0,9273,1686010496
newOrder,18075,1,9273,1686010496
newOrder,15501,0,8612,1686010496
cancel,15501,,,1686011068
cancel,16489,,,1686011068
cancel,18075,,,1686011068
newOrder,16489,0,9274,1686011096
newOrder,18075,1,9274,1686011096
newOrder,12164,0,18996,1686011096
newOrder,24957,1,18996,1686011096
cancel,12164,,,1686011667
cancel,16489,,,1686011667
cancel,18075,,,1686011667
cancel,24957,,,1686011667
newOrder,16489,0,9275,1686011695
newOrder,18075,1,9275,1686011695
newOrder,12164,0,18214,1686011695
newOrder,24957,1,18214,1686011695
cancel,12164,,,1686012269
cancel,16489,,,1686012269
cancel,18075,,,1686012269
cancel,24957,,,1686012269
newOrder,16489,0,9276,1686012295
newOrder,18075,1,9276,1686012295
newOrder,12162,0,19916,1686012295
newOrder,24957,1,19916,1686012295
cancel,12162,,,1686012868
cancel,16489,,,1686012868
cancel,18075,,,1686012868
cancel,24957,,,1686012868
newOrder,16489,0,9276,1686012895
newOrder,18075,1,9276,1686012895
newOrder,9894,0,43263,1686012895
newOrder,24999,1,43263,1686012895
cancel,9894,,,1686013467
cancel,16489,,,1686013467
cancel,18075,,,1686013467
cancel,24999,,,1686013467
newOrder,16489,0,9277,1686013494
newOrder,18075,1,9277,1686013494
newOrder,15501,0,6695,1686013494
cancel,15501,,,1686014067
cancel,16489,,,1686014067
cancel,18075,,,1686014067
newOrder,16489,0,9278,1686014095
newOrder,18075,1,9278,1686014095
newOrder,9894,0,49953,1686014095
newOrder,24999,1,49953,1686014095
cancel,9894,,,1686014668
cancel,16489,,,1686014668
cancel,18075,,,1686014668
cancel,24999,,,1686014668
newOrder,16489,0,9279,1686014694
newOrder,18075,1,9279,1686014694
newOrder,9894,0,27967,1686014694
newOrder,24957,1,27967,1686014694
cancel,9894,,,1686015268
cancel,16489,,,1686015268
cancel,18075,,,1686015268
cancel,24957,,,1686015268
newOrder,16513,0,9284,1686015298
newOrder,18075,1,9284,1686015298
newOrder,9908,0,41903,1686015298
newOrder,24999,1,41903,1686015298
cancel,9908,,,1686015867
cancel,16513,,,1686015867
cancel,18075,,,1686015867
cancel,24999,,,1686015867
newOrder,16491,0,9280,1686015896
newOrder,18075,1,9280,1686015896
newOrder,9894,0,31904,1686015896
newOrder,24957,1,31904,1686015896
cancel,9894,,,1686016468
cancel,16491,,,1686016468
cancel,18075,,,1686016468
cancel,24957,,,1686016468
newOrder,16490,0,9281,1686016497
newOrder,18075,1,9281,1686016497
newOrder,12164,0,11798,1686016497
newOrder,24957,1,11798,1686016497
cancel,12164,,,1686017068
cancel,16490,,,1686017068
cancel,18075,,,1686017068
cancel,24957,,,1686017068
newOrder,16490,0,9282,1686017095
newOrder,18075,1,9282,1686017095
newOrder,15501,0,5766,1686017095
cancel,15501,,,1686017667
cancel,16490,,,1686017667
cancel,18075,,,1686017667
newOrder,16489,0,9282,1686017696
newOrder,18075,1,9282,1686017696
newOrder,9894,0,32458,1686017696
newOrder,24957,1,32458,1686017696
cancel,9894,,,1686018267
cancel,16489,,,1686018267
cancel,18075,,,1686018267
cancel,24957,,,1686018267
newOrder,16490,0,9283,1686018297
newOrder,18075,1,9283,1686018297
newOrder,9894,0,39052,1686018297
newOrder,24999,1,39052,1686018297
cancel,9894,,,1686018868
cancel,16490,,,1686018868
cancel,18075,,,1686018868
cancel,24999,,,1686018868
newOrder,16516,0,9290,1686018896
newOrder,18075,1,9290,1686018896
newOrder,9910,0,26332,1686018896
newOrder,24957,1,26332,1686018896
cancel,9910,,,1686019467
cancel,16516,,,1686019467
cancel,18075,,,1686019467
cancel,24957,,,1686019467
newOrder,16518,0,9291,1686019495
newOrder,18075,1,9291,1686019495
newOrder,9911,0,42484,1686019495
newOrder,24999,1,42484,1686019495
cancel,9911,,,1686020066
cancel,16518,,,1686020066
cancel,18075,,,1686020066
cancel,24999,,,1686020066
newOrder,16518,0,9292,1686020098
newOrder,18075,1,9292,1686020098
newOrder,9911,0,34482,1686020098
newOrder,24957,1,34482,1686020098
cancel,9911,,,1686020667
cancel,16518,,,1686020667
cancel,18075,,,1686020667
cancel,24957,,,1686020667
newOrder,16518,0,9292,1686020697
newOrder,18075,1,9292,1686020697
newOrder,12164,0,13074,1686020697
newOrder,24957,1,13074,1686020697
cancel,12164,,,1686021267
cancel,16518,,,1686021267
cancel,18075,,,1686021267
cancel,24957,,,1686021267
newOrder,16518,0,9293,1686021294
newOrder,18075,1,9293,1686021294
newOrder,12501,0,9400,1686021294
cancel,12501,,,1686021868
cancel,16518,,,1686021868
cancel,18075,,,1686021868
newOrder,16518,0,9294,1686021898
newOrder,18075,1,9294,1686021898
newOrder,12164,0,13519,1686021898
newOrder,24957,1,13519,1686021898
cancel,12164,,,1686022468
cancel,16518,,,1686022468
cancel,18075,,,1686022468
cancel,24957,,,1686022468
newOrder,16518,0,9295,1686022495
newOrder,18075,1,9295,1686022495
newOrder,9911,0,42892,1686022495
newOrder,24999,1,42892,1686022495
cancel,9911,,,1686023067
cancel,16518,,,1686023067
cancel,18075,,,1686023067
cancel,24999,,,1686023067
newOrder,16518,0,9295,1686023094
newOrder,18075,1,9295,1686023094
newOrder,12164,0,15019,1686023094
newOrder,24957,1,15019,1686023094
cancel,12164,,,1686023668
cancel,16518,,,1686023668
cancel,18075,,,1686023668
cancel,24957,,,1686023668
newOrder,16518,0,9296,1686023694
newOrder,18075,1,9296,1686023694
newOrder,12164,0,14767,1686023694
newOrder,24957,1,14767,1686023694
cancel,12164,,,1686024268
cancel,16518,,,1686024268
cancel,18075,,,1686024268
cancel,24957,,,1686024268
newOrder,16518,0,9297,1686024297
newOrder,18075,1,9297,1686024297
newOrder,15501,0,6368,1686024297
cancel,15501,,,1686024867
cancel,16518,,,1686024867
cancel,18075,,,1686024867
newOrder,16518,0,9298,1686024895
newOrder,18075,1,9298,1686024895
newOrder,12164,0,12439,1686024895
newOrder,24957,1,12439,1686024895
cancel,12164,,,1686025467
cancel,16518,,,1686025467
cancel,18075,,,1686025467
cancel,24957,,,1686025467
newOrder,16518,0,9298,1686025494
newOrder,18075,1,9298,1686025494
newOrder,9911,0,27571,1686025494
newOrder,24957,1,27571,1686025494
cancel,9911,,,1686026074
cancel,16518,,,1686026074
cancel,18075,,,1686026074
cancel,24957,,,1686026074
newOrder,16518,0,9299,1686026102
newOrder,18075,1,9299,1686026102
newOrder,9911,0,33623,1686026102
newOrder,24957,1,33623,1686026102
cancel,9911,,,1686026667
cancel,16518,,,1686026667
cancel,18075,,,1686026667
cancel,24957,,,1686026667
newOrder,16518,0,9300,1686026696
newOrder,18075,1,9300,1686026696
newOrder,12164,0,12896,1686026696
newOrder,24957,1,12896,1686026696
cancel,12164,,,1686027267
cancel,16518,,,1686027267
cancel,18075,,,1686027267
cancel,24957,,,1686027267
newOrder,16518,0,9301,1686027294
newOrder,18075,1,9301,1686027294
newOrder,12164,0,11814,1686027294
newOrder,24957,1,11814,1686027294
cancel,12164,,,1686027868
cancel,16518,,,1686027868
cancel,18075,,,1686027868
cancel,24957,,,1686027868
newOrder,16518,0,9301,1686027894
newOrder,18075,1,9301,1686027894
newOrder,9911,0,39585,1686027894
newOrder,24999,1,39585,1686027894
cancel,9911,,,1686028467
cancel,16518,,,1686028467
cancel,18075,,,1686028467
cancel,24999,,,1686028467
newOrder,16494,0,9297,1686028494
newOrder,18075,1,9297,1686028494
newOrder,12164,0,10742,1686028494
newOrder,24957,1,10742,1686028494
cancel,12164,,,1686029067
cancel,16494,,,1686029067
cancel,18075,,,1686029067
cancel,24957,,,1686029067
newOrder,16495,0,9298,1686029094
newOrder,18075,1,9298,1686029094
newOrder,9897,0,48211,1686029094
newOrder,24999,1,48211,1686029094
cancel,9897,,,1686029667
cancel,16495,,,1686029667
cancel,18075,,,1686029667
cancel,24999,,,1686029667
newOrder,16494,0,9298,1686029693
newOrder,18075,1,9298,1686029693
newOrder,12013,0,22262,1686029693
newOrder,24957,1,22262,1686029693
cancel,12013,,,1686030267
cancel,16494,,,1686030267
cancel,18075,,,1686030267
cancel,24957,,,1686030267
newOrder,16495,0,9299,1686030294
newOrder,18075,1,9299,1686030294
newOrder,9897,0,44193,1686030294
newOrder,24999,1,44193,1686030294
cancel,9897,,,1686030867
cancel,16495,,,1686030867
cancel,18075,,,1686030867
cancel,24999,,,1686030867
newOrder,16494,0,9300,1686030897
newOrder,18075,1,9300,1686030897
newOrder,12013,0,22785,1686030897
newOrder,24957,1,22785,1686030897
cancel,12013,,,1686031468
cancel,16494,,,1686031468
cancel,18075,,,1686031468
cancel,24957,,,1686031468
newOrder,16494,0,9300,1686031494
newOrder,18075,1,9300,1686031494
newOrder,9896,0,33648,1686031494
newOrder,24957,1,33648,1686031494
cancel,9896,,,1686032067
cancel,16494,,,1686032067
cancel,18075,,,1686032067
cancel,24957,,,1686032067
newOrder,16495,0,9301,1686032093
newOrder,18075,1,9301,1686032093
newOrder,12164,0,10969,1686032093
newOrder,24957,1,10969,1686032093
cancel,12164,,,1686032667
cancel,16495,,,1686032667
cancel,18075,,,1686032667
cancel,24957,,,1686032667
newOrder,16495,0,9302,1686032698
newOrder,18075,1,9302,1686032698
newOrder,12164,0,15984,1686032698
newOrder,24957,1,15984,1686032698
cancel,12164,,,1686033267
cancel,16495,,,1686033267
cancel,18075,,,1686033267
cancel,24957,,,1686033267
newOrder,16495,0,9303,1686033294
newOrder,18075,1,9303,1686033294
newOrder,9897,0,37067,1686033294
newOrder,24999,1,37067,1686033294
cancel,9897,,,1686033867
cancel,16495,,,1686033867
cancel,18075,,,1686033867
cancel,24999,,,1686033867
newOrder,16495,0,9304,1686033894
newOrder,18075,1,9304,1686033894
newOrder,9897,0,24232,1686033894
newOrder,24957,1,24232,1686033894
cancel,9897,,,1686034467
cancel,16495,,,1686034467
cancel,18075,,,1686034467
cancel,24957,,,1686034467
newOrder,16495,0,9304,1686034493
newOrder,18075,1,9304,1686034493
newOrder,12164,0,18241,1686034493
newOrder,24957,1,18241,1686034493
cancel,12164,,,1686035067
cancel,16495,,,1686035067
cancel,18075,,,1686035067
cancel,24957,,,1686035067
newOrder,16495,0,9305,1686035093
newOrder,18075,1,9305,1686035093
newOrder,9897,0,34538,1686035093
newOrder,24957,1,34538,1686035093
cancel,9897,,,1686035668
cancel,16495,,,1686035668
cancel,18075,,,1686035668
cancel,24957,,,1686035668
newOrder,16495,0,9306,1686035695
newOrder,18075,1,9306,1686035695
newOrder,12164,0,10144,1686035695
newOrder,23556,1,10144,1686035695
cancel,12164,,,1686036267
cancel,16495,,,1686036267
cancel,18075,,,1686036267
cancel,23556,,,1686036267
newOrder,16497,0,9307,1686036295
newOrder,18075,1,9307,1686036295
newOrder,9898,0,37493,1686036295
newOrder,24999,1,37493,1686036295
cancel,9898,,,1686036867
cancel,16497,,,1686036867
cancel,18075,,,1686036867
cancel,24999,,,1686036867
newOrder,16523,0,9314,1686036894
newOrder,18075,1,9314,1686036894
newOrder,9914,0,30105,1686036894
newOrder,24957,1,30105,1686036894
cancel,9914,,,1686037468
cancel,16523,,,1686037468
cancel,18075,,,1686037468
cancel,24957,,,1686037468
newOrder,16523,0,9314,1686037496
newOrder,18075,1,9314,1686037496
newOrder,9914,0,41100,1686037496
newOrder,24999,1,41100,1686037496
cancel,9914,,,1686038067
cancel,16523,,,1686038067
cancel,18075,,,1686038067
cancel,24999,,,1686038067
newOrder,16523,0,9315,1686038094
newOrder,18075,1,9315,1686038094
newOrder,12164,0,14902,1686038094
newOrder,24957,1,14902,1686038094
cancel,12164,,,1686038667
cancel,16523,,,1686038667
cancel,18075,,,1686038667
cancel,24957,,,1686038667
newOrder,16525,0,9316,1686038695
newOrder,18075,1,9316,1686038695
newOrder,9915,0,41454,1686038695
newOrder,24999,1,41454,1686038695
cancel,9915,,,1686039268
cancel,16525,,,1686039268
cancel,18075,,,1686039268
cancel,24999,,,1686039268
newOrder,16525,0,9317,1686039296
newOrder,18075,1,9317,1686039296
newOrder,12164,0,10882,1686039296
newOrder,24957,1,10882,1686039296
cancel,12164,,,1686039867
cancel,16525,,,1686039867
cancel,18075,,,1686039867
cancel,24957,,,1686039867
newOrder,16525,0,9318,1686039892
newOrder,18075,1,9318,1686039892
newOrder,12501,0,9417,1686039892
cancel,12501,,,1686040467
cancel,16525,,,1686040467
cancel,18075,,,1686040467
newOrder,16525,0,9319,1686040493
newOrder,18075,1,9319,1686040493
newOrder,9915,0,29492,1686040493
newOrder,24957,1,29492,1686040493
cancel,9915,,,1686041067
cancel,16525,,,1686041067
cancel,18075,,,1686041067
cancel,24957,,,1686041067
newOrder,16525,0,9319,1686041097
newOrder,18075,1,9319,1686041097
newOrder,9915,0,35997,1686041097
newOrder,24999,1,35997,1686041097
cancel,9915,,,1686041667
cancel,16525,,,1686041667
cancel,18075,,,1686041667
cancel,24999,,,1686041667
newOrder,16525,0,9320,1686041695
newOrder,18075,1,9320,1686041695
newOrder,12164,0,16439,1686041695
newOrder,24957,1,16439,1686041695
newOrder,16551,0,9326,1686042370
newOrder,18075,1,9326,1686042370
newOrder,12164,0,43892,1686042370
newOrder,24957,1,43892,1686042370
cancel,12164,,,1686042867
cancel,12164,,,1686042867
cancel,16525,,,1686042867
cancel,16551,,,1686042867
cancel,18075,,,1686042867
cancel,18075,,,1686042867
cancel,24957,,,1686042867
cancel,24957,,,1686042867
newOrder,16525,0,9322,1686042894
newOrder,18075,1,9322,1686042894
newOrder,12164,0,16969,1686042894
newOrder,24957,1,16969,1686042894
cancel,12164,,,1686043467
cancel,16525,,,1686043467
cancel,18075,,,1686043467
cancel,24957,,,1686043467
newOrder,16525,0,9322,1686043494
newOrder,18075,1,9322,1686043494
newOrder,12164,0,19274,1686043494
newOrder,24957,1,19274,1686043494
cancel,12164,,,1686044067
cancel,16525,,,1686044067
cancel,18075,,,1686044067
cancel,24957,,,1686044067
newOrder,16525,0,9323,1686044095
newOrder,18075,1,9323,1686044095
newOrder,9915,0,32012,1686044095
newOrder,24957,1,32012,1686044095
cancel,9915,,,1686044667
cancel,16525,,,1686044667
cancel,18075,,,1686044667
cancel,24957,,,1686044667
newOrder,16525,0,9324,1686044694
newOrder,18075,1,9324,1686044694
newOrder,12164,0,18092,1686044694
newOrder,24957,1,18092,1686044694
cancel,12164,,,1686045267
cancel,16525,,,1686045267
cancel,18075,,,1686045267
cancel,24957,,,1686045267
newOrder,16525,0,9325,1686045293
newOrder,18075,1,9325,1686045293
newOrder,9915,0,34355,1686045293
newOrder,24957,1,34355,1686045293
cancel,9915,,,1686045868
cancel,16525,,,1686045868
cancel,18075,,,1686045868
cancel,24957,,,1686045868
newOrder,16525,0,9325,1686045895
newOrder,18075,1,9325,1686045895
newOrder,9915,0,29231,1686045895
newOrder,24957,1,29231,1686045895
cancel,9915,,,1686046467
cancel,16525,,,1686046467
cancel,18075,,,1686046467
cancel,24957,,,1686046467
newOrder,16527,0,9327,1686046496
newOrder,18075,1,9327,1686046496
newOrder,12164,0,10418,1686046496
newOrder,24957,1,10418,1686046496
cancel,12164,,,1686047067
cancel,16527,,,1686047067
cancel,18075,,,1686047067
cancel,24957,,,1686047067
newOrder,16527,0,9327,1686047096
newOrder,18075,1,9327,1686047096
newOrder,9916,0,28663,1686047096
newOrder,24957,1,28663,1686047096
cancel,9916,,,1686047667
cancel,16527,,,1686047667
cancel,18075,,,1686047667
cancel,24957,,,1686047667
newOrder,16527,0,9328,1686047695
newOrder,18075,1,9328,1686047695
newOrder,12164,0,19287,1686047695
newOrder,24957,1,19287,1686047695
cancel,12164,,,1686048267
cancel,16527,,,1686048267
cancel,18075,,,1686048267
cancel,24957,,,1686048267
newOrder,16527,0,9329,1686048293
newOrder,18075,1,9329,1686048293
newOrder,9916,0,31521,1686048293
newOrder,24957,1,31521,1686048293
cancel,9916,,,1686048867
cancel,16527,,,1686048867
cancel,18075,,,1686048867
cancel,24957,,,1686048867
newOrder,16527,0,9330,1686048896
newOrder,18075,1,9330,1686048896
newOrder,9916,0,38408,1686048896
newOrder,24999,1,38408,1686048896
cancel,9916,,,1686049467
cancel,16527,,,1686049467
cancel,18075,,,1686049467
cancel,24999,,,1686049467
newOrder,16527,0,9330,1686049493
newOrder,18075,1,9330,1686049493
newOrder,15501,0,5832,1686049493
cancel,15501,,,1686050068
cancel,16527,,,1686050068
cancel,18075,,,1686050068
newOrder,16527,0,9331,1686050096
newOrder,18075,1,9331,1686050096
newOrder,9916,0,43751,1686050096
newOrder,24999,1,43751,1686050096
cancel,9916,,,1686050668
cancel,16527,,,1686050668
cancel,18075,,,1686050668
cancel,24999,,,1686050668
newOrder,16527,0,9332,1686050696
newOrder,18075,1,9332,1686050696
newOrder,9916,0,35069,1686050696
newOrder,24999,1,35069,1686050696
cancel,9916,,,1686051267
cancel,16527,,,1686051267
cancel,18075,,,1686051267
cancel,24999,,,1686051267
newOrder,16527,0,9333,1686051294
newOrder,18075,1,9333,1686051294
newOrder,9916,0,45187,1686051294
newOrder,24999,1,45187,1686051294
cancel,9916,,,1686051867
cancel,16527,,,1686051867
cancel,18075,,,1686051867
cancel,24999,,,1686051867
newOrder,16527,0,9333,1686051893
newOrder,18075,1,9333,1686051893
newOrder,9916,0,32199,1686051893
newOrder,24957,1,32199,1686051893
cancel,9916,,,1686052468
cancel,16527,,,1686052468
cancel,18075,,,1686052468
cancel,24957,,,1686052468
newOrder,16527,0,9334,1686052495
newOrder,18075,1,9334,1686052495
newOrder,12164,0,13051,1686052495
newOrder,24957,1,13051,1686052495
cancel,12164,,,1686053068
cancel,16527,,,1686053068
cancel,18075,,,1686053068
cancel,24957,,,1686053068
newOrder,16527,0,9335,1686053094
newOrder,18075,1,9335,1686053094
newOrder,12164,0,12306,1686053094
newOrder,24957,1,12306,1686053094