instruction,price,side,qty,time
cancel,12089,,,1681560924
cancel,18926,,,1681560924
cancel,19066,,,1681560924
cancel,24999,,,1681560924
newOrder,18926,0,10095,1681560953
newOrder,19066,1,10095,1681560953
newOrder,12089,0,35112,1681560953
newOrder,24999,1,35112,1681560953
cancel,12089,,,1681561524
cancel,18926,,,1681561524
cancel,19066,,,1681561524
cancel,24999,,,1681561524
newOrder,18925,0,10097,1681561552
newOrder,19066,1,10097,1681561552
newOrder,12089,0,34298,1681561552
newOrder,24999,1,34298,1681561552
cancel,12089,,,1681562124
cancel,18925,,,1681562124
cancel,19066,,,1681562124
cancel,24999,,,1681562124
newOrder,18926,0,10098,1681562153
newOrder,19066,1,10098,1681562153
newOrder,15106,0,12455,1681562153
newOrder,24999,1,12455,1681562153
cancel,15106,,,1681562724
cancel,18926,,,1681562724
cancel,19066,,,1681562724
cancel,24999,,,1681562724
newOrder,18924,0,10101,1681562752
newOrder,19066,1,10101,1681562752
newOrder,15106,0,11231,1681562752
newOrder,24499,1,11231,1681562752
cancel,15106,,,1681563326
cancel,18924,,,1681563326
cancel,19066,,,1681563326
cancel,24499,,,1681563326
newOrder,18924,0,10103,1681563355
newOrder,19066,1,10103,1681563355
newOrder,12089,0,51078,1681563355
newOrder,24999,1,51078,1681563355
cancel,12089,,,1681563924
cancel,18924,,,1681563924
cancel,19066,,,1681563924
cancel,24999,,,1681563924
newOrder,18867,0,10151,1681563953
newOrder,19066,1,10151,1681563953
newOrder,12089,0,25019,1681563953
newOrder,24999,1,25019,1681563953
cancel,12089,,,1681564524
cancel,18867,,,1681564524
cancel,19066,,,1681564524
cancel,24999,,,1681564524
newOrder,18866,0,10153,1681564554
newOrder,19066,1,10153,1681564554
newOrder,12089,0,26013,1681564554
newOrder,24999,1,26013,1681564554
cancel,12089,,,1681565124
cancel,18866,,,1681565124
cancel,19066,,,1681565124
cancel,24999,,,1681565124
newOrder,18866,0,10154,1681565153
newOrder,19066,1,10154,1681565153
newOrder,12003,0,52941,1681565153
newOrder,24999,1,52941,1681565153
cancel,12003,,,1681565724
cancel,18866,,,1681565724
cancel,19066,,,1681565724
cancel,24999,,,1681565724
newOrder,18865,0,10156,1681565753
newOrder,19066,1,10156,1681565753
newOrder,12089,0,24468,1681565753
newOrder,24999,1,24468,1681565753
cancel,12089,,,1681566324
cancel,18865,,,1681566324
cancel,19066,,,1681566324
cancel,24999,,,1681566324
newOrder,18868,0,10156,1681566351
newOrder,19066,1,10156,1681566351
newOrder,12089,0,31226,1681566351
newOrder,24999,1,31226,1681566351
cancel,12089,,,1681566924
cancel,18868,,,1681566924
cancel,19066,,,1681566924
cancel,24999,,,1681566924
newOrder,18866,0,10159,1681566952
newOrder,19066,1,10159,1681566952
newOrder,15106,0,14011,1681566952
newOrder,24999,1,14011,1681566952
cancel,15106,,,1681567524
cancel,18866,,,1681567524
cancel,19066,,,1681567524
cancel,24999,,,1681567524
newOrder,18865,0,10161,1681567553
newOrder,19066,1,10161,1681567553
newOrder,12089,0,32269,1681567553
newOrder,24999,1,32269,1681567553
cancel,12089,,,1681568125
cancel,18865,,,1681568125
cancel,19066,,,1681568125
cancel,24999,,,1681568125
newOrder,18865,0,10162,1681568156
newOrder,19066,1,10162,1681568156
newOrder,15001,0,17634,1681568156
newOrder,24999,1,17634,1681568156
cancel,15001,,,1681568724
cancel,18865,,,1681568724
cancel,19066,,,1681568724
cancel,24999,,,1681568724
newOrder,18864,0,10164,1681568753
newOrder,19066,1,10164,1681568753
newOrder,15106,0,11248,1681568753
newOrder,24499,1,11248,1681568753
cancel,15106,,,1681569324
cancel,18864,,,1681569324
cancel,19066,,,1681569324
cancel,24499,,,1681569324
newOrder,18864,0,10165,1681569353
newOrder,19066,1,10165,1681569353
newOrder,12003,0,52905,1681569353
newOrder,24999,1,52905,1681569353
cancel,12003,,,1681569924
cancel,18864,,,1681569924
cancel,19066,,,1681569924
cancel,24999,,,1681569924
newOrder,18865,0,10167,1681569952
newOrder,19066,1,10167,1681569952
newOrder,12089,0,50338,1681569952
newOrder,24999,1,50338,1681569952
cancel,12089,,,1681570524
cancel,18865,,,1681570524
cancel,19066,,,1681570524
cancel,24999,,,1681570524
newOrder,18879,0,10157,1681570553
newOrder,19066,1,10157,1681570553
newOrder,12089,0,29424,1681570553
newOrder,24999,1,29424,1681570553
cancel,12089,,,1681571124
cancel,18879,,,1681571124
cancel,19066,,,1681571124
cancel,24999,,,1681571124
newOrder,18878,0,10159,1681571153
newOrder,19066,1,10159,1681571153
newOrder,12089,0,32066,1681571153
newOrder,24999,1,32066,1681571153
cancel,12089,,,1681571724
cancel,18878,,,1681571724
cancel,19066,,,1681571724
cancel,24999,,,1681571724
newOrder,18934,0,10030,1681571753
newOrder,19165,1,10030,1681571753
newOrder,12089,0,27835,1681571753
newOrder,24999,1,27835,1681571753
cancel,12089,,,1681572324
cancel,18934,,,1681572324
cancel,19165,,,1681572324
cancel,24999,,,1681572324
newOrder,18934,0,10031,1681572353
newOrder,19165,1,10031,1681572353
newOrder,15106,0,8260,1681572353
newOrder,21899,1,8260,1681572353
cancel,15106,,,1681572923
cancel,18934,,,1681572923
cancel,19165,,,1681572923
cancel,21899,,,1681572923
newOrder,18934,0,10033,1681572956
newOrder,19165,1,10033,1681572956
newOrder,12101,0,21345,1681572956
newOrder,24999,1,21345,1681572956
cancel,12101,,,1681573524
cancel,18934,,,1681573524
cancel,19165,,,1681573524
cancel,24999,,,1681573524
newOrder,18934,0,10034,1681573553
newOrder,19165,1,10034,1681573553
newOrder,12089,0,40236,1681573553
newOrder,24999,1,40236,1681573553
cancel,12089,,,1681574124
cancel,18934,,,1681574124
cancel,19165,,,1681574124
cancel,24999,,,1681574124
newOrder,18934,0,10035,1681574153
newOrder,19165,1,10035,1681574153
newOrder,12089,0,36788,1681574153
newOrder,24999,1,36788,1681574153
cancel,12089,,,1681574725
cancel,18934,,,1681574725
cancel,19165,,,1681574725
cancel,24999,,,1681574725
newOrder,18934,0,10037,1681574752
newOrder,19165,1,10037,1681574752
newOrder,15106,0,7736,1681574752
newOrder,21899,1,7736,1681574752
cancel,15106,,,1681575324
cancel,18934,,,1681575324
cancel,19165,,,1681575324
cancel,21899,,,1681575324
newOrder,18934,0,10038,1681575352
newOrder,19165,1,10038,1681575352
newOrder,15106,0,15335,1681575352
newOrder,24999,1,15335,1681575352
cancel,15106,,,1681575924
cancel,18934,,,1681575924
cancel,19165,,,1681575924
cancel,24999,,,1681575924
newOrder,18934,0,10040,1681575954
newOrder,19165,1,10040,1681575954
newOrder,12089,0,44608,1681575954
newOrder,24999,1,44608,1681575954
cancel,12089,,,1681576524
cancel,18934,,,1681576524
cancel,19165,,,1681576524
cancel,24999,,,1681576524
newOrder,18934,0,10077,1681576551
newOrder,19124,1,10077,1681576551
newOrder,12089,0,34025,1681576551
newOrder,24999,1,34025,1681576551
cancel,12089,,,1681577124
cancel,18934,,,1681577124
cancel,19124,,,1681577124
cancel,24999,,,1681577124
newOrder,18934,0,10078,1681577152
newOrder,19124,1,10078,1681577152
newOrder,15106,0,7798,1681577152
newOrder,21899,1,7798,1681577152
cancel,15106,,,1681577724
cancel,18934,,,1681577724
cancel,19124,,,1681577724
cancel,21899,,,1681577724
newOrder,18934,0,10080,1681577754
newOrder,19124,1,10080,1681577754
newOrder,12089,0,36831,1681577754
newOrder,24999,1,36831,1681577754
cancel,12089,,,1681578324
cancel,18934,,,1681578324
cancel,19124,,,1681578324
cancel,24999,,,1681578324
newOrder,18934,0,10081,1681578353
newOrder,19124,1,10081,1681578353
newOrder,12089,0,44200,1681578353
newOrder,24999,1,44200,1681578353
cancel,12089,,,1681578924
cancel,18934,,,1681578924
cancel,19124,,,1681578924
cancel,24999,,,1681578924
newOrder,18934,0,10082,1681578952
newOrder,19124,1,10082,1681578952
newOrder,12101,0,22187,1681578952
newOrder,24999,1,22187,1681578952
cancel,12101,,,1681579524
cancel,18934,,,1681579524
cancel,19124,,,1681579524
cancel,24999,,,1681579524
newOrder,18934,0,10084,1681579553
newOrder,19124,1,10084,1681579553
newOrder,15106,0,6363,1681579553
newOrder,21899,1,6363,1681579553
cancel,15106,,,1681580124
cancel,18934,,,1681580124
cancel,19124,,,1681580124
cancel,21899,,,1681580124
newOrder,18934,0,10085,1681580151
newOrder,19124,1,10085,1681580151
newOrder,12089,0,46082,1681580151
newOrder,24999,1,46082,1681580151
cancel,12089,,,1681580726
cancel,18934,,,1681580726
cancel,19124,,,1681580726
cancel,24999,,,1681580726
newOrder,18934,0,10087,1681580754
newOrder,19124,1,10087,1681580754
newOrder,12089,0,32183,1681580754
newOrder,24999,1,32183,1681580754
cancel,12089,,,1681581324
cancel,18934,,,1681581324
cancel,19124,,,1681581324
cancel,24999,,,1681581324
newOrder,18934,0,10088,1681581352
newOrder,19124,1,10088,1681581352
newOrder,12089,0,49463,1681581352
newOrder,24999,1,49463,1681581352
cancel,12089,,,1681581924
cancel,18934,,,1681581924
cancel,19124,,,1681581924
cancel,24999,,,1681581924
newOrder,18934,0,10089,1681581952
newOrder,19124,1,10089,1681581952
newOrder,15106,0,15857,1681581952
newOrder,24999,1,15857,1681581952
cancel,15106,,,1681582525
cancel,18934,,,1681582525
cancel,19124,,,1681582525
cancel,24999,,,1681582525
newOrder,18891,0,10176,1681582553
newOrder,19066,1,10176,1681582553
newOrder,12089,0,33928,1681582553
newOrder,24999,1,33928,1681582553
cancel,12089,,,1681583124
cancel,18891,,,1681583124
cancel,19066,,,1681583124
cancel,24999,,,1681583124
newOrder,18891,0,10177,1681583152
newOrder,19066,1,10177,1681583152
newOrder,12089,0,44256,1681583152
newOrder,24999,1,44256,1681583152
cancel,12089,,,1681583725
cancel,18891,,,1681583725
cancel,19066,,,1681583725
cancel,24999,,,1681583725
newOrder,18892,0,10177,1681583754
newOrder,19066,1,10177,1681583754
newOrder,12089,0,45471,1681583754
newOrder,24999,1,45471,1681583754
cancel,12089,,,1681584324
cancel,18892,,,1681584324
cancel,19066,,,1681584324
cancel,24999,,,1681584324
newOrder,18891,0,10179,1681584353
newOrder,19066,1,10179,1681584353
newOrder,12089,0,34917,1681584353
newOrder,24999,1,34917,1681584353
cancel,12089,,,1681584925
cancel,18891,,,1681584925
cancel,19066,,,1681584925
cancel,24999,,,1681584925
newOrder,18892,0,10180,1681584953
newOrder,19066,1,10180,1681584953
newOrder,15106,0,7203,1681584953
newOrder,21899,1,7203,1681584953
cancel,15106,,,1681585524
cancel,18892,,,1681585524
cancel,19066,,,1681585524
cancel,21899,,,1681585524
newOrder,18902,0,10173,1681585553
newOrder,19066,1,10173,1681585553
newOrder,12101,0,20391,1681585553
newOrder,24999,1,20391,1681585553
cancel,12101,,,1681586125
cancel,18902,,,1681586125
cancel,19066,,,1681586125
cancel,24999,,,1681586125
newOrder,18904,0,10173,1681586160
newOrder,19066,1,10173,1681586160
newOrder,12089,0,47329,1681586160
newOrder,24999,1,47329,1681586160
cancel,12089,,,1681586724
cancel,18904,,,1681586724
cancel,19066,,,1681586724
cancel,24999,,,1681586724
newOrder,18904,0,10175,1681586751
newOrder,19066,1,10175,1681586751
newOrder,12089,0,49354,1681586751
newOrder,24999,1,49354,1681586751
cancel,12089,,,1681587324
cancel,18904,,,1681587324
cancel,19066,,,1681587324
cancel,24999,,,1681587324
newOrder,18905,0,10176,1681587351
newOrder,19066,1,10176,1681587351
newOrder,12089,0,35323,1681587351
newOrder,24999,1,35323,1681587351
cancel,12089,,,1681587925
cancel,18905,,,1681587925
cancel,19066,,,1681587925
cancel,24999,,,1681587925
newOrder,18905,0,10177,1681587954
newOrder,19066,1,10177,1681587954
newOrder,15106,0,14341,1681587954
newOrder,24999,1,14341,1681587954
cancel,15106,,,1681588524
cancel,18905,,,1681588524
cancel,19066,,,1681588524
cancel,24999,,,1681588524
newOrder,18905,0,10179,1681588553
newOrder,19066,1,10179,1681588553
newOrder,12089,0,27632,1681588553
newOrder,24999,1,27632,1681588553
cancel,12089,,,1681589124
cancel,18905,,,1681589124
cancel,19066,,,1681589124
cancel,24999,,,1681589124
newOrder,18904,0,10181,1681589154
newOrder,19066,1,10181,1681589154
newOrder,12003,0,53155,1681589154
newOrder,24999,1,53155,1681589154
cancel,12003,,,1681589724
cancel,18904,,,1681589724
cancel,19066,,,1681589724
cancel,24999,,,1681589724
newOrder,18905,0,10182,1681589753
newOrder,19066,1,10182,1681589753
newOrder,15106,0,12460,1681589753
newOrder,24999,1,12460,1681589753
cancel,15106,,,1681590324
cancel,18905,,,1681590324
cancel,19066,,,1681590324
cancel,24999,,,1681590324
newOrder,18903,0,10185,1681590353
newOrder,19066,1,10185,1681590353
newOrder,15106,0,13655,1681590353
newOrder,24999,1,13655,1681590353
cancel,15106,,,1681590925
cancel,18903,,,1681590925
cancel,19066,,,1681590925
cancel,24999,,,1681590925
newOrder,18818,0,10254,1681590953
newOrder,19066,1,10254,1681590953
newOrder,12089,0,46942,1681590953
newOrder,24999,1,46942,1681590953
cancel,12089,,,1681591524
cancel,18818,,,1681591524
cancel,19066,,,1681591524
cancel,24999,,,1681591524
newOrder,18818,0,10256,1681591553
newOrder,19066,1,10256,1681591553
newOrder,12089,0,33499,1681591553
newOrder,24999,1,33499,1681591553
cancel,12089,,,1681592124
cancel,18818,,,1681592124
cancel,19066,,,1681592124
cancel,24999,,,1681592124
newOrder,18818,0,10258,1681592152
newOrder,19066,1,10258,1681592152
newOrder,12089,0,47030,1681592152
newOrder,24999,1,47030,1681592152
cancel,12089,,,1681592725
cancel,18818,,,1681592725
cancel,19066,,,1681592725
cancel,24999,,,1681592725
newOrder,18819,0,10259,1681592753
newOrder,19066,1,10259,1681592753
newOrder,15102,0,16660,1681592753
newOrder,24999,1,16660,1681592753
cancel,15102,,,1681593324
cancel,18819,,,1681593324
cancel,19066,,,1681593324
cancel,24999,,,1681593324
newOrder,18819,0,10260,1681593352
newOrder,19066,1,10260,1681593352
newOrder,12089,0,45899,1681593352
newOrder,24999,1,45899,1681593352
cancel,12089,,,1681593924
cancel,18819,,,1681593924
cancel,19066,,,1681593924
cancel,24999,,,1681593924
newOrder,18820,0,10261,1681593952
newOrder,19066,1,10261,1681593952
newOrder,12089,0,43569,1681593952
newOrder,24999,1,43569,1681593952
cancel,12089,,,1681594524
cancel,18820,,,1681594524
cancel,19066,,,1681594524
cancel,24999,,,1681594524
newOrder,18818,0,10263,1681594552
newOrder,19066,1,10263,1681594552
newOrder,15106,0,9321,1681594552
newOrder,21899,1,9321,1681594552
cancel,15106,,,1681595124
cancel,18818,,,1681595124
cancel,19066,,,1681595124
cancel,21899,,,1681595124
newOrder,18817,0,10265,1681595152
newOrder,19066,1,10265,1681595152
newOrder,15106,0,12048,1681595152
newOrder,24499,1,12048,1681595152
cancel,15106,,,1681595724
cancel,18817,,,1681595724
cancel,19066,,,1681595724
cancel,24499,,,1681595724
newOrder,18818,0,10266,1681595753
newOrder,19066,1,10266,1681595753
newOrder,12089,0,41358,1681595753
newOrder,24999,1,41358,1681595753
cancel,12089,,,1681596324
cancel,18818,,,1681596324
cancel,19066,,,1681596324
cancel,24999,,,1681596324
newOrder,18819,0,10267,1681596353
newOrder,19066,1,10267,1681596353
newOrder,15106,0,10973,1681596353
newOrder,24499,1,10973,1681596353
cancel,15106,,,1681596924
cancel,18819,,,1681596924
cancel,19066,,,1681596924
cancel,24499,,,1681596924
newOrder,18819,0,10269,1681596953
newOrder,19066,1,10269,1681596953
newOrder,12089,0,49816,1681596953
newOrder,24999,1,49816,1681596953
cancel,12089,,,1681597524
cancel,18819,,,1681597524
cancel,19066,,,1681597524
cancel,24999,,,1681597524
newOrder,18817,0,10271,1681597552
newOrder,19066,1,10271,1681597552
newOrder,15106,0,9157,1681597552
newOrder,21899,1,9157,1681597552
cancel,15106,,,1681598124
cancel,18817,,,1681598124
cancel,19066,,,1681598124
cancel,21899,,,1681598124
newOrder,18817,0,10273,1681598153
newOrder,19066,1,10273,1681598153
newOrder,12089,0,40042,1681598153
newOrder,24999,1,40042,1681598153
cancel,12089,,,1681598725
cancel,18817,,,1681598725
cancel,19066,,,1681598725
cancel,24999,,,1681598725
newOrder,18817,0,10275,1681598753
newOrder,19066,1,10275,1681598753
newOrder,15106,0,9763,1681598753
newOrder,21899,1,9763,1681598753
cancel,15106,,,1681599324
cancel,18817,,,1681599324
cancel,19066,,,1681599324
cancel,21899,,,1681599324
newOrder,18818,0,10276,1681599354
newOrder,19066,1,10276,1681599354
newOrder,12089,0,47769,1681599354
newOrder,24999,1,47769,1681599354
cancel,12089,,,1681599924
cancel,18818,,,1681599924
cancel,19066,,,1681599924
cancel,24999,,,1681599924
newOrder,18817,0,10278,1681599953
newOrder,19066,1,10278,1681599953
newOrder,15106,0,10234,1681599953
newOrder,21899,1,10234,1681599953
cancel,15106,,,1681600524
cancel,18817,,,1681600524
cancel,19066,,,1681600524
cancel,21899,,,1681600524
newOrder,18817,0,10279,1681600552
newOrder,19066,1,10279,1681600552
newOrder,15106,0,9308,1681600552
newOrder,21899,1,9308,1681600552
cancel,15106,,,1681601124
cancel,18817,,,1681601124
cancel,19066,,,1681601124
cancel,21899,,,1681601124
newOrder,18818,0,10280,1681601152
newOrder,19066,1,10280,1681601152
newOrder,12089,0,28383,1681601152
newOrder,24999,1,28383,1681601152
cancel,12089,,,1681601724
cancel,18818,,,1681601724
cancel,19066,,,1681601724
cancel,24999,,,1681601724
newOrder,18720,0,10356,1681601754
newOrder,19066,1,10356,1681601754
newOrder,12089,0,25720,1681601754
newOrder,24999,1,25720,1681601754
cancel,12089,,,1681602324
cancel,18720,,,1681602324
cancel,19066,,,1681602324
cancel,24999,,,1681602324
newOrder,18728,0,10352,1681602352
newOrder,19066,1,10352,1681602352
newOrder,12089,0,24529,1681602352
newOrder,24999,1,24529,1681602352
cancel,12089,,,1681602924
cancel,18728,,,1681602924
cancel,19066,,,1681602924
cancel,24999,,,1681602924
newOrder,18733,0,10349,1681602952
newOrder,19066,1,10349,1681602952
newOrder,15106,0,12698,1681602952
newOrder,24999,1,12698,1681602952
cancel,15106,,,1681603525
cancel,18733,,,1681603525
cancel,19066,,,1681603525
cancel,24999,,,1681603525
newOrder,18733,0,10350,1681603553
newOrder,19066,1,10350,1681603553
newOrder,12089,0,40306,1681603553
newOrder,24999,1,40306,1681603553
cancel,12089,,,1681604124
cancel,18733,,,1681604124
cancel,19066,,,1681604124
cancel,24999,,,1681604124
newOrder,18732,0,10353,1681604153
newOrder,19066,1,10353,1681604153
newOrder,12089,0,35110,1681604153
newOrder,24999,1,35110,1681604153
cancel,12089,,,1681604724
cancel,18732,,,1681604724
cancel,19066,,,1681604724
cancel,24999,,,1681604724
newOrder,18734,0,10353,1681604752
newOrder,19066,1,10353,1681604752
newOrder,12001,0,55660,1681604752
newOrder,24999,1,55660,1681604752
cancel,12001,,,1681605324
cancel,18734,,,1681605324
cancel,19066,,,1681605324
cancel,24999,,,1681605324
newOrder,18733,0,10355,1681605354
newOrder,19066,1,10355,1681605354
newOrder,12089,0,32342,1681605354
newOrder,24999,1,32342,1681605354
cancel,12089,,,1681605924
cancel,18733,,,1681605924
cancel,19066,,,1681605924
cancel,24999,,,1681605924
newOrder,18732,0,10358,1681605956
newOrder,19066,1,10358,1681605956
newOrder,12101,0,21707,1681605956
newOrder,24999,1,21707,1681605956
cancel,12101,,,1681606524
cancel,18732,,,1681606524
cancel,19066,,,1681606524
cancel,24999,,,1681606524
newOrder,18732,0,10359,1681606553
newOrder,19066,1,10359,1681606553
newOrder,15106,0,8076,1681606553
newOrder,21899,1,8076,1681606553
cancel,15106,,,1681607124
cancel,18732,,,1681607124
cancel,19066,,,1681607124
cancel,21899,,,1681607124
newOrder,18733,0,10360,1681607153
newOrder,19066,1,10360,1681607153
newOrder,12003,0,51968,1681607153
newOrder,24999,1,51968,1681607153
cancel,12003,,,1681607724
cancel,18733,,,1681607724
cancel,19066,,,1681607724
cancel,24999,,,1681607724
newOrder,18733,0,10361,1681607751
newOrder,19066,1,10361,1681607751
newOrder,15106,0,14018,1681607751
newOrder,24999,1,14018,1681607751
cancel,15106,,,1681608324
cancel,18733,,,1681608324
cancel,19066,,,1681608324
cancel,24999,,,1681608324
newOrder,18732,0,10364,1681608352
newOrder,19066,1,10364,1681608352
newOrder,12089,0,38456,1681608352
newOrder,24999,1,38456,1681608352
cancel,12089,,,1681608924
cancel,18732,,,1681608924
cancel,19066,,,1681608924
cancel,24999,,,1681608924
newOrder,18732,0,10365,1681608953
newOrder,19066,1,10365,1681608953
newOrder,15106,0,14709,1681608953
newOrder,24999,1,14709,1681608953
cancel,15106,,,1681609524
cancel,18732,,,1681609524
cancel,19066,,,1681609524
cancel,24999,,,1681609524
newOrder,18732,0,10367,1681609553
newOrder,19066,1,10367,1681609553
newOrder,12089,0,43245,1681609553
newOrder,24999,1,43245,1681609553
cancel,12089,,,1681610124
cancel,18732,,,1681610124
cancel,19066,,,1681610124
cancel,24999,,,1681610124
newOrder,18732,0,10368,1681610152
newOrder,19066,1,10368,1681610152
newOrder,15106,0,13159,1681610152
newOrder,24999,1,13159,1681610152
cancel,15106,,,1681610724
cancel,18732,,,1681610724
cancel,19066,,,1681610724
cancel,24999,,,1681610724
newOrder,18733,0,10369,1681610751
newOrder,19066,1,10369,1681610751
newOrder,12003,0,51567,1681610751
newOrder,24999,1,51567,1681610751
cancel,12003,,,1681611325
cancel,18733,,,1681611325
cancel,19066,,,1681611325
cancel,24999,,,1681611325
newOrder,18733,0,10371,1681611355
newOrder,19066,1,10371,1681611355
newOrder,12003,0,52170,1681611355
newOrder,24999,1,52170,1681611355
cancel,12003,,,1681611925
cancel,18733,,,1681611925
cancel,19066,,,1681611925
cancel,24999,,,1681611925
newOrder,18732,0,10373,1681611953
newOrder,19066,1,10373,1681611953
newOrder,12089,0,41979,1681611953
newOrder,24999,1,41979,1681611953
cancel,12089,,,1681612525
cancel,18732,,,1681612525
cancel,19066,,,1681612525
cancel,24999,,,1681612525
newOrder,18732,0,10374,1681612553
newOrder,19066,1,10374,1681612553
newOrder,12101,0,23762,1681612553
newOrder,24999,1,23762,1681612553
cancel,12101,,,1681613123
cancel,18732,,,1681613123
cancel,19066,,,1681613123
cancel,24999,,,1681613123
newOrder,18733,0,10375,1681613153
newOrder,19066,1,10375,1681613153
newOrder,12089,0,30820,1681613153
newOrder,24999,1,30820,1681613153
cancel,12089,,,1681613724
cancel,18733,,,1681613724
cancel,19066,,,1681613724
cancel,24999,,,1681613724
newOrder,18754,0,10361,1681613752
newOrder,19066,1,10361,1681613752
newOrder,12089,0,38277,1681613752
newOrder,24999,1,38277,1681613752
cancel,12089,,,1681614324
cancel,18754,,,1681614324
cancel,19066,,,1681614324
cancel,24999,,,1681614324
newOrder,18755,0,10362,1681614355
newOrder,19066,1,10362,1681614355
newOrder,12089,0,33969,1681614355
newOrder,24999,1,33969,1681614355
cancel,12089,,,1681614924
cancel,18755,,,1681614924
cancel,19066,,,1681614924
cancel,24999,,,1681614924
newOrder,18754,0,10364,1681614951
newOrder,19066,1,10364,1681614951
newOrder,12089,0,50549,1681614951
newOrder,24999,1,50549,1681614951
cancel,12089,,,1681615524
cancel,18754,,,1681615524
cancel,19066,,,1681615524
cancel,24999,,,1681615524
newOrder,18754,0,10366,1681615553
newOrder,19066,1,10366,1681615553
newOrder,12089,0,25846,1681615553
newOrder,24999,1,25846,1681615553
cancel,12089,,,1681616123
cancel,18754,,,1681616123
cancel,19066,,,1681616123
cancel,24999,,,1681616123
newOrder,18754,0,10367,1681616152
newOrder,19066,1,10367,1681616152
newOrder,13597,0,19093,1681616152
newOrder,24999,1,19093,1681616152
cancel,13597,,,1681616724
cancel,18754,,,1681616724
cancel,19066,,,1681616724
cancel,24999,,,1681616724
newOrder,18755,0,10368,1681616753
newOrder,19066,1,10368,1681616753
newOrder,15106,0,12661,1681616753
newOrder,24999,1,12661,1681616753
cancel,15106,,,1681617324
cancel,18755,,,1681617324
cancel,19066,,,1681617324
cancel,24999,,,1681617324
newOrder,18748,0,10375,1681617353
newOrder,19066,1,10375,1681617353
newOrder,15106,0,13739,1681617353
newOrder,24999,1,13739,1681617353
cancel,15106,,,1681617926
cancel,18748,,,1681617926
cancel,19066,,,1681617926
cancel,24999,,,1681617926
newOrder,18760,0,10367,1681617959
newOrder,19066,1,10367,1681617959
newOrder,12101,0,21728,1681617959
newOrder,24999,1,21728,1681617959
cancel,12101,,,1681618527
cancel,18760,,,1681618527
cancel,19066,,,1681618527
cancel,24999,,,1681618527
newOrder,18760,0,10369,1681618562
newOrder,19066,1,10369,1681618562
newOrder,15106,0,9714,1681618562
newOrder,21899,1,9714,1681618562
cancel,15106,,,1681619124
cancel,18760,,,1681619124
cancel,19066,,,1681619124
cancel,21899,,,1681619124
newOrder,18760,0,10370,1681619153
newOrder,19066,1,10370,1681619153
newOrder,12089,0,37544,1681619153
newOrder,24999,1,37544,1681619153
cancel,12089,,,1681619724
cancel,18760,,,1681619724
cancel,19066,,,1681619724
cancel,24999,,,1681619724
newOrder,18760,0,10372,1681619754
newOrder,19066,1,10372,1681619754
newOrder,12003,0,51634,1681619754
newOrder,24999,1,51634,1681619754
cancel,12003,,,1681620324
cancel,18760,,,1681620324
cancel,19066,,,1681620324
cancel,24999,,,1681620324
newOrder,18760,0,10374,1681620352
newOrder,19066,1,10374,1681620352
newOrder,12003,0,52306,1681620352
newOrder,24999,1,52306,1681620352
cancel,12003,,,1681620924
cancel,18760,,,1681620924
cancel,19066,,,1681620924
cancel,24999,,,1681620924
newOrder,18760,0,10375,1681620951
newOrder,19066,1,10375,1681620951
newOrder,15106,0,6827,1681620951
newOrder,21899,1,6827,1681620951
cancel,15106,,,1681621524
cancel,18760,,,1681621524
cancel,19066,,,1681621524
cancel,21899,,,1681621524
newOrder,18760,0,10377,1681621553
newOrder,19066,1,10377,1681621553
newOrder,15106,0,7100,1681621553
newOrder,21899,1,7100,1681621553
cancel,15106,,,1681622125
cancel,18760,,,1681622125
cancel,19066,,,1681622125
cancel,21899,,,1681622125
newOrder,18760,0,10378,1681622154
newOrder,19066,1,10378,1681622154
newOrder,15106,0,15961,1681622154
newOrder,24999,1,15961,1681622154
cancel,15106,,,1681622724
cancel,18760,,,1681622724
cancel,19066,,,1681622724
cancel,24999,,,1681622724
newOrder,18760,0,10380,1681622751
newOrder,19066,1,10380,1681622751
newOrder,12089,0,24553,1681622751
newOrder,24999,1,24553,1681622751
cancel,12089,,,1681623324
cancel,18760,,,1681623324
cancel,19066,,,1681623324
cancel,24999,,,1681623324
newOrder,18760,0,10381,1681623352
newOrder,19066,1,10381,1681623352
newOrder,12003,0,53839,1681623352
newOrder,24999,1,53839,1681623352
cancel,12003,,,1681624524
cancel,18760,,,1681624524
cancel,19066,,,1681624524
cancel,24999,,,1681624524
newOrder,18760,0,10384,1681624553
newOrder,19066,1,10384,1681624553
newOrder,12089,0,30797,1681624553
newOrder,24999,1,30797,1681624553
cancel,12089,,,1681625124
cancel,18760,,,1681625124
cancel,19066,,,1681625124
cancel,24999,,,1681625124
newOrder,18760,0,10386,1681625153
newOrder,19066,1,10386,1681625153
newOrder,12003,0,53785,1681625153
newOrder,24999,1,53785,1681625153
cancel,12003,,,1681625724
cancel,18760,,,1681625724
cancel,19066,,,1681625724
cancel,24999,,,1681625724
newOrder,18760,0,10387,1681625752
newOrder,19066,1,10387,1681625752
newOrder,12089,0,39952,1681625752
newOrder,24999,1,39952,1681625752
cancel,12089,,,1681626326
cancel,18760,,,1681626326
cancel,19066,,,1681626326
cancel,24999,,,1681626326
newOrder,18760,0,10389,1681626354
newOrder,19066,1,10389,1681626354
newOrder,12089,0,46045,1681626354
newOrder,24999,1,46045,1681626354
cancel,12089,,,1681626924
cancel,18760,,,1681626924
cancel,19066,,,1681626924
cancel,24999,,,1681626924
newOrder,18760,0,10391,1681626952
newOrder,19066,1,10391,1681626952
newOrder,12089,0,29815,1681626952
newOrder,24999,1,29815,1681626952
cancel,12089,,,1681627524
cancel,18760,,,1681627524
cancel,19066,,,1681627524
cancel,24999,,,1681627524
newOrder,18760,0,10392,1681627552
newOrder,19066,1,10392,1681627552
newOrder,12001,0,55441,1681627552
newOrder,24999,1,55441,1681627552
cancel,12001,,,1681628124
cancel,18760,,,1681628124
cancel,19066,,,1681628124
cancel,24999,,,1681628124
newOrder,18760,0,10394,1681628152
newOrder,19066,1,10394,1681628152
newOrder,12089,0,34275,1681628152
newOrder,24999,1,34275,1681628152
cancel,12089,,,1681628724
cancel,18760,,,1681628724
cancel,19066,,,1681628724
cancel,24999,,,1681628724
newOrder,18760,0,10395,1681628752
newOrder,19066,1,10395,1681628752
newOrder,12089,0,34524,1681628752
newOrder,24999,1,34524,1681628752
cancel,12089,,,1681629324
cancel,18760,,,1681629324
cancel,19066,,,1681629324
cancel,24999,,,1681629324
newOrder,18760,0,10397,1681629352
newOrder,19066,1,10397,1681629352
newOrder,12089,0,33675,1681629352
newOrder,24999,1,33675,1681629352
cancel,12089,,,1681629924
cancel,18760,,,1681629924
cancel,19066,,,1681629924
cancel,24999,,,1681629924
newOrder,18760,0,10398,1681629954
newOrder,19066,1,10398,1681629954
newOrder,12089,0,49857,1681629954
newOrder,24999,1,49857,1681629954
cancel,12089,,,1681630524
cancel,18760,,,1681630524
cancel,19066,,,1681630524
cancel,24999,,,1681630524
newOrder,18760,0,10400,1681630553
newOrder,19066,1,10400,1681630553
newOrder,12089,0,46172,1681630553
newOrder,24999,1,46172,1681630553
cancel,12089,,,1681631124
cancel,18760,,,1681631124
cancel,19066,,,1681631124
cancel,24999,,,1681631124
newOrder,18760,0,10401,1681631153
newOrder,19066,1,10401,1681631153
newOrder,12001,0,54719,1681631153
newOrder,24999,1,54719,1681631153
cancel,12001,,,1681631725
cancel,18760,,,1681631725
cancel,19066,,,1681631725
cancel,24999,,,1681631725
newOrder,18760,0,10403,1681631753
newOrder,19066,1,10403,1681631753
newOrder,12089,0,37329,1681631753
newOrder,24999,1,37329,1681631753
cancel,12089,,,1681632324
cancel,18760,,,1681632324
cancel,19066,,,1681632324
cancel,24999,,,1681632324
newOrder,18760,0,10405,1681632352
newOrder,19066,1,10405,1681632352
newOrder,12003,0,52724,1681632352
newOrder,24999,1,52724,1681632352
cancel,12003,,,1681632925
cancel,18760,,,1681632925
cancel,19066,,,1681632925
cancel,24999,,,1681632925
newOrder,18760,0,10406,1681632954
newOrder,19066,1,10406,1681632954
newOrder,15106,0,7416,1681632954
newOrder,21899,1,7416,1681632954
cancel,15106,,,1681633524
cancel,18760,,,1681633524
cancel,19066,,,1681633524
cancel,21899,,,1681633524
newOrder,18760,0,10408,1681633553
newOrder,19066,1,10408,1681633553
newOrder,12089,0,31170,1681633553
newOrder,24999,1,31170,1681633553
cancel,12089,,,1681634124
cancel,18760,,,1681634124
cancel,19066,,,1681634124
cancel,24999,,,1681634124
newOrder,18760,0,10409,1681634153
newOrder,19066,1,10409,1681634153
newOrder,12089,0,32037,1681634153
newOrder,24999,1,32037,1681634153
cancel,12089,,,1681634724
cancel,18760,,,1681634724
cancel,19066,,,1681634724
cancel,24999,,,1681634724
newOrder,18687,0,10465,1681634752
newOrder,19066,1,10465,1681634752
newOrder,12089,0,32573,1681634752
newOrder,24999,1,32573,1681634752
cancel,12089,,,1681635324
cancel,18687,,,1681635324
cancel,19066,,,1681635324
cancel,24999,,,1681635324
newOrder,18687,0,10467,1681635351
newOrder,19066,1,10467,1681635351
newOrder,15106,0,9647,1681635351
newOrder,21899,1,9647,1681635351
cancel,15106,,,1681635924
cancel,18687,,,1681635924
cancel,19066,,,1681635924
cancel,21899,,,1681635924
newOrder,18688,0,10468,1681635952
newOrder,19066,1,10468,1681635952
newOrder,12089,0,30373,1681635952
newOrder,24999,1,30373,1681635952
cancel,12089,,,1681636524
cancel,18688,,,1681636524
cancel,19066,,,1681636524
cancel,24999,,,1681636524
newOrder,18687,0,10470,1681636553
newOrder,19066,1,10470,1681636553
newOrder,12089,0,46759,1681636553
newOrder,24999,1,46759,1681636553
cancel,12089,,,1681637124
cancel,18687,,,1681637124
cancel,19066,,,1681637124
cancel,24999,,,1681637124
newOrder,18687,0,10472,1681637153
newOrder,19066,1,10472,1681637153
newOrder,15102,0,16733,1681637153
newOrder,24999,1,16733,1681637153
cancel,15102,,,1681637724
cancel,18687,,,1681637724
cancel,19066,,,1681637724
cancel,24999,,,1681637724
newOrder,18687,0,10473,1681637753
newOrder,19066,1,10473,1681637753
newOrder,12101,0,20110,1681637753
newOrder,24999,1,20110,1681637753
cancel,12101,,,1681638324
cancel,18687,,,1681638324
cancel,19066,,,1681638324
cancel,24999,,,1681638324
newOrder,18687,0,10475,1681638353
newOrder,19066,1,10475,1681638353
newOrder,12089,0,41756,1681638353
newOrder,24999,1,41756,1681638353
cancel,12089,,,1681638924
cancel,18687,,,1681638924
cancel,19066,,,1681638924
cancel,24999,,,1681638924
newOrder,18627,0,10519,1681638951
newOrder,19066,1,10519,1681638951
newOrder,12089,0,34964,1681638951
newOrder,24999,1,34964,1681638951
cancel,12089,,,1681639525
cancel,18627,,,1681639525
cancel,19066,,,1681639525
cancel,24999,,,1681639525
newOrder,18626,0,10521,1681639556
newOrder,19066,1,10521,1681639556
newOrder,12089,0,25586,1681639556
newOrder,24999,1,25586,1681639556
cancel,12089,,,1681640124
cancel,18626,,,1681640124
cancel,19066,,,1681640124
cancel,24999,,,1681640124
newOrder,18626,0,10523,1681640154
newOrder,19066,1,10523,1681640154
newOrder,12101,0,20808,1681640154
newOrder,24999,1,20808,1681640154
cancel,12101,,,1681640724
cancel,18626,,,1681640724
cancel,19066,,,1681640724
cancel,24999,,,1681640724
newOrder,18623,0,10527,1681640753
newOrder,19066,1,10527,1681640753
newOrder,12101,0,24348,1681640753
newOrder,24999,1,24348,1681640753
cancel,12101,,,1681641324
cancel,18623,,,1681641324
cancel,19066,,,1681641324
cancel,24999,,,1681641324
newOrder,18620,0,10530,1681641353
newOrder,19066,1,10530,1681641353
newOrder,15001,0,17424,1681641353
newOrder,24999,1,17424,1681641353
cancel,15001,,,1681641923
cancel,18620,,,1681641923
cancel,19066,,,1681641923
cancel,24999,,,1681641923
newOrder,18621,0,10532,1681641954
newOrder,19066,1,10532,1681641954
newOrder,12089,0,46372,1681641954
newOrder,24999,1,46372,1681641954
cancel,12089,,,1681642525
cancel,18621,,,1681642525
cancel,19066,,,1681642525
cancel,24999,,,1681642525
newOrder,18623,0,10532,1681642554
newOrder,19066,1,10532,1681642554
newOrder,15001,0,17950,1681642554
newOrder,24999,1,17950,1681642554
cancel,15001,,,1681643125
cancel,18623,,,1681643125
cancel,19066,,,1681643125
cancel,24999,,,1681643125
newOrder,18623,0,10533,1681643152
newOrder,19066,1,10533,1681643152
newOrder,12089,0,45335,1681643152
newOrder,24999,1,45335,1681643152
cancel,12089,,,1681643724
cancel,18623,,,1681643724
cancel,19066,,,1681643724
cancel,24999,,,1681643724
newOrder,18622,0,10536,1681643754
newOrder,19066,1,10536,1681643754
newOrder,15106,0,9521,1681643754
newOrder,21899,1,9521,1681643754
cancel,15106,,,1681644324
cancel,18622,,,1681644324
cancel,19066,,,1681644324
cancel,21899,,,1681644324
newOrder,18623,0,10536,1681644353
newOrder,19066,1,10536,1681644353
newOrder,12101,0,22933,1681644353
newOrder,24999,1,22933,1681644353
cancel,12101,,,1681644924
cancel,18623,,,1681644924
cancel,19066,,,1681644924
cancel,24999,,,1681644924
newOrder,18623,0,10538,1681644953
newOrder,19066,1,10538,1681644953
newOrder,12089,0,45034,1681644953
newOrder,24999,1,45034,1681644953
cancel,12089,,,1681645524
cancel,18623,,,1681645524
cancel,19066,,,1681645524
cancel,24999,,,1681645524
newOrder,18624,0,10539,1681645552
newOrder,19066,1,10539,1681645552
newOrder,15106,0,9197,1681645552
newOrder,21899,1,9197,1681645552
cancel,15106,,,1681646125
cancel,18624,,,1681646125
cancel,19066,,,1681646125
cancel,21899,,,1681646125
newOrder,18625,0,10540,1681646154
newOrder,19066,1,10540,1681646154
newOrder,12089,0,25832,1681646154
newOrder,24999,1,25832,1681646154
cancel,12089,,,1681646724
cancel,18625,,,1681646724
cancel,19066,,,1681646724
cancel,24999,,,1681646724
newOrder,18624,0,10542,1681646752
newOrder,19066,1,10542,1681646752
newOrder,15001,0,17597,1681646752
newOrder,24999,1,17597,1681646752