instruction,price,side,qty,time
cancel,10534,,,1687177015
cancel,17557,,,1687177015
cancel,18075,,,1687177015
cancel,24999,,,1687177015
newOrder,17557,0,11587,1687177039
newOrder,18075,1,11587,1687177039
newOrder,10534,0,58430,1687177039
newOrder,24999,1,58430,1687177039
cancel,10534,,,1687177616
cancel,17557,,,1687177616
cancel,18075,,,1687177616
cancel,24999,,,1687177616
newOrder,17557,0,11589,1687177640
newOrder,18075,1,11589,1687177640
newOrder,12204,0,15370,1687177640
newOrder,24957,1,15370,1687177640
cancel,12204,,,1687178216
cancel,17557,,,1687178216
cancel,18075,,,1687178216
cancel,24957,,,1687178216
newOrder,17557,0,11591,1687178241
newOrder,18075,1,11591,1687178241
newOrder,10534,0,52016,1687178241
newOrder,24999,1,52016,1687178241
cancel,10534,,,1687178816
cancel,17557,,,1687178816
cancel,18075,,,1687178816
cancel,24999,,,1687178816
newOrder,17557,0,11593,1687178840
newOrder,18075,1,11593,1687178840
newOrder,10534,0,35844,1687178840
newOrder,24957,1,35844,1687178840
cancel,10534,,,1687179415
cancel,17557,,,1687179415
cancel,18075,,,1687179415
cancel,24957,,,1687179415
newOrder,17557,0,11594,1687179439
newOrder,18075,1,11594,1687179439
newOrder,10534,0,35374,1687179439
newOrder,24957,1,35374,1687179439
cancel,10534,,,1687180016
cancel,17557,,,1687180016
cancel,18075,,,1687180016
cancel,24957,,,1687180016
newOrder,17557,0,11596,1687180041
newOrder,18075,1,11596,1687180041
newOrder,10534,0,30248,1687180041
newOrder,24957,1,30248,1687180041
cancel,10534,,,1687180616
cancel,17557,,,1687180616
cancel,18075,,,1687180616
cancel,24957,,,1687180616
newOrder,17557,0,11598,1687180639
newOrder,18075,1,11598,1687180639
newOrder,10534,0,62377,1687180639
newOrder,24999,1,62377,1687180639
cancel,10534,,,1687181215
cancel,17557,,,1687181215
cancel,18075,,,1687181215
cancel,24999,,,1687181215
newOrder,17557,0,11600,1687181240
newOrder,18075,1,11600,1687181240
newOrder,12204,0,20066,1687181240
newOrder,24957,1,20066,1687181240
cancel,12204,,,1687181815
cancel,17557,,,1687181815
cancel,18075,,,1687181815
cancel,24957,,,1687181815
newOrder,17557,0,11602,1687181839
newOrder,18075,1,11602,1687181839
newOrder,10534,0,29581,1687181839
newOrder,24957,1,29581,1687181839
cancel,10534,,,1687182416
cancel,17557,,,1687182416
cancel,18075,,,1687182416
cancel,24957,,,1687182416
newOrder,17557,0,11604,1687182439
newOrder,18075,1,11604,1687182439
newOrder,12162,0,22160,1687182439
newOrder,24957,1,22160,1687182439
cancel,12162,,,1687183015
cancel,17557,,,1687183015
cancel,18075,,,1687183015
cancel,24957,,,1687183015
newOrder,17557,0,11605,1687183039
newOrder,18075,1,11605,1687183039
newOrder,10534,0,50212,1687183039
newOrder,24999,1,50212,1687183039
cancel,10534,,,1687183615
cancel,17557,,,1687183615
cancel,18075,,,1687183615
cancel,24999,,,1687183615
newOrder,17557,0,11607,1687183641
newOrder,18075,1,11607,1687183641
newOrder,10534,0,37134,1687183641
newOrder,24999,1,37134,1687183641
cancel,10534,,,1687184215
cancel,17557,,,1687184215
cancel,18075,,,1687184215
cancel,24999,,,1687184215
newOrder,17557,0,11609,1687184239
newOrder,18075,1,11609,1687184239
newOrder,12204,0,18251,1687184239
newOrder,24957,1,18251,1687184239
cancel,12204,,,1687184815
cancel,17557,,,1687184815
cancel,18075,,,1687184815
cancel,24957,,,1687184815
newOrder,17557,0,11611,1687184838
newOrder,18075,1,11611,1687184838
newOrder,10534,0,45680,1687184838
newOrder,24999,1,45680,1687184838
cancel,10534,,,1687185415
cancel,17557,,,1687185415
cancel,18075,,,1687185415
cancel,24999,,,1687185415
newOrder,17557,0,11613,1687185441
newOrder,18075,1,11613,1687185441
newOrder,10534,0,26490,1687185441
newOrder,24957,1,26490,1687185441
cancel,10534,,,1687186015
cancel,17557,,,1687186015
cancel,18075,,,1687186015
cancel,24957,,,1687186015
newOrder,17557,0,11615,1687186039
newOrder,18075,1,11615,1687186039
newOrder,10534,0,56713,1687186039
newOrder,24999,1,56713,1687186039
cancel,10534,,,1687186616
cancel,17557,,,1687186616
cancel,18075,,,1687186616
cancel,24999,,,1687186616
newOrder,17557,0,11617,1687186639
newOrder,18075,1,11617,1687186639
newOrder,10534,0,44573,1687186639
newOrder,24999,1,44573,1687186639
cancel,10534,,,1687187216
cancel,17557,,,1687187216
cancel,18075,,,1687187216
cancel,24999,,,1687187216
newOrder,17557,0,11618,1687187240
newOrder,18075,1,11618,1687187240
newOrder,10534,0,48332,1687187240
newOrder,24999,1,48332,1687187240
cancel,10534,,,1687187816
cancel,17557,,,1687187816
cancel,18075,,,1687187816
cancel,24999,,,1687187816
newOrder,17557,0,11620,1687187839
newOrder,18075,1,11620,1687187839
newOrder,10534,0,60336,1687187839
newOrder,24999,1,60336,1687187839
cancel,10534,,,1687188415
cancel,17557,,,1687188415
cancel,18075,,,1687188415
cancel,24999,,,1687188415
newOrder,17557,0,11622,1687188440
newOrder,18075,1,11622,1687188440
newOrder,10534,0,55691,1687188440
newOrder,24999,1,55691,1687188440
cancel,10534,,,1687189015
cancel,17557,,,1687189015
cancel,18075,,,1687189015
cancel,24999,,,1687189015
newOrder,17506,0,11630,1687189040
newOrder,18075,1,11630,1687189040
newOrder,12002,0,23817,1687189040
newOrder,24957,1,23817,1687189040
cancel,12002,,,1687189615
cancel,17506,,,1687189615
cancel,18075,,,1687189615
cancel,24957,,,1687189615
newOrder,17537,0,11629,1687189638
newOrder,18075,1,11629,1687189638
newOrder,10522,0,45625,1687189638
newOrder,24999,1,45625,1687189638
cancel,10522,,,1687190215
cancel,17537,,,1687190215
cancel,18075,,,1687190215
cancel,24999,,,1687190215
newOrder,17537,0,11630,1687190240
newOrder,18075,1,11630,1687190240
newOrder,15217,0,7542,1687190240
newOrder,19999,1,7542,1687190240
cancel,15217,,,1687190816
cancel,17537,,,1687190816
cancel,18075,,,1687190816
cancel,19999,,,1687190816
newOrder,17537,0,11632,1687190840
newOrder,18075,1,11632,1687190840
newOrder,10522,0,61808,1687190840
newOrder,24999,1,61808,1687190840
cancel,10522,,,1687191416
cancel,17537,,,1687191416
cancel,18075,,,1687191416
cancel,24999,,,1687191416
newOrder,17511,0,11637,1687191439
newOrder,18075,1,11637,1687191439
newOrder,10506,0,41955,1687191439
newOrder,24999,1,41955,1687191439
cancel,10506,,,1687192015
cancel,17511,,,1687192015
cancel,18075,,,1687192015
cancel,24999,,,1687192015
newOrder,17511,0,11639,1687192040
newOrder,18075,1,11639,1687192040
newOrder,12204,0,19669,1687192040
newOrder,24957,1,19669,1687192040
cancel,12204,,,1687192615
cancel,17511,,,1687192615
cancel,18075,,,1687192615
cancel,24957,,,1687192615
newOrder,17511,0,11641,1687192639
newOrder,18075,1,11641,1687192639
newOrder,10507,0,29980,1687192639
newOrder,24957,1,29980,1687192639
cancel,10507,,,1687193215
cancel,17511,,,1687193215
cancel,18075,,,1687193215
cancel,24957,,,1687193215
newOrder,17511,0,11643,1687193240
newOrder,18075,1,11643,1687193240
newOrder,10507,0,45130,1687193240
newOrder,24999,1,45130,1687193240
cancel,10507,,,1687193815
cancel,17511,,,1687193815
cancel,18075,,,1687193815
cancel,24999,,,1687193815
newOrder,17511,0,11644,1687193840
newOrder,18075,1,11644,1687193840
newOrder,10506,0,52221,1687193840
newOrder,24999,1,52221,1687193840
cancel,10506,,,1687194415
cancel,17511,,,1687194415
cancel,18075,,,1687194415
cancel,24999,,,1687194415
newOrder,17537,0,11643,1687194443
newOrder,18075,1,11643,1687194443
newOrder,12204,0,15299,1687194443
newOrder,24957,1,15299,1687194443
cancel,12204,,,1687195015
cancel,17537,,,1687195015
cancel,18075,,,1687195015
cancel,24957,,,1687195015
newOrder,17537,0,11645,1687195039
newOrder,18075,1,11645,1687195039
newOrder,10522,0,61470,1687195039
newOrder,24999,1,61470,1687195039
cancel,10522,,,1687195617
cancel,17537,,,1687195617
cancel,18075,,,1687195617
cancel,24999,,,1687195617
newOrder,17537,0,11647,1687195642
newOrder,18075,1,11647,1687195642
newOrder,10522,0,55953,1687195642
newOrder,24999,1,55953,1687195642
cancel,10522,,,1687196215
cancel,17537,,,1687196215
cancel,18075,,,1687196215
cancel,24999,,,1687196215
newOrder,17511,0,11652,1687196239
newOrder,18075,1,11652,1687196239
newOrder,10507,0,32737,1687196239
newOrder,24957,1,32737,1687196239
cancel,10507,,,1687196815
cancel,17511,,,1687196815
cancel,18075,,,1687196815
cancel,24957,,,1687196815
newOrder,17511,0,11654,1687196839
newOrder,18075,1,11654,1687196839
newOrder,15217,0,8600,1687196839
newOrder,19999,1,8600,1687196839
cancel,15217,,,1687197415
cancel,17511,,,1687197415
cancel,18075,,,1687197415
cancel,19999,,,1687197415
newOrder,17511,0,11656,1687197441
newOrder,18075,1,11656,1687197441
newOrder,10507,0,29462,1687197441
newOrder,24957,1,29462,1687197441
cancel,10507,,,1687198015
cancel,17511,,,1687198015
cancel,18075,,,1687198015
cancel,24957,,,1687198015
newOrder,17511,0,11657,1687198041
newOrder,18075,1,11657,1687198041
newOrder,10507,0,39929,1687198041
newOrder,24999,1,39929,1687198041
cancel,10507,,,1687198616
cancel,17511,,,1687198616
cancel,18075,,,1687198616
cancel,24999,,,1687198616
newOrder,17537,0,11657,1687198641
newOrder,18075,1,11657,1687198641
newOrder,12162,0,20470,1687198641
newOrder,24999,1,20470,1687198641
cancel,12162,,,1687199216
cancel,17537,,,1687199216
cancel,18075,,,1687199216
cancel,24999,,,1687199216
newOrder,17511,0,11661,1687199242
newOrder,18075,1,11661,1687199242
newOrder,12204,0,12849,1687199242
newOrder,24999,1,12849,1687199242
cancel,12204,,,1687199815
cancel,17511,,,1687199815
cancel,18075,,,1687199815
cancel,24999,,,1687199815
newOrder,17791,0,11599,1687199838
newOrder,18075,1,11599,1687199838
newOrder,10675,0,53691,1687199838
newOrder,24999,1,53691,1687199838
cancel,10675,,,1687200416
cancel,17791,,,1687200416
cancel,18075,,,1687200416
cancel,24999,,,1687200416
newOrder,17790,0,11601,1687200445
newOrder,18075,1,11601,1687200445
newOrder,10674,0,29525,1687200445
newOrder,24999,1,29525,1687200445
cancel,10674,,,1687201015
cancel,17790,,,1687201015
cancel,18075,,,1687201015
cancel,24999,,,1687201015
newOrder,17790,0,11603,1687201041
newOrder,18075,1,11603,1687201041
newOrder,10674,0,60163,1687201041
newOrder,24999,1,60163,1687201041
cancel,10674,,,1687201616
cancel,17790,,,1687201616
cancel,18075,,,1687201616
cancel,24999,,,1687201616
newOrder,17792,0,11604,1687201641
newOrder,18075,1,11604,1687201641
newOrder,10675,0,52119,1687201641
newOrder,24999,1,52119,1687201641
cancel,10675,,,1687202216
cancel,17792,,,1687202216
cancel,18075,,,1687202216
cancel,24999,,,1687202216
newOrder,17791,0,11606,1687202240
newOrder,18075,1,11606,1687202240
newOrder,12204,0,19278,1687202240
newOrder,24999,1,19278,1687202240
cancel,12204,,,1687202816
cancel,17791,,,1687202816
cancel,18075,,,1687202816
cancel,24999,,,1687202816
newOrder,17789,0,11609,1687202841
newOrder,18075,1,11609,1687202841
newOrder,10673,0,52266,1687202841
newOrder,24999,1,52266,1687202841
cancel,10673,,,1687203416
cancel,17789,,,1687203416
cancel,18075,,,1687203416
cancel,24999,,,1687203416
newOrder,17790,0,11610,1687203440
newOrder,18075,1,11610,1687203440
newOrder,12162,0,21006,1687203440
newOrder,24999,1,21006,1687203440
cancel,12162,,,1687204015
cancel,17790,,,1687204015
cancel,18075,,,1687204015
cancel,24999,,,1687204015
newOrder,17790,0,11612,1687204040
newOrder,18075,1,11612,1687204040
newOrder,10674,0,57332,1687204040
newOrder,24999,1,57332,1687204040
cancel,10674,,,1687204615
cancel,17790,,,1687204615
cancel,18075,,,1687204615
cancel,24999,,,1687204615
newOrder,17788,0,11615,1687204638
newOrder,18075,1,11615,1687204638
newOrder,10673,0,34980,1687204638
newOrder,24999,1,34980,1687204638
cancel,10673,,,1687205216
cancel,17788,,,1687205216
cancel,18075,,,1687205216
cancel,24999,,,1687205216
newOrder,17789,0,11617,1687205240
newOrder,18075,1,11617,1687205240
newOrder,12204,0,19321,1687205240
newOrder,24999,1,19321,1687205240
cancel,12204,,,1687205817
cancel,17789,,,1687205817
cancel,18075,,,1687205817
cancel,24999,,,1687205817
newOrder,17790,0,11618,1687205841
newOrder,18075,1,11618,1687205841
newOrder,10674,0,34380,1687205841
newOrder,24999,1,34380,1687205841
cancel,10674,,,1687206415
cancel,17790,,,1687206415
cancel,18075,,,1687206415
cancel,24999,,,1687206415
newOrder,17787,0,11621,1687206440
newOrder,18075,1,11621,1687206440
newOrder,10672,0,35036,1687206440
newOrder,24999,1,35036,1687206440
cancel,10672,,,1687207016
cancel,17787,,,1687207016
cancel,18075,,,1687207016
cancel,24999,,,1687207016
newOrder,17789,0,11623,1687207041
newOrder,18075,1,11623,1687207041
newOrder,10673,0,46571,1687207041
newOrder,24999,1,46571,1687207041
cancel,10673,,,1687207615
cancel,17789,,,1687207615
cancel,18075,,,1687207615
cancel,24999,,,1687207615
newOrder,17789,0,11624,1687207639
newOrder,18075,1,11624,1687207639
newOrder,10674,0,29443,1687207639
newOrder,24999,1,29443,1687207639
cancel,10674,,,1687208216
cancel,17789,,,1687208216
cancel,18075,,,1687208216
cancel,24999,,,1687208216
newOrder,17788,0,11627,1687208242
newOrder,18075,1,11627,1687208242
newOrder,12204,0,15737,1687208242
newOrder,24999,1,15737,1687208242
cancel,12204,,,1687208815
cancel,17788,,,1687208815
cancel,18075,,,1687208815
cancel,24999,,,1687208815
newOrder,17751,0,11641,1687208842
newOrder,18075,1,11641,1687208842
newOrder,10651,0,59598,1687208842
newOrder,24999,1,59598,1687208842
cancel,10651,,,1687209415
cancel,17751,,,1687209415
cancel,18075,,,1687209415
cancel,24999,,,1687209415
newOrder,17704,0,11657,1687209440
newOrder,18075,1,11657,1687209440
newOrder,10622,0,58861,1687209440
newOrder,24999,1,58861,1687209440
cancel,10622,,,1687210015
cancel,17704,,,1687210015
cancel,18075,,,1687210015
cancel,24999,,,1687210015
newOrder,17681,0,11665,1687210039
newOrder,18075,1,11665,1687210039
newOrder,10609,0,27613,1687210039
newOrder,24999,1,27613,1687210039
cancel,10609,,,1687210616
cancel,17681,,,1687210616
cancel,18075,,,1687210616
cancel,24999,,,1687210616
newOrder,17680,0,11667,1687210640
newOrder,18075,1,11667,1687210640
newOrder,10608,0,40832,1687210640
newOrder,24999,1,40832,1687210640
cancel,10608,,,1687211215
cancel,17680,,,1687211215
cancel,18075,,,1687211215
cancel,24999,,,1687211215
newOrder,17683,0,11669,1687211239
newOrder,18075,1,11669,1687211239
newOrder,12204,0,17209,1687211239
newOrder,24999,1,17209,1687211239
cancel,12204,,,1687211815
cancel,17683,,,1687211815
cancel,18075,,,1687211815
cancel,24999,,,1687211815
newOrder,17683,0,11671,1687211840
newOrder,18075,1,11671,1687211840
newOrder,12162,0,20667,1687211840
newOrder,24999,1,20667,1687211840
cancel,12162,,,1687212416
cancel,17683,,,1687212416
cancel,18075,,,1687212416
cancel,24999,,,1687212416
newOrder,17682,0,11673,1687212440
newOrder,18075,1,11673,1687212440
newOrder,12204,0,12511,1687212440
newOrder,24999,1,12511,1687212440
cancel,12204,,,1687213015
cancel,17682,,,1687213015
cancel,18075,,,1687213015
cancel,24999,,,1687213015
newOrder,17683,0,11674,1687213039
newOrder,18075,1,11674,1687213039
newOrder,10610,0,50238,1687213039
newOrder,24999,1,50238,1687213039
cancel,10610,,,1687213616
cancel,17683,,,1687213616
cancel,18075,,,1687213616
cancel,24999,,,1687213616
newOrder,17682,0,11677,1687213640
newOrder,18075,1,11677,1687213640
newOrder,10609,0,51429,1687213640
newOrder,24999,1,51429,1687213640
cancel,10609,,,1687214215
cancel,17682,,,1687214215
cancel,18075,,,1687214215
cancel,24999,,,1687214215
newOrder,17681,0,11679,1687214241
newOrder,18075,1,11679,1687214241
newOrder,10609,0,53530,1687214241
newOrder,24999,1,53530,1687214241
cancel,10609,,,1687214815
cancel,17681,,,1687214815
cancel,18075,,,1687214815
cancel,24999,,,1687214815
newOrder,17682,0,11680,1687214839
newOrder,18075,1,11680,1687214839
newOrder,10609,0,55340,1687214839
newOrder,24999,1,55340,1687214839
cancel,10609,,,1687215416
cancel,17682,,,1687215416
cancel,18075,,,1687215416
cancel,24999,,,1687215416
newOrder,17682,0,11682,1687215438
newOrder,18075,1,11682,1687215438
newOrder,10609,0,62620,1687215438
newOrder,24999,1,62620,1687215438
cancel,10609,,,1687216015
cancel,17682,,,1687216015
cancel,18075,,,1687216015
cancel,24999,,,1687216015
newOrder,17650,0,11692,1687216039
newOrder,18075,1,11692,1687216039
newOrder,10590,0,29648,1687216039
newOrder,24999,1,29648,1687216039
cancel,10590,,,1687216615
cancel,17650,,,1687216615
cancel,18075,,,1687216615
cancel,24999,,,1687216615
newOrder,17863,0,11624,1687216641
newOrder,18075,1,11624,1687216641
newOrder,10718,0,32340,1687216641
newOrder,24999,1,32340,1687216641
cancel,10718,,,1687217215
cancel,17863,,,1687217215
cancel,18075,,,1687217215
cancel,24999,,,1687217215
newOrder,17863,0,11626,1687217238
newOrder,18075,1,11626,1687217238
newOrder,19999,1,8353,1687217238
cancel,17863,,,1687217815
cancel,18075,,,1687217815
cancel,19999,,,1687217815
newOrder,17863,0,11628,1687217840
newOrder,18075,1,11628,1687217840
newOrder,10718,0,41338,1687217840
newOrder,24999,1,41338,1687217840
cancel,10718,,,1687218416
cancel,17863,,,1687218416
cancel,18075,,,1687218416
cancel,24999,,,1687218416
newOrder,17863,0,11630,1687218440
newOrder,18075,1,11630,1687218440
newOrder,10718,0,37614,1687218440
newOrder,24999,1,37614,1687218440
cancel,10718,,,1687219015
cancel,17863,,,1687219015
cancel,18075,,,1687219015
cancel,24999,,,1687219015
newOrder,17863,0,11632,1687219039
newOrder,18075,1,11632,1687219039
newOrder,10718,0,25730,1687219039
newOrder,24999,1,25730,1687219039
cancel,10718,,,1687219616
cancel,17863,,,1687219616
cancel,18075,,,1687219616
cancel,24999,,,1687219616
newOrder,17863,0,11634,1687219644
newOrder,18075,1,11634,1687219644
newOrder,10718,0,49011,1687219644
newOrder,24999,1,49011,1687219644
cancel,10718,,,1687220216
cancel,17863,,,1687220216
cancel,18075,,,1687220216
cancel,24999,,,1687220216
newOrder,17863,0,11636,1687220240
newOrder,18075,1,11636,1687220240
newOrder,10718,0,34647,1687220240
newOrder,24957,1,34647,1687220240
cancel,10718,,,1687220815
cancel,17863,,,1687220815
cancel,18075,,,1687220815
cancel,24957,,,1687220815
newOrder,17863,0,11637,1687220838
newOrder,18075,1,11637,1687220838
newOrder,12204,0,19224,1687220838
newOrder,24957,1,19224,1687220838
cancel,12204,,,1687221415
cancel,17863,,,1687221415
cancel,18075,,,1687221415
cancel,24957,,,1687221415
newOrder,17862,0,11640,1687221437
newOrder,18075,1,11640,1687221437
newOrder,19999,1,9917,1687221437
cancel,17862,,,1687222015
cancel,18075,,,1687222015
cancel,19999,,,1687222015
newOrder,17862,0,11642,1687222039
newOrder,18075,1,11642,1687222039
newOrder,12204,0,17497,1687222039
newOrder,24957,1,17497,1687222039
cancel,12204,,,1687222615
cancel,17862,,,1687222615
cancel,18075,,,1687222615
cancel,24957,,,1687222615
newOrder,17862,0,11644,1687222639
newOrder,18075,1,11644,1687222639
newOrder,10717,0,32174,1687222639
newOrder,24957,1,32174,1687222639
cancel,10717,,,1687223215
cancel,17862,,,1687223215
cancel,18075,,,1687223215
cancel,24957,,,1687223215
newOrder,17862,0,11646,1687223239
newOrder,18075,1,11646,1687223239
newOrder,19999,1,11026,1687223239
cancel,17862,,,1687223815
cancel,18075,,,1687223815
cancel,19999,,,1687223815
newOrder,17862,0,11648,1687223842
newOrder,18075,1,11648,1687223842
newOrder,10717,0,52729,1687223842
newOrder,24999,1,52729,1687223842
cancel,10717,,,1687224416
cancel,17862,,,1687224416
cancel,18075,,,1687224416
cancel,24999,,,1687224416
newOrder,17862,0,11650,1687224441
newOrder,18075,1,11650,1687224441
newOrder,10717,0,27165,1687224441
newOrder,24957,1,27165,1687224441
cancel,10717,,,1687225015
cancel,17862,,,1687225015
cancel,18075,,,1687225015
cancel,24957,,,1687225015
newOrder,17862,0,11652,1687225039
newOrder,18075,1,11652,1687225039
newOrder,12204,0,14455,1687225039
newOrder,24957,1,14455,1687225039
cancel,12204,,,1687225615
cancel,17862,,,1687225615
cancel,18075,,,1687225615
cancel,24957,,,1687225615
newOrder,17862,0,11654,1687225640
newOrder,18075,1,11654,1687225640
newOrder,10717,0,56151,1687225640
newOrder,24999,1,56151,1687225640
cancel,10717,,,1687226216
cancel,17862,,,1687226216
cancel,18075,,,1687226216
cancel,24999,,,1687226216
newOrder,17862,0,11656,1687226239
newOrder,18075,1,11656,1687226239
newOrder,10717,0,42861,1687226239
newOrder,24999,1,42861,1687226239
cancel,10717,,,1687226815
cancel,17862,,,1687226815
cancel,18075,,,1687226815
cancel,24999,,,1687226815
newOrder,17862,0,11657,1687226839
newOrder,18075,1,11657,1687226839
newOrder,14002,0,12587,1687226839
newOrder,24957,1,12587,1687226839
cancel,14002,,,1687227415
cancel,17862,,,1687227415
cancel,18075,,,1687227415
cancel,24957,,,1687227415
newOrder,17862,0,11659,1687227440
newOrder,18075,1,11659,1687227440
newOrder,10717,0,28297,1687227440
newOrder,24957,1,28297,1687227440
cancel,10717,,,1687228015
cancel,17862,,,1687228015
cancel,18075,,,1687228015
cancel,24957,,,1687228015
newOrder,17862,0,11661,1687228039
newOrder,18075,1,11661,1687228039
newOrder,10717,0,37229,1687228039
newOrder,24999,1,37229,1687228039
cancel,10717,,,1687228616
cancel,17862,,,1687228616
cancel,18075,,,1687228616
cancel,24999,,,1687228616
newOrder,17862,0,11663,1687228644
newOrder,18075,1,11663,1687228644
newOrder,10717,0,57265,1687228644
newOrder,24999,1,57265,1687228644
cancel,10717,,,1687229215
cancel,17862,,,1687229215
cancel,18075,,,1687229215
cancel,24999,,,1687229215
newOrder,17862,0,11665,1687229240
newOrder,18075,1,11665,1687229240
newOrder,10717,0,43964,1687229240
newOrder,24999,1,43964,1687229240
cancel,10717,,,1687229820
cancel,17862,,,1687229820
cancel,18075,,,1687229820
cancel,24999,,,1687229820
newOrder,17862,0,11667,1687229844
newOrder,18075,1,11667,1687229844
newOrder,10717,0,49188,1687229844
newOrder,24999,1,49188,1687229844
cancel,10717,,,1687230415
cancel,17862,,,1687230415
cancel,18075,,,1687230415
cancel,24999,,,1687230415
newOrder,17862,0,11669,1687230439
newOrder,18075,1,11669,1687230439
newOrder,12204,0,17765,1687230439
newOrder,24957,1,17765,1687230439
cancel,12204,,,1687231016
cancel,17862,,,1687231016
cancel,18075,,,1687231016
cancel,24957,,,1687231016
newOrder,17862,0,11671,1687231039
newOrder,18075,1,11671,1687231039
newOrder,12204,0,16576,1687231039
newOrder,24957,1,16576,1687231039
cancel,12204,,,1687231615
cancel,17862,,,1687231615
cancel,18075,,,1687231615
cancel,24957,,,1687231615
newOrder,17862,0,11673,1687231639
newOrder,18075,1,11673,1687231639
newOrder,10717,0,41616,1687231639
newOrder,24999,1,41616,1687231639
cancel,10717,,,1687232217
cancel,17862,,,1687232217
cancel,18075,,,1687232217
cancel,24999,,,1687232217
newOrder,17862,0,11675,1687232242
newOrder,18075,1,11675,1687232242
newOrder,10717,0,38430,1687232242
newOrder,24999,1,38430,1687232242
cancel,10717,,,1687232817
cancel,17862,,,1687232817
cancel,18075,,,1687232817
cancel,24999,,,1687232817
newOrder,17862,0,11677,1687232841
newOrder,18075,1,11677,1687232841
newOrder,12204,0,16253,1687232841
newOrder,24957,1,16253,1687232841
cancel,12204,,,1687233415
cancel,17862,,,1687233415
cancel,18075,,,1687233415
cancel,24957,,,1687233415
newOrder,17862,0,11679,1687233440
newOrder,18075,1,11679,1687233440
newOrder,10717,0,27227,1687233440
newOrder,24957,1,27227,1687233440
cancel,10717,,,1687234016
cancel,17862,,,1687234016
cancel,18075,,,1687234016
cancel,24957,,,1687234016
newOrder,17862,0,11681,1687234041
newOrder,18075,1,11681,1687234041
newOrder,12204,0,13515,1687234041
newOrder,24957,1,13515,1687234041
cancel,12204,,,1687234615
cancel,17862,,,1687234615
cancel,18075,,,1687234615
cancel,24957,,,1687234615
newOrder,17862,0,11683,1687234640
newOrder,18075,1,11683,1687234640
newOrder,10717,0,30095,1687234640
newOrder,24957,1,30095,1687234640
cancel,10717,,,1687235215
cancel,17862,,,1687235215
cancel,18075,,,1687235215
cancel,24957,,,1687235215
newOrder,17862,0,11685,1687235240
newOrder,18075,1,11685,1687235240
newOrder,19999,1,8142,1687235240
cancel,17862,,,1687235817
cancel,18075,,,1687235817
cancel,19999,,,1687235817
newOrder,17862,0,11687,1687235840
newOrder,18075,1,11687,1687235840
newOrder,10717,0,38049,1687235840
newOrder,24999,1,38049,1687235840
cancel,10717,,,1687236415
cancel,17862,,,1687236415
cancel,18075,,,1687236415
cancel,24999,,,1687236415
newOrder,17862,0,11689,1687236439
newOrder,18075,1,11689,1687236439
newOrder,19999,1,10755,1687236439
cancel,17862,,,1687237017
cancel,18075,,,1687237017
cancel,19999,,,1687237017
newOrder,17862,0,11691,1687237041
newOrder,18075,1,11691,1687237041
newOrder,10717,0,45499,1687237041
newOrder,24999,1,45499,1687237041
cancel,10717,,,1687237615
cancel,17862,,,1687237615
cancel,18075,,,1687237615
cancel,24999,,,1687237615
newOrder,17862,0,11693,1687237639
newOrder,18075,1,11693,1687237639
newOrder,10717,0,42607,1687237639
newOrder,24999,1,42607,1687237639
cancel,10717,,,1687238216
cancel,17862,,,1687238216
cancel,18075,,,1687238216
cancel,24999,,,1687238216
newOrder,17862,0,11695,1687238240
newOrder,18075,1,11695,1687238240
newOrder,10717,0,54418,1687238240
newOrder,24999,1,54418,1687238240
cancel,10717,,,1687238815
cancel,17862,,,1687238815
cancel,18075,,,1687238815
cancel,24999,,,1687238815
newOrder,17862,0,11697,1687238838
newOrder,18075,1,11697,1687238838
newOrder,10717,0,37424,1687238838
newOrder,24999,1,37424,1687238838
cancel,10717,,,1687239415
cancel,17862,,,1687239415
cancel,18075,,,1687239415
cancel,24999,,,1687239415
newOrder,17862,0,11699,1687239438
newOrder,18075,1,11699,1687239438
newOrder,21899,1,11819,1687239438
cancel,17862,,,1687240016
cancel,18075,,,1687240016
cancel,21899,,,1687240016
newOrder,17862,0,11701,1687240038
newOrder,18075,1,11701,1687240038
newOrder,12204,0,18674,1687240038
newOrder,24957,1,18674,1687240038
cancel,12204,,,1687240615
cancel,17862,,,1687240615
cancel,18075,,,1687240615
cancel,24957,,,1687240615
newOrder,17862,0,11703,1687240639
newOrder,18075,1,11703,1687240639
newOrder,12002,0,24347,1687240639
newOrder,24957,1,24347,1687240639
cancel,12002,,,1687241215
cancel,17862,,,1687241215
cancel,18075,,,1687241215
cancel,24957,,,1687241215
newOrder,17862,0,11705,1687241240
newOrder,18075,1,11705,1687241240
newOrder,12204,0,12789,1687241240
newOrder,24957,1,12789,1687241240
cancel,12204,,,1687241816
cancel,17862,,,1687241816
cancel,18075,,,1687241816
cancel,24957,,,1687241816
newOrder,17862,0,11707,1687241841
newOrder,18075,1,11707,1687241841
newOrder,10717,0,35489,1687241841
newOrder,24957,1,35489,1687241841
cancel,10717,,,1687242416
cancel,17862,,,1687242416
cancel,18075,,,1687242416
cancel,24957,,,1687242416
newOrder,17862,0,11709,1687242441
newOrder,18075,1,11709,1687242441
newOrder,10717,0,31646,1687242441
newOrder,24957,1,31646,1687242441
cancel,10717,,,1687243014
cancel,17862,,,1687243014
cancel,18075,,,1687243014
cancel,24957,,,1687243014
newOrder,17862,0,11711,1687243040
newOrder,18075,1,11711,1687243040
newOrder,10717,0,27810,1687243040
newOrder,24957,1,27810,1687243040
cancel,10717,,,1687243615
cancel,17862,,,1687243615
cancel,18075,,,1687243615
cancel,24957,,,1687243615
newOrder,17862,0,11713,1687243640
newOrder,18075,1,11713,1687243640
newOrder,10717,0,50960,1687243640
newOrder,24999,1,50960,1687243640
cancel,10717,,,1687243891
cancel,17862,,,1687243891
cancel,18075,,,1687243891
cancel,24999,,,1687243891
newOrder,17780,0,11743,1687243899
newOrder,18083,1,11743,1687243899
newOrder,10668,0,35924,1687243899
newOrder,24957,1,35924,1687243899
cancel,10668,,,1687244199
cancel,17780,,,1687244199
cancel,18083,,,1687244199
cancel,24957,,,1687244199
newOrder,17691,0,11770,1687244206
newOrder,18090,1,11770,1687244206
newOrder,10614,0,56855,1687244206
newOrder,24999,1,56855,1687244206
cancel,10614,,,1687244214
cancel,17691,,,1687244214
cancel,18090,,,1687244214
cancel,24999,,,1687244214
newOrder,17773,0,11749,1687244239
newOrder,18075,1,11749,1687244239
newOrder,12204,0,16502,1687244239
newOrder,24957,1,16502,1687244239
cancel,12204,,,1687244816
cancel,17773,,,1687244816
cancel,18075,,,1687244816
cancel,24957,,,1687244816
newOrder,17773,0,11751,1687244840
newOrder,18075,1,11751,1687244840
newOrder,10664,0,59690,1687244840
newOrder,24999,1,59690,1687244840
cancel,10664,,,1687245415
cancel,17773,,,1687245415
cancel,18075,,,1687245415
cancel,24999,,,1687245415
newOrder,17773,0,11753,1687245439
newOrder,18075,1,11753,1687245439
newOrder,10664,0,27948,1687245439
newOrder,24957,1,27948,1687245439
cancel,10664,,,1687246015
cancel,17773,,,1687246015
cancel,18075,,,1687246015
cancel,24957,,,1687246015
newOrder,17773,0,11755,1687246039
newOrder,18075,1,11755,1687246039
newOrder,10664,0,51815,1687246039
newOrder,24999,1,51815,1687246039
cancel,10664,,,1687246615
cancel,17773,,,1687246615
cancel,18075,,,1687246615
cancel,24999,,,1687246615
newOrder,17773,0,11757,1687246640
newOrder,18075,1,11757,1687246640
newOrder,10664,0,43223,1687246640
newOrder,24999,1,43223,1687246640
cancel,10664,,,1687247215
cancel,17773,,,1687247215
cancel,18075,,,1687247215
cancel,24999,,,1687247215
newOrder,17614,0,11801,1687247240
newOrder,18075,1,11801,1687247240
newOrder,10569,0,32037,1687247240
newOrder,24957,1,32037,1687247240
cancel,10569,,,1687247815
cancel,17614,,,1687247815
cancel,18075,,,1687247815
cancel,24957,,,1687247815
newOrder,17613,0,11804,1687247839
newOrder,18075,1,11804,1687247839
newOrder,10568,0,36708,1687247839
newOrder,24957,1,36708,1687247839
cancel,10568,,,1687248415
cancel,17613,,,1687248415
cancel,18075,,,1687248415
cancel,24957,,,1687248415
newOrder,17596,0,11809,1687248440
newOrder,18075,1,11809,1687248440
newOrder,10558,0,30636,1687248440
newOrder,24957,1,30636,1687248440
cancel,10558,,,1687249017
cancel,17596,,,1687249017
cancel,18075,,,1687249017
cancel,24957,,,1687249017
newOrder,17544,0,11818,1687249043
newOrder,18075,1,11818,1687249043
newOrder,10527,0,30803,1687249043
newOrder,24957,1,30803,1687249043
cancel,10527,,,1687249615
cancel,17544,,,1687249615
cancel,18075,,,1687249615
cancel,24957,,,1687249615
newOrder,17543,0,11820,1687249639
newOrder,18075,1,11820,1687249639
newOrder,12204,0,15436,1687249639
newOrder,24957,1,15436,1687249639
cancel,12204,,,1687250217
cancel,17543,,,1687250217
cancel,18075,,,1687250217
cancel,24957,,,1687250217
newOrder,17542,0,11822,1687250242
newOrder,18075,1,11822,1687250242
newOrder,10525,0,35240,1687250242
newOrder,24957,1,35240,1687250242
cancel,10525,,,1687250816
cancel,17542,,,1687250816
cancel,18075,,,1687250816
cancel,24957,,,1687250816
newOrder,17542,0,11824,1687250840
newOrder,18075,1,11824,1687250840
newOrder,10525,0,34095,1687250840
newOrder,24957,1,34095,1687250840
cancel,10525,,,1687251416
cancel,17542,,,1687251416
cancel,18075,,,1687251416
cancel,24957,,,1687251416
newOrder,17542,0,11826,1687251440
newOrder,18075,1,11826,1687251440
newOrder,10525,0,39022,1687251440
newOrder,24999,1,39022,1687251440
cancel,10525,,,1687252015
cancel,17542,,,1687252015
cancel,18075,,,1687252015
cancel,24999,,,1687252015
newOrder,17542,0,11828,1687252038
newOrder,18075,1,11828,1687252038
newOrder,10525,0,49445,1687252038
newOrder,24999,1,49445,1687252038
cancel,10525,,,1687252615
cancel,17542,,,1687252615
cancel,18075,,,1687252615
cancel,24999,,,1687252615
newOrder,17542,0,11830,1687252638
newOrder,18075,1,11830,1687252638
newOrder,12204,0,18487,1687252638
newOrder,24957,1,18487,1687252638
cancel,12204,,,1687253217
cancel,17542,,,1687253217
cancel,18075,,,1687253217
cancel,24957,,,1687253217
newOrder,17542,0,11832,1687253242
newOrder,18075,1,11832,1687253242
newOrder,12204,0,19613,1687253242
newOrder,24957,1,19613,1687253242
cancel,12204,,,1687253816
cancel,17542,,,1687253816
cancel,18075,,,1687253816
cancel,24957,,,1687253816
newOrder,17516,0,11837,1687253846
newOrder,18075,1,11837,1687253846
newOrder,10509,0,58126,1687253846
newOrder,24999,1,58126,1687253846
cancel,10509,,,1687254415
cancel,17516,,,1687254415
cancel,18075,,,1687254415
cancel,24999,,,1687254415
newOrder,17542,0,11836,1687254441
newOrder,18075,1,11836,1687254441
newOrder,10525,0,35377,1687254441
newOrder,24957,1,35377,1687254441
cancel,10525,,,1687255015
cancel,17542,,,1687255015
cancel,18075,,,1687255015
cancel,24957,,,1687255015
newOrder,17517,0,11840,1687255041
newOrder,18075,1,11840,1687255041
newOrder,15217,0,10962,1687255041
newOrder,19999,1,10962,1687255041
cancel,15217,,,1687255616
cancel,17517,,,1687255616
cancel,18075,,,1687255616
cancel,19999,,,1687255616
newOrder,17542,0,11840,1687255639
newOrder,18075,1,11840,1687255639
newOrder,10525,0,40808,1687255639
newOrder,24999,1,40808,1687255639
cancel,10525,,,1687256215
cancel,17542,,,1687256215
cancel,18075,,,1687256215
cancel,24999,,,1687256215
newOrder,17542,0,11842,1687256241
newOrder,18075,1,11842,1687256241
newOrder,10525,0,46004,1687256241
newOrder,24999,1,46004,1687256241
cancel,10525,,,1687256815
cancel,17542,,,1687256815
cancel,18075,,,1687256815
cancel,24999,,,1687256815
newOrder,17542,0,11844,1687256839
newOrder,18075,1,11844,1687256839
newOrder,10525,0,41062,1687256839
newOrder,24999,1,41062,1687256839
cancel,10525,,,1687257417
cancel,17542,,,1687257417
cancel,18075,,,1687257417
cancel,24999,,,1687257417
newOrder,17516,0,11849,1687257441
newOrder,18075,1,11849,1687257441
newOrder,10509,0,38436,1687257441
newOrder,24999,1,38436,1687257441
cancel,10509,,,1687258015
cancel,17516,,,1687258015
cancel,18075,,,1687258015
cancel,24999,,,1687258015
newOrder,17516,0,11851,1687258039
newOrder,18075,1,11851,1687258039
newOrder,10509,0,45353,1687258039
newOrder,24999,1,45353,1687258039
cancel,10509,,,1687258616
cancel,17516,,,1687258616
cancel,18075,,,1687258616
cancel,24999,,,1687258616
newOrder,17542,0,11850,1687258639
newOrder,18075,1,11850,1687258639
newOrder,10525,0,39717,1687258639
newOrder,24999,1,39717,1687258639
cancel,10525,,,1687259217
cancel,17542,,,1687259217
cancel,18075,,,1687259217
cancel,24999,,,1687259217
newOrder,17516,0,11855,1687259241
newOrder,18075,1,11855,1687259241
newOrder,12162,0,20932,1687259241
newOrder,24957,1,20932,1687259241
cancel,12162,,,1687259816
cancel,17516,,,1687259816
cancel,18075,,,1687259816
cancel,24957,,,1687259816
newOrder,17542,0,11854,1687259840
newOrder,18075,1,11854,1687259840
newOrder,10525,0,60650,1687259840
newOrder,24999,1,60650,1687259840
cancel,10525,,,1687260415
cancel,17542,,,1687260415
cancel,18075,,,1687260415
cancel,24999,,,1687260415
newOrder,17516,0,11859,1687260439
newOrder,18075,1,11859,1687260439
newOrder,12204,0,14651,1687260439
newOrder,24957,1,14651,1687260439
cancel,12204,,,1687261015
cancel,17516,,,1687261015
cancel,18075,,,1687261015
cancel,24957,,,1687261015
newOrder,17515,0,11861,1687261039
newOrder,18075,1,11861,1687261039
newOrder,15217,0,9137,1687261039
newOrder,19999,1,9137,1687261039
cancel,15217,,,1687261615
cancel,17515,,,1687261615
cancel,18075,,,1687261615
cancel,19999,,,1687261615
newOrder,17515,0,11863,1687261641
newOrder,18075,1,11863,1687261641
newOrder,10509,0,63638,1687261641
newOrder,24999,1,63638,1687261641
cancel,10509,,,1687262217
cancel,17515,,,1687262217
cancel,18075,,,1687262217
cancel,24999,,,1687262217
newOrder,17516,0,11865,1687262243
newOrder,18075,1,11865,1687262243
newOrder,10510,0,41532,1687262243
newOrder,24999,1,41532,1687262243
cancel,10510,,,1687262817
cancel,17516,,,1687262817
cancel,18075,,,1687262817
cancel,24999,,,1687262817
newOrder,17516,0,11867,1687262841
newOrder,18075,1,11867,1687262841
newOrder,10510,0,34989,1687262841
newOrder,24957,1,34989,1687262841