instruction,price,side,qty,time
cancel,10626,,,1684325754
cancel,17710,,,1684325754
cancel,19066,,,1684325754
cancel,24999,,,1684325754
newOrder,17708,0,9927,1684325784
newOrder,19066,1,9927,1684325784
newOrder,12178,0,10337,1684325784
newOrder,21999,1,10337,1684325784
cancel,12178,,,1684326354
cancel,17708,,,1684326354
cancel,19066,,,1684326354
cancel,21999,,,1684326354
newOrder,17708,0,9929,1684326383
newOrder,19066,1,9929,1684326383
newOrder,10625,0,47429,1684326383
newOrder,24999,1,47429,1684326383
cancel,10625,,,1684326954
cancel,17708,,,1684326954
cancel,19066,,,1684326954
cancel,24999,,,1684326954
newOrder,17708,0,9931,1684326983
newOrder,19066,1,9931,1684326983
newOrder,12176,0,17793,1684326983
newOrder,24957,1,17793,1684326983
cancel,12176,,,1684327553
cancel,17708,,,1684327553
cancel,19066,,,1684327553
cancel,24957,,,1684327553
newOrder,17708,0,9932,1684327580
newOrder,19066,1,9932,1684327580
cancel,17708,,,1684328153
cancel,19066,,,1684328153
newOrder,17708,0,9934,1684328180
newOrder,19066,1,9934,1684328180
newOrder,12176,0,25311,1684328180
newOrder,24957,1,25311,1684328180
cancel,12176,,,1684328754
cancel,17708,,,1684328754
cancel,19066,,,1684328754
cancel,24957,,,1684328754
newOrder,17708,0,9936,1684328781
newOrder,19066,1,9936,1684328781
newOrder,12176,0,30291,1684328781
newOrder,24957,1,30291,1684328781
cancel,12176,,,1684329353
cancel,17708,,,1684329353
cancel,19066,,,1684329353
cancel,24957,,,1684329353
newOrder,17708,0,9938,1684329381
newOrder,19066,1,9938,1684329381
newOrder,12176,0,20723,1684329381
newOrder,24957,1,20723,1684329381
cancel,12176,,,1684329955
cancel,17708,,,1684329955
cancel,19066,,,1684329955
cancel,24957,,,1684329955
newOrder,17708,0,9939,1684329982
newOrder,19066,1,9939,1684329982
newOrder,10625,0,48710,1684329982
newOrder,24999,1,48710,1684329982
cancel,10625,,,1684330555
cancel,17708,,,1684330555
cancel,19066,,,1684330555
cancel,24999,,,1684330555
newOrder,17721,0,9953,1684330583
newOrder,19066,1,9953,1684330583
newOrder,10633,0,47122,1684330583
newOrder,24999,1,47122,1684330583
cancel,10633,,,1684331154
cancel,17721,,,1684331154
cancel,19066,,,1684331154
cancel,24999,,,1684331154
newOrder,17721,0,9954,1684331184
newOrder,19066,1,9954,1684331184
newOrder,10633,0,45785,1684331184
newOrder,24999,1,45785,1684331184
cancel,10633,,,1684331754
cancel,17721,,,1684331754
cancel,19066,,,1684331754
cancel,24999,,,1684331754
newOrder,17721,0,9956,1684331782
newOrder,19066,1,9956,1684331782
newOrder,12176,0,24924,1684331782
newOrder,24957,1,24924,1684331782
cancel,12176,,,1684332356
cancel,17721,,,1684332356
cancel,19066,,,1684332356
cancel,24957,,,1684332356
newOrder,17721,0,9958,1684332385
newOrder,19066,1,9958,1684332385
newOrder,12176,0,29553,1684332385
newOrder,24957,1,29553,1684332385
cancel,12176,,,1684332953
cancel,17721,,,1684332953
cancel,19066,,,1684332953
cancel,24957,,,1684332953
newOrder,17721,0,9960,1684332983
newOrder,19066,1,9960,1684332983
newOrder,12178,0,12593,1684332983
newOrder,24957,1,12593,1684332983
cancel,12178,,,1684333554
cancel,17721,,,1684333554
cancel,19066,,,1684333554
cancel,24957,,,1684333554
newOrder,17721,0,9961,1684333582
newOrder,19066,1,9961,1684333582
newOrder,12176,0,25931,1684333582
newOrder,24957,1,25931,1684333582
cancel,12176,,,1684334154
cancel,17721,,,1684334154
cancel,19066,,,1684334154
cancel,24957,,,1684334154
newOrder,17664,0,9911,1684334183
newOrder,19066,1,9911,1684334183
newOrder,10599,0,44596,1684334183
newOrder,24999,1,44596,1684334183
cancel,10599,,,1684334754
cancel,17664,,,1684334754
cancel,19066,,,1684334754
cancel,24999,,,1684334754
newOrder,17664,0,9913,1684334783
newOrder,19066,1,9913,1684334783
newOrder,12176,0,21597,1684334783
newOrder,24957,1,21597,1684334783
cancel,12176,,,1684335354
cancel,17664,,,1684335354
cancel,19066,,,1684335354
cancel,24957,,,1684335354
newOrder,17665,0,9915,1684335382
newOrder,19066,1,9915,1684335382
newOrder,10599,0,39671,1684335382
newOrder,24999,1,39671,1684335382
cancel,10599,,,1684335954
cancel,17665,,,1684335954
cancel,19066,,,1684335954
cancel,24999,,,1684335954
newOrder,17664,0,9916,1684335983
newOrder,19066,1,9916,1684335983
newOrder,12176,0,24287,1684335983
newOrder,24957,1,24287,1684335983
cancel,12176,,,1684336555
cancel,17664,,,1684336555
cancel,19066,,,1684336555
cancel,24957,,,1684336555
newOrder,17663,0,9917,1684336583
newOrder,19066,1,9917,1684336583
newOrder,10598,0,45921,1684336583
newOrder,24999,1,45921,1684336583
cancel,10598,,,1684337157
cancel,17663,,,1684337157
cancel,19066,,,1684337157
cancel,24999,,,1684337157
newOrder,17663,0,9919,1684337190
newOrder,19066,1,9919,1684337190
newOrder,10598,0,42754,1684337190
newOrder,24999,1,42754,1684337190
cancel,10598,,,1684337754
cancel,17663,,,1684337754
cancel,19066,,,1684337754
cancel,24999,,,1684337754
newOrder,17663,0,9921,1684337781
newOrder,19066,1,9921,1684337781
newOrder,12162,0,26079,1684337781
newOrder,24957,1,26079,1684337781
cancel,12162,,,1684338354
cancel,17663,,,1684338354
cancel,19066,,,1684338354
cancel,24957,,,1684338354
newOrder,17663,0,9922,1684338381
newOrder,19066,1,9922,1684338381
newOrder,12176,0,15296,1684338381
newOrder,24957,1,15296,1684338381
cancel,12176,,,1684338954
cancel,17663,,,1684338954
cancel,19066,,,1684338954
cancel,24957,,,1684338954
newOrder,17663,0,9924,1684338983
newOrder,19066,1,9924,1684338983
newOrder,12176,0,17705,1684338983
newOrder,24957,1,17705,1684338983
cancel,12176,,,1684339554
cancel,17663,,,1684339554
cancel,19066,,,1684339554
cancel,24957,,,1684339554
newOrder,17664,0,9927,1684339582
newOrder,19066,1,9927,1684339582
newOrder,10599,0,41016,1684339582
newOrder,24999,1,41016,1684339582
cancel,10599,,,1684340155
cancel,17664,,,1684340155
cancel,19066,,,1684340155
cancel,24999,,,1684340155
newOrder,17663,0,9927,1684340184
newOrder,19066,1,9927,1684340184
newOrder,10598,0,52643,1684340184
newOrder,24999,1,52643,1684340184
cancel,10598,,,1684340753
cancel,17663,,,1684340753
cancel,19066,,,1684340753
cancel,24999,,,1684340753
newOrder,17700,0,9963,1684340781
newOrder,19066,1,9963,1684340781
newOrder,12162,0,26865,1684340781
newOrder,24957,1,26865,1684340781
cancel,12162,,,1684341354
cancel,17700,,,1684341354
cancel,19066,,,1684341354
cancel,24957,,,1684341354
newOrder,17777,0,10032,1684341382
newOrder,19066,1,10032,1684341382
newOrder,12176,0,11185,1684341382
newOrder,24957,1,11185,1684341382
cancel,12176,,,1684341954
cancel,17777,,,1684341954
cancel,19066,,,1684341954
cancel,24957,,,1684341954
newOrder,17777,0,10033,1684341984
newOrder,19066,1,10033,1684341984
newOrder,10666,0,43569,1684341984
newOrder,24999,1,43569,1684341984
cancel,10666,,,1684342554
cancel,17777,,,1684342554
cancel,19066,,,1684342554
cancel,24999,,,1684342554
newOrder,17777,0,10035,1684342582
newOrder,19066,1,10035,1684342582
newOrder,12176,0,18303,1684342582
newOrder,24957,1,18303,1684342582
cancel,12176,,,1684343153
cancel,17777,,,1684343153
cancel,19066,,,1684343153
cancel,24957,,,1684343153
newOrder,17777,0,10037,1684343182
newOrder,19066,1,10037,1684343182
newOrder,12176,0,21939,1684343182
newOrder,24957,1,21939,1684343182
cancel,12176,,,1684343754
cancel,17777,,,1684343754
cancel,19066,,,1684343754
cancel,24957,,,1684343754
newOrder,17777,0,10039,1684343783
newOrder,19066,1,10039,1684343783
newOrder,10666,0,53126,1684343783
newOrder,24999,1,53126,1684343783
cancel,10666,,,1684344354
cancel,17777,,,1684344354
cancel,19066,,,1684344354
cancel,24999,,,1684344354
newOrder,17777,0,10041,1684344383
newOrder,19066,1,10041,1684344383
newOrder,10666,0,51089,1684344383
newOrder,24999,1,51089,1684344383
cancel,10666,,,1684344953
cancel,17777,,,1684344953
cancel,19066,,,1684344953
cancel,24999,,,1684344953
newOrder,17739,0,10010,1684344982
newOrder,19066,1,10010,1684344982
newOrder,10643,0,34095,1684344982
newOrder,24957,1,34095,1684344982
cancel,10643,,,1684345554
cancel,17739,,,1684345554
cancel,19066,,,1684345554
cancel,24957,,,1684345554
newOrder,17739,0,10012,1684345583
newOrder,19066,1,10012,1684345583
cancel,17739,,,1684346154
cancel,19066,,,1684346154
newOrder,17739,0,10013,1684346184
newOrder,19066,1,10013,1684346184
newOrder,12176,0,28074,1684346184
newOrder,24957,1,28074,1684346184
cancel,12176,,,1684346754
cancel,17739,,,1684346754
cancel,19066,,,1684346754
cancel,24957,,,1684346754
newOrder,17739,0,10015,1684346783
newOrder,19066,1,10015,1684346783
newOrder,10643,0,51055,1684346783
newOrder,24999,1,51055,1684346783
cancel,10643,,,1684347355
cancel,17739,,,1684347355
cancel,19066,,,1684347355
cancel,24999,,,1684347355
newOrder,17739,0,10017,1684347386
newOrder,19066,1,10017,1684347386
newOrder,10643,0,39193,1684347386
newOrder,24999,1,39193,1684347386
cancel,10643,,,1684347954
cancel,17739,,,1684347954
cancel,19066,,,1684347954
cancel,24999,,,1684347954
newOrder,17739,0,10019,1684347982
newOrder,19066,1,10019,1684347982
cancel,17739,,,1684348553
cancel,19066,,,1684348553
newOrder,17739,0,10020,1684348584
newOrder,19066,1,10020,1684348584
newOrder,12176,0,32255,1684348584
newOrder,24957,1,32255,1684348584
cancel,12176,,,1684349156
cancel,17739,,,1684349156
cancel,19066,,,1684349156
cancel,24957,,,1684349156
newOrder,17739,0,10022,1684349183
newOrder,19066,1,10022,1684349183
cancel,17739,,,1684349754
cancel,19066,,,1684349754
newOrder,17739,0,10024,1684349783
newOrder,19066,1,10024,1684349783
newOrder,10643,0,46919,1684349783
newOrder,24999,1,46919,1684349783
cancel,10643,,,1684350354
cancel,17739,,,1684350354
cancel,19066,,,1684350354
cancel,24999,,,1684350354
newOrder,17739,0,10026,1684350383
newOrder,19066,1,10026,1684350383
newOrder,12162,0,34233,1684350383
newOrder,24957,1,34233,1684350383
cancel,12162,,,1684350954
cancel,17739,,,1684350954
cancel,19066,,,1684350954
cancel,24957,,,1684350954
newOrder,17739,0,10028,1684350986
newOrder,19066,1,10028,1684350986
newOrder,10643,0,41270,1684350986
newOrder,24999,1,41270,1684350986
cancel,10643,,,1684351555
cancel,17739,,,1684351555
cancel,19066,,,1684351555
cancel,24999,,,1684351555
newOrder,17739,0,10029,1684351583
newOrder,19066,1,10029,1684351583
newOrder,12126,0,36475,1684351583
newOrder,24999,1,36475,1684351583
cancel,12126,,,1684352153
cancel,17739,,,1684352153
cancel,19066,,,1684352153
cancel,24999,,,1684352153
newOrder,17739,0,10031,1684352183
newOrder,19066,1,10031,1684352183
newOrder,12176,0,27158,1684352183
newOrder,24957,1,27158,1684352183
cancel,12176,,,1684352754
cancel,17739,,,1684352754
cancel,19066,,,1684352754
cancel,24957,,,1684352754
newOrder,17739,0,10033,1684352781
newOrder,19066,1,10033,1684352781
newOrder,12176,0,21518,1684352781
newOrder,24957,1,21518,1684352781
cancel,12176,,,1684353353
cancel,17739,,,1684353353
cancel,19066,,,1684353353
cancel,24957,,,1684353353
newOrder,17739,0,10035,1684353386
newOrder,19066,1,10035,1684353386
newOrder,10643,0,49380,1684353386
newOrder,24999,1,49380,1684353386
cancel,10643,,,1684353954
cancel,17739,,,1684353954
cancel,19066,,,1684353954
cancel,24999,,,1684353954
newOrder,17739,0,10036,1684353986
newOrder,19066,1,10036,1684353986
newOrder,10643,0,45218,1684353986
newOrder,24999,1,45218,1684353986
cancel,10643,,,1684354554
cancel,17739,,,1684354554
cancel,19066,,,1684354554
cancel,24999,,,1684354554
newOrder,17739,0,10038,1684354581
newOrder,19066,1,10038,1684354581
cancel,17739,,,1684355153
cancel,19066,,,1684355153
newOrder,17739,0,10040,1684355184
newOrder,19066,1,10040,1684355184
newOrder,12176,0,22445,1684355184
newOrder,24957,1,22445,1684355184
cancel,12176,,,1684355753
cancel,17739,,,1684355753
cancel,19066,,,1684355753
cancel,24957,,,1684355753
newOrder,17739,0,10042,1684355783
newOrder,19066,1,10042,1684355783
newOrder,12176,0,32357,1684355783
newOrder,24957,1,32357,1684355783
cancel,12176,,,1684356353
cancel,17739,,,1684356353
cancel,19066,,,1684356353
cancel,24957,,,1684356353
newOrder,17739,0,10044,1684356382
newOrder,19066,1,10044,1684356382
newOrder,10643,0,49450,1684356382
newOrder,24999,1,49450,1684356382
cancel,10643,,,1684356954
cancel,17739,,,1684356954
cancel,19066,,,1684356954
cancel,24999,,,1684356954
newOrder,17739,0,10045,1684356983
newOrder,19066,1,10045,1684356983
newOrder,12176,0,23538,1684356983
newOrder,24957,1,23538,1684356983
cancel,12176,,,1684357554
cancel,17739,,,1684357554
cancel,19066,,,1684357554
cancel,24957,,,1684357554
newOrder,17739,0,10047,1684357585
newOrder,19066,1,10047,1684357585
newOrder,12176,0,25897,1684357585
newOrder,24957,1,25897,1684357585
cancel,12176,,,1684358154
cancel,17739,,,1684358154
cancel,19066,,,1684358154
cancel,24957,,,1684358154
newOrder,17739,0,10049,1684358183
newOrder,19066,1,10049,1684358183
newOrder,12176,0,26361,1684358183
newOrder,24957,1,26361,1684358183
cancel,12176,,,1684358754
cancel,17739,,,1684358754
cancel,19066,,,1684358754
cancel,24957,,,1684358754
newOrder,17739,0,10051,1684358784
newOrder,19066,1,10051,1684358784
newOrder,12176,0,32689,1684358784
newOrder,24957,1,32689,1684358784
cancel,12176,,,1684359354
cancel,17739,,,1684359354
cancel,19066,,,1684359354
cancel,24957,,,1684359354
newOrder,17739,0,10053,1684359382
newOrder,19066,1,10053,1684359382
newOrder,12177,0,15471,1684359382
newOrder,24957,1,15471,1684359382
cancel,12177,,,1684359954
cancel,17739,,,1684359954
cancel,19066,,,1684359954
cancel,24957,,,1684359954
newOrder,17739,0,10054,1684359982
newOrder,19066,1,10054,1684359982
newOrder,10643,0,49457,1684359982
newOrder,24999,1,49457,1684359982
cancel,10643,,,1684360555
cancel,17739,,,1684360555
cancel,19066,,,1684360555
cancel,24999,,,1684360555
newOrder,17739,0,10056,1684360585
newOrder,19066,1,10056,1684360585
newOrder,12177,0,16283,1684360585
newOrder,24957,1,16283,1684360585
cancel,12177,,,1684361153
cancel,17739,,,1684361153
cancel,19066,,,1684361153
cancel,24957,,,1684361153
newOrder,17739,0,10058,1684361184
newOrder,19066,1,10058,1684361184
newOrder,12176,0,22398,1684361184
newOrder,24957,1,22398,1684361184
cancel,12176,,,1684361753
cancel,17739,,,1684361753
cancel,19066,,,1684361753
cancel,24957,,,1684361753
newOrder,17739,0,10060,1684361781
newOrder,19066,1,10060,1684361781
newOrder,12126,0,36395,1684361781
newOrder,24999,1,36395,1684361781
cancel,12126,,,1684362354
cancel,17739,,,1684362354
cancel,19066,,,1684362354
cancel,24999,,,1684362354
newOrder,17739,0,10062,1684362381
newOrder,19066,1,10062,1684362381
cancel,17739,,,1684362954
cancel,19066,,,1684362954
newOrder,17739,0,10063,1684362984
newOrder,19066,1,10063,1684362984
newOrder,12176,0,25258,1684362984
newOrder,24957,1,25258,1684362984
cancel,12176,,,1684363554
cancel,17739,,,1684363554
cancel,19066,,,1684363554
cancel,24957,,,1684363554
newOrder,17739,0,10065,1684363584
newOrder,19066,1,10065,1684363584
newOrder,12176,0,30433,1684363584
newOrder,24957,1,30433,1684363584
cancel,12176,,,1684364154
cancel,17739,,,1684364154
cancel,19066,,,1684364154
cancel,24957,,,1684364154
newOrder,17739,0,10067,1684364181
newOrder,19066,1,10067,1684364181
cancel,17739,,,1684364756
cancel,19066,,,1684364756
newOrder,17739,0,10069,1684364785
newOrder,19066,1,10069,1684364785
newOrder,10643,0,54250,1684364785
newOrder,24999,1,54250,1684364785
cancel,10643,,,1684365354
cancel,17739,,,1684365354
cancel,19066,,,1684365354
cancel,24999,,,1684365354
newOrder,17739,0,10071,1684365382
newOrder,19066,1,10071,1684365382
newOrder,10643,0,40140,1684365382
newOrder,24999,1,40140,1684365382
cancel,10643,,,1684365954
cancel,17739,,,1684365954
cancel,19066,,,1684365954
cancel,24999,,,1684365954
newOrder,17739,0,10072,1684365983
newOrder,19066,1,10072,1684365983
newOrder,12162,0,33560,1684365983
newOrder,24957,1,33560,1684365983
cancel,12162,,,1684366554
cancel,17739,,,1684366554
cancel,19066,,,1684366554
cancel,24957,,,1684366554
newOrder,17739,0,10074,1684366582
newOrder,19066,1,10074,1684366582
newOrder,10643,0,50314,1684366582
newOrder,24999,1,50314,1684366582
cancel,10643,,,1684367154
cancel,17739,,,1684367154
cancel,19066,,,1684367154
cancel,24999,,,1684367154
newOrder,17739,0,10076,1684367183
newOrder,19066,1,10076,1684367183
newOrder,12177,0,18238,1684367183
newOrder,24957,1,18238,1684367183
cancel,12177,,,1684367754
cancel,17739,,,1684367754
cancel,19066,,,1684367754
cancel,24957,,,1684367754
newOrder,17739,0,10078,1684367783
newOrder,19066,1,10078,1684367783
newOrder,12176,0,31393,1684367783
newOrder,24957,1,31393,1684367783
cancel,12176,,,1684368354
cancel,17739,,,1684368354
cancel,19066,,,1684368354
cancel,24957,,,1684368354
newOrder,17739,0,10080,1684368382
newOrder,19066,1,10080,1684368382
newOrder,12178,0,10924,1684368382
newOrder,24957,1,10924,1684368382
cancel,12178,,,1684368953
cancel,17739,,,1684368953
cancel,19066,,,1684368953
cancel,24957,,,1684368953
newOrder,17739,0,10081,1684368991
newOrder,19066,1,10081,1684368991
newOrder,10643,0,42098,1684368991
newOrder,24999,1,42098,1684368991
cancel,10643,,,1684369554
cancel,17739,,,1684369554
cancel,19066,,,1684369554
cancel,24999,,,1684369554
newOrder,17739,0,10083,1684369583
newOrder,19066,1,10083,1684369583
newOrder,12178,0,14182,1684369583
newOrder,24957,1,14182,1684369583
cancel,12178,,,1684370154
cancel,17739,,,1684370154
cancel,19066,,,1684370154
cancel,24957,,,1684370154
newOrder,17739,0,10085,1684370182
newOrder,19066,1,10085,1684370182
newOrder,10643,0,39270,1684370182
newOrder,24999,1,39270,1684370182
cancel,10643,,,1684370754
cancel,17739,,,1684370754
cancel,19066,,,1684370754
cancel,24999,,,1684370754
newOrder,17739,0,10087,1684370783
newOrder,19066,1,10087,1684370783
newOrder,12162,0,34648,1684370783
newOrder,24957,1,34648,1684370783
cancel,12162,,,1684371354
cancel,17739,,,1684371354
cancel,19066,,,1684371354
cancel,24957,,,1684371354
newOrder,17739,0,10089,1684371384
newOrder,19066,1,10089,1684371384
newOrder,12176,0,28997,1684371384
newOrder,24957,1,28997,1684371384
cancel,12176,,,1684371954
cancel,17739,,,1684371954
cancel,19066,,,1684371954
cancel,24957,,,1684371954
newOrder,17739,0,10091,1684371982
newOrder,19066,1,10091,1684371982
newOrder,12178,0,10133,1684371982
cancel,12178,,,1684372554
cancel,17739,,,1684372554
cancel,19066,,,1684372554
newOrder,17739,0,10092,1684372582
newOrder,19066,1,10092,1684372582
cancel,17739,,,1684373154
cancel,19066,,,1684373154
newOrder,17739,0,10094,1684373181
newOrder,19066,1,10094,1684373181
newOrder,12176,0,19040,1684373181
newOrder,24957,1,19040,1684373181
cancel,12176,,,1684373753
cancel,17739,,,1684373753
cancel,19066,,,1684373753
cancel,24957,,,1684373753
newOrder,17739,0,10096,1684373783
newOrder,19066,1,10096,1684373783
newOrder,10643,0,54334,1684373783
newOrder,24999,1,54334,1684373783
cancel,10643,,,1684374353
cancel,17739,,,1684374353
cancel,19066,,,1684374353
cancel,24999,,,1684374353
newOrder,17739,0,10098,1684374382
newOrder,19066,1,10098,1684374382
newOrder,10643,0,53455,1684374382
newOrder,24999,1,53455,1684374382
cancel,10643,,,1684374954
cancel,17739,,,1684374954
cancel,19066,,,1684374954
cancel,24999,,,1684374954
newOrder,17739,0,10100,1684374981
newOrder,19066,1,10100,1684374981
cancel,17739,,,1684375554
cancel,19066,,,1684375554
newOrder,17739,0,10101,1684375583
newOrder,19066,1,10101,1684375583
newOrder,10643,0,47099,1684375583
newOrder,24999,1,47099,1684375583
cancel,10643,,,1684376153
cancel,17739,,,1684376153
cancel,19066,,,1684376153
cancel,24999,,,1684376153
newOrder,17739,0,10103,1684376184
newOrder,19066,1,10103,1684376184
newOrder,10643,0,42579,1684376184
newOrder,24999,1,42579,1684376184
cancel,10643,,,1684376754
cancel,17739,,,1684376754
cancel,19066,,,1684376754
cancel,24999,,,1684376754
newOrder,17739,0,10105,1684376782
newOrder,19066,1,10105,1684376782
newOrder,12177,0,15399,1684376782
newOrder,24957,1,15399,1684376782
cancel,12177,,,1684377354
cancel,17739,,,1684377354
cancel,19066,,,1684377354
cancel,24957,,,1684377354
newOrder,17656,0,10028,1684377382
newOrder,19066,1,10028,1684377382
newOrder,12176,0,26322,1684377382
newOrder,24957,1,26322,1684377382
cancel,12176,,,1684377954
cancel,17656,,,1684377954
cancel,19066,,,1684377954
cancel,24957,,,1684377954
newOrder,17656,0,10030,1684377983
newOrder,19066,1,10030,1684377983
newOrder,10594,0,44073,1684377983
newOrder,24999,1,44073,1684377983
cancel,10594,,,1684378553
cancel,17656,,,1684378553
cancel,19066,,,1684378553
cancel,24999,,,1684378553
newOrder,17656,0,10031,1684378582
newOrder,19066,1,10031,1684378582
newOrder,10594,0,49405,1684378582
newOrder,24999,1,49405,1684378582
cancel,10594,,,1684379153
cancel,17656,,,1684379153
cancel,19066,,,1684379153
cancel,24999,,,1684379153
newOrder,17657,0,10034,1684379183
newOrder,19066,1,10034,1684379183
newOrder,12176,0,23945,1684379183
newOrder,24957,1,23945,1684379183
cancel,12176,,,1684379754
cancel,17657,,,1684379754
cancel,19066,,,1684379754
cancel,24957,,,1684379754
newOrder,17657,0,10036,1684379783
newOrder,19066,1,10036,1684379783
newOrder,12162,0,34686,1684379783
newOrder,24957,1,34686,1684379783
cancel,12162,,,1684380354
cancel,17657,,,1684380354
cancel,19066,,,1684380354
cancel,24957,,,1684380354
newOrder,17656,0,10037,1684380383
newOrder,19066,1,10037,1684380383
newOrder,12013,0,36893,1684380383
newOrder,24999,1,36893,1684380383
cancel,12013,,,1684380955
cancel,17656,,,1684380955
cancel,19066,,,1684380955
cancel,24999,,,1684380955
newOrder,17656,0,10039,1684380984
newOrder,19066,1,10039,1684380984
newOrder,12162,0,34142,1684380984
newOrder,24957,1,34142,1684380984
cancel,12162,,,1684381556
cancel,17656,,,1684381556
cancel,19066,,,1684381556
cancel,24957,,,1684381556
newOrder,17658,0,10042,1684381584
newOrder,19066,1,10042,1684381584
newOrder,10595,0,47179,1684381584
newOrder,24999,1,47179,1684381584
cancel,10595,,,1684382153
cancel,17658,,,1684382153
cancel,19066,,,1684382153
cancel,24999,,,1684382153
newOrder,17658,0,10044,1684382182
newOrder,19066,1,10044,1684382182
newOrder,12177,0,17358,1684382182
newOrder,24957,1,17358,1684382182
cancel,12177,,,1684382754
cancel,17658,,,1684382754
cancel,19066,,,1684382754
cancel,24957,,,1684382754
newOrder,17656,0,10044,1684382782
newOrder,19066,1,10044,1684382782
newOrder,10594,0,42536,1684382782
newOrder,24999,1,42536,1684382782
cancel,10594,,,1684383353
cancel,17656,,,1684383353
cancel,19066,,,1684383353
cancel,24999,,,1684383353
newOrder,17658,0,10047,1684383381
newOrder,19066,1,10047,1684383381
newOrder,12178,0,12463,1684383381
newOrder,24957,1,12463,1684383381
cancel,12178,,,1684383955
cancel,17658,,,1684383955
cancel,19066,,,1684383955
cancel,24957,,,1684383955
newOrder,17657,0,10049,1684383983
newOrder,19066,1,10049,1684383983
newOrder,10594,0,51029,1684383983
newOrder,24999,1,51029,1684383983
cancel,10594,,,1684384554
cancel,17657,,,1684384554
cancel,19066,,,1684384554
cancel,24999,,,1684384554
newOrder,17656,0,10050,1684384583
newOrder,19066,1,10050,1684384583
newOrder,12176,0,22508,1684384583
newOrder,24957,1,22508,1684384583
cancel,12176,,,1684385154
cancel,17656,,,1684385154
cancel,19066,,,1684385154
cancel,24957,,,1684385154
newOrder,17657,0,10052,1684385182
newOrder,19066,1,10052,1684385182
newOrder,10594,0,53817,1684385182
newOrder,24999,1,53817,1684385182
cancel,10594,,,1684385754
cancel,17657,,,1684385754
cancel,19066,,,1684385754
cancel,24999,,,1684385754
newOrder,17657,0,10054,1684385783
newOrder,19066,1,10054,1684385783
newOrder,12177,0,18269,1684385783
newOrder,24957,1,18269,1684385783
cancel,12177,,,1684386354
cancel,17657,,,1684386354
cancel,19066,,,1684386354
cancel,24957,,,1684386354
newOrder,17658,0,10057,1684386381
newOrder,19066,1,10057,1684386381
newOrder,12176,0,32140,1684386381
newOrder,24957,1,32140,1684386381
cancel,12176,,,1684386954
cancel,17658,,,1684386954
cancel,19066,,,1684386954
cancel,24957,,,1684386954
newOrder,17656,0,10057,1684386982
newOrder,19066,1,10057,1684386982
newOrder,12176,0,33024,1684386982
newOrder,24957,1,33024,1684386982
cancel,12176,,,1684387553
cancel,17656,,,1684387553
cancel,19066,,,1684387553
cancel,24957,,,1684387553
newOrder,17657,0,10059,1684387583
newOrder,19066,1,10059,1684387583
newOrder,12177,0,17645,1684387583
newOrder,24957,1,17645,1684387583
cancel,12177,,,1684388154
cancel,17657,,,1684388154
cancel,19066,,,1684388154
cancel,24957,,,1684388154
newOrder,17656,0,10060,1684388181
newOrder,19066,1,10060,1684388181
newOrder,10594,0,51811,1684388181
newOrder,24999,1,51811,1684388181
cancel,10594,,,1684388755
cancel,17656,,,1684388755
cancel,19066,,,1684388755
cancel,24999,,,1684388755
newOrder,17658,0,10063,1684388785
newOrder,19066,1,10063,1684388785
newOrder,10595,0,50133,1684388785
newOrder,24999,1,50133,1684388785
cancel,10595,,,1684389354
cancel,17658,,,1684389354
cancel,19066,,,1684389354
cancel,24999,,,1684389354
newOrder,17656,0,10063,1684389384
newOrder,19066,1,10063,1684389384
newOrder,12176,0,25820,1684389384
newOrder,24957,1,25820,1684389384
cancel,12176,,,1684390556
cancel,17656,,,1684390556
cancel,19066,,,1684390556
cancel,24957,,,1684390556
newOrder,17656,0,10067,1684390584
newOrder,19066,1,10067,1684390584
newOrder,10594,0,45053,1684390584
newOrder,24999,1,45053,1684390584
cancel,10594,,,1684391154
cancel,17656,,,1684391154
cancel,19066,,,1684391154
cancel,24999,,,1684391154
newOrder,17656,0,10068,1684391184
newOrder,19066,1,10068,1684391184
newOrder,12162,0,34372,1684391184
newOrder,24957,1,34372,1684391184
cancel,12162,,,1684391754
cancel,17656,,,1684391754
cancel,19066,,,1684391754
cancel,24957,,,1684391754
newOrder,17656,0,10071,1684391782
newOrder,19066,1,10071,1684391782
newOrder,12177,0,17524,1684391782
newOrder,24957,1,17524,1684391782
cancel,12177,,,1684392354
cancel,17656,,,1684392354
cancel,19066,,,1684392354
cancel,24957,,,1684392354
newOrder,17656,0,10073,1684392383
newOrder,19066,1,10073,1684392383
newOrder,12176,0,31523,1684392383
newOrder,24957,1,31523,1684392383
cancel,12176,,,1684392954
cancel,17656,,,1684392954
cancel,19066,,,1684392954
cancel,24957,,,1684392954
newOrder,17573,0,9986,1684392983
newOrder,19066,1,9986,1684392983
newOrder,12178,0,12315,1684392983
newOrder,24957,1,12315,1684392983
cancel,12178,,,1684393553
cancel,17573,,,1684393553
cancel,19066,,,1684393553
cancel,24957,,,1684393553
newOrder,17574,0,9988,1684393581
newOrder,19066,1,9988,1684393581
newOrder,12178,0,8961,1684393581
cancel,12178,,,1684394153
cancel,17574,,,1684394153
cancel,19066,,,1684394153
newOrder,17573,0,9989,1684394181
newOrder,19066,1,9989,1684394181
newOrder,12178,0,12868,1684394181
newOrder,24957,1,12868,1684394181
cancel,12178,,,1684394754
cancel,17573,,,1684394754
cancel,19066,,,1684394754
cancel,24957,,,1684394754
newOrder,17573,0,9991,1684394781
newOrder,19066,1,9991,1684394781
newOrder,10544,0,46556,1684394781
newOrder,24999,1,46556,1684394781
cancel,10544,,,1684395353
cancel,17573,,,1684395353
cancel,19066,,,1684395353
cancel,24999,,,1684395353
newOrder,17573,0,9993,1684395383
newOrder,19066,1,9993,1684395383
newOrder,12178,0,11724,1684395383
newOrder,24957,1,11724,1684395383
cancel,12178,,,1684395955
cancel,17573,,,1684395955
cancel,19066,,,1684395955
cancel,24957,,,1684395955
newOrder,17573,0,9994,1684395983
newOrder,19066,1,9994,1684395983
newOrder,12177,0,15405,1684395983
newOrder,24957,1,15405,1684395983
cancel,12177,,,1684396554
cancel,17573,,,1684396554
cancel,19066,,,1684396554
cancel,24957,,,1684396554
newOrder,17546,0,9966,1684396584
newOrder,19066,1,9966,1684396584
newOrder,12176,0,32495,1684396584
newOrder,24957,1,32495,1684396584
cancel,12176,,,1684397153
cancel,17546,,,1684397153
cancel,19066,,,1684397153
cancel,24957,,,1684397153
newOrder,17546,0,9967,1684397181
newOrder,19066,1,9967,1684397181
newOrder,12176,0,28197,1684397181
newOrder,24957,1,28197,1684397181
cancel,12176,,,1684397754
cancel,17546,,,1684397754
cancel,19066,,,1684397754
cancel,24957,,,1684397754
newOrder,17546,0,9969,1684397784
newOrder,19066,1,9969,1684397784
newOrder,10528,0,41003,1684397784
newOrder,24999,1,41003,1684397784
cancel,10528,,,1684398354
cancel,17546,,,1684398354
cancel,19066,,,1684398354
cancel,24999,,,1684398354
newOrder,17546,0,9971,1684398382
newOrder,19066,1,9971,1684398382
newOrder,12162,0,34903,1684398382
newOrder,24957,1,34903,1684398382
cancel,12162,,,1684398954
cancel,17546,,,1684398954
cancel,19066,,,1684398954
cancel,24957,,,1684398954
newOrder,17546,0,9972,1684398983
newOrder,19066,1,9972,1684398983
newOrder,12178,0,10834,1684398983
newOrder,24957,1,10834,1684398983
cancel,12178,,,1684399554
cancel,17546,,,1684399554
cancel,19066,,,1684399554
cancel,24957,,,1684399554
newOrder,17547,0,9975,1684399582
newOrder,19066,1,9975,1684399582
newOrder,12013,0,36935,1684399582
newOrder,24999,1,36935,1684399582
cancel,12013,,,1684400152
cancel,17547,,,1684400152
cancel,19066,,,1684400152
cancel,24999,,,1684400152
newOrder,17547,0,9976,1684400185
newOrder,19066,1,9976,1684400185
newOrder,12178,0,8908,1684400185
cancel,12178,,,1684400754
cancel,17547,,,1684400754
cancel,19066,,,1684400754
newOrder,17547,0,9978,1684400782
newOrder,19066,1,9978,1684400782
newOrder,12178,0,12901,1684400782
newOrder,24957,1,12901,1684400782
cancel,12178,,,1684401354
cancel,17547,,,1684401354
cancel,19066,,,1684401354
cancel,24957,,,1684401354
newOrder,17549,0,9982,1684401382
newOrder,19066,1,9982,1684401382
newOrder,10529,0,48470,1684401382
newOrder,24999,1,48470,1684401382
cancel,10529,,,1684401953
cancel,17549,,,1684401953
cancel,19066,,,1684401953
cancel,24999,,,1684401953
newOrder,17548,0,9982,1684401983
newOrder,19066,1,9982,1684401983
newOrder,10529,0,52678,1684401983
newOrder,24999,1,52678,1684401983
cancel,10529,,,1684402554
cancel,17548,,,1684402554
cancel,19066,,,1684402554
cancel,24999,,,1684402554
newOrder,17549,0,9986,1684402583
newOrder,19066,1,9986,1684402583
newOrder,12176,0,32520,1684402583
newOrder,24957,1,32520,1684402583
cancel,12176,,,1684403154
cancel,17549,,,1684403154
cancel,19066,,,1684403154
cancel,24957,,,1684403154
newOrder,17486,0,9913,1684403184
newOrder,19066,1,9913,1684403184
newOrder,12178,0,11285,1684403184
newOrder,24957,1,11285,1684403184
cancel,12178,,,1684403754
cancel,17486,,,1684403754
cancel,19066,,,1684403754
cancel,24957,,,1684403754
newOrder,17443,0,9861,1684403783
newOrder,19066,1,9861,1684403783
newOrder,12176,0,20748,1684403783
newOrder,24957,1,20748,1684403783
cancel,12176,,,1684404354
cancel,17443,,,1684404354
cancel,19066,,,1684404354
cancel,24957,,,1684404354
newOrder,17431,0,9847,1684404383
newOrder,19066,1,9847,1684404383
newOrder,12178,0,10641,1684404383
newOrder,24957,1,10641,1684404383
cancel,12178,,,1684404953
cancel,17431,,,1684404953
cancel,19066,,,1684404953
cancel,24957,,,1684404953
newOrder,17431,0,9849,1684404983
newOrder,19066,1,9849,1684404983
newOrder,12178,0,13067,1684404983
newOrder,24957,1,13067,1684404983
cancel,12178,,,1684405553
cancel,17431,,,1684405553
cancel,19066,,,1684405553
cancel,24957,,,1684405553
newOrder,17432,0,9852,1684405581
newOrder,19066,1,9852,1684405581
newOrder,12176,0,32347,1684405581
newOrder,24957,1,32347,1684405581
cancel,12176,,,1684406153
cancel,17432,,,1684406153
cancel,19066,,,1684406153
cancel,24957,,,1684406153
newOrder,17431,0,9853,1684406183
newOrder,19066,1,9853,1684406183
newOrder,12177,0,17754,1684406183
newOrder,24957,1,17754,1684406183
cancel,12177,,,1684406751
cancel,17431,,,1684406751
cancel,19066,,,1684406751
cancel,24957,,,1684406751
newOrder,17419,0,9838,1684406782
newOrder,19066,1,9838,1684406782
newOrder,12176,0,25299,1684406782
newOrder,24957,1,25299,1684406782
cancel,12176,,,1684407354
cancel,17419,,,1684407354
cancel,19066,,,1684407354
cancel,24957,,,1684407354
newOrder,17419,0,9840,1684407381
newOrder,19066,1,9840,1684407381
newOrder,12176,0,33063,1684407381
newOrder,24957,1,33063,1684407381
cancel,12176,,,1684407953
cancel,17419,,,1684407953
cancel,19066,,,1684407953
cancel,24957,,,1684407953
newOrder,17419,0,9841,1684407983
newOrder,19066,1,9841,1684407983
newOrder,12176,0,22847,1684407983
newOrder,24957,1,22847,1684407983
cancel,12176,,,1684408554
cancel,17419,,,1684408554
cancel,19066,,,1684408554
cancel,24957,,,1684408554
newOrder,17419,0,9843,1684408582
newOrder,19066,1,9843,1684408582
newOrder,12176,0,18219,1684408582
newOrder,24957,1,18219,1684408582
cancel,12176,,,1684409153
cancel,17419,,,1684409153
cancel,19066,,,1684409153
cancel,24957,,,1684409153
newOrder,17419,0,9844,1684409183
newOrder,19066,1,9844,1684409183
newOrder,12176,0,21955,1684409183
newOrder,24957,1,21955,1684409183
cancel,12176,,,1684409756
cancel,17419,,,1684409756
cancel,19066,,,1684409756
cancel,24957,,,1684409756
newOrder,17419,0,9846,1684409787
newOrder,19066,1,9846,1684409787
newOrder,10451,0,45450,1684409787
newOrder,24999,1,45450,1684409787
cancel,10451,,,1684410355
cancel,17419,,,1684410355
cancel,19066,,,1684410355
cancel,24999,,,1684410355
newOrder,17419,0,9848,1684410384
newOrder,19066,1,9848,1684410384
newOrder,12177,0,15112,1684410384
newOrder,24957,1,15112,1684410384
cancel,12177,,,1684410954
cancel,17419,,,1684410954
cancel,19066,,,1684410954
cancel,24957,,,1684410954
newOrder,17419,0,9850,1684410981
newOrder,19066,1,9850,1684410981
newOrder,12178,0,8671,1684410981
cancel,12178,,,1684411555
cancel,17419,,,1684411555
cancel,19066,,,1684411555
newOrder,17419,0,9851,1684411584
newOrder,19066,1,9851,1684411584
newOrder,10451,0,44209,1684411584
newOrder,24999,1,44209,1684411584