instruction,price,side,qty,time
cancel,10343,,,1687695416
cancel,17239,,,1687695416
cancel,18075,,,1687695416
cancel,24999,,,1687695416
newOrder,17241,0,18681,1687695440
newOrder,18075,1,18681,1687695440
newOrder,10344,0,56901,1687695440
newOrder,24999,1,56901,1687695440
cancel,10344,,,1687696016
cancel,17241,,,1687696016
cancel,18075,,,1687696016
cancel,24999,,,1687696016
newOrder,17238,0,18683,1687696038
newOrder,18075,1,18683,1687696038
newOrder,10343,0,42883,1687696038
newOrder,24957,1,42883,1687696038
cancel,10343,,,1687696615
cancel,17238,,,1687696615
cancel,18075,,,1687696615
cancel,24957,,,1687696615
newOrder,17239,0,18690,1687696637
newOrder,18075,1,18690,1687696637
newOrder,10343,0,87450,1687696637
newOrder,24999,1,87450,1687696637
cancel,10343,,,1687697216
cancel,17239,,,1687697216
cancel,18075,,,1687697216
cancel,24999,,,1687697216
newOrder,17239,0,18696,1687697238
newOrder,18075,1,18696,1687697238
newOrder,10343,0,89842,1687697238
newOrder,24999,1,89842,1687697238
cancel,10343,,,1687697815
cancel,17239,,,1687697815
cancel,18075,,,1687697815
cancel,24999,,,1687697815
newOrder,17238,0,18700,1687697838
newOrder,18075,1,18700,1687697838
newOrder,10526,0,31164,1687697838
newOrder,24957,1,31164,1687697838
cancel,10526,,,1687698416
cancel,17238,,,1687698416
cancel,18075,,,1687698416
cancel,24957,,,1687698416
newOrder,17240,0,18710,1687698438
newOrder,18075,1,18710,1687698438
newOrder,10344,0,67901,1687698438
newOrder,24999,1,67901,1687698438
cancel,10344,,,1687699016
cancel,17240,,,1687699016
cancel,18075,,,1687699016
cancel,24999,,,1687699016
newOrder,17239,0,18715,1687699038
newOrder,18075,1,18715,1687699038
newOrder,16975,0,12248,1687699038
cancel,16975,,,1687699616
cancel,17239,,,1687699616
cancel,18075,,,1687699616
newOrder,17238,0,18719,1687699639
newOrder,18075,1,18719,1687699639
newOrder,10343,0,82931,1687699639
newOrder,24999,1,82931,1687699639
cancel,10343,,,1687700215
cancel,17238,,,1687700215
cancel,18075,,,1687700215
cancel,24999,,,1687700215
newOrder,17239,0,18727,1687700239
newOrder,18075,1,18727,1687700239
newOrder,10343,0,87427,1687700239
newOrder,24999,1,87427,1687700239
cancel,10343,,,1687700815
cancel,17239,,,1687700815
cancel,18075,,,1687700815
cancel,24999,,,1687700815
newOrder,17238,0,18731,1687700839
newOrder,18075,1,18731,1687700839
newOrder,10343,0,97496,1687700839
newOrder,24999,1,97496,1687700839
cancel,10343,,,1687701416
cancel,17238,,,1687701416
cancel,18075,,,1687701416
cancel,24999,,,1687701416
newOrder,17238,0,18738,1687701438
newOrder,18075,1,18738,1687701438
newOrder,10343,0,46632,1687701438
newOrder,24999,1,46632,1687701438
cancel,10343,,,1687702015
cancel,17238,,,1687702015
cancel,18075,,,1687702015
cancel,24999,,,1687702015
newOrder,17239,0,18745,1687702038
newOrder,18075,1,18745,1687702038
newOrder,10526,0,38313,1687702038
newOrder,24957,1,38313,1687702038
cancel,10526,,,1687702616
cancel,17239,,,1687702616
cancel,18075,,,1687702616
cancel,24957,,,1687702616
newOrder,17237,0,18748,1687702637
newOrder,18075,1,18748,1687702637
newOrder,16975,0,18140,1687702637
cancel,16975,,,1687703215
cancel,17237,,,1687703215
cancel,18075,,,1687703215
newOrder,17238,0,18755,1687703237
newOrder,18075,1,18755,1687703237
newOrder,10526,0,33167,1687703237
newOrder,24957,1,33167,1687703237
cancel,10526,,,1687703816
cancel,17238,,,1687703816
cancel,18075,,,1687703816
cancel,24957,,,1687703816
newOrder,17235,0,18758,1687703840
newOrder,18075,1,18758,1687703840
newOrder,12013,0,30111,1687703840
newOrder,24957,1,30111,1687703840
cancel,12013,,,1687704416
cancel,17235,,,1687704416
cancel,18075,,,1687704416
cancel,24957,,,1687704416
newOrder,17236,0,18765,1687704443
newOrder,18075,1,18765,1687704443
newOrder,10341,0,50007,1687704443
newOrder,24999,1,50007,1687704443
cancel,10341,,,1687705016
cancel,17236,,,1687705016
cancel,18075,,,1687705016
cancel,24999,,,1687705016
newOrder,17237,0,18774,1687705038
newOrder,18075,1,18774,1687705038
newOrder,10526,0,38712,1687705038
newOrder,24957,1,38712,1687705038
cancel,10526,,,1687705616
cancel,17237,,,1687705616
cancel,18075,,,1687705616
cancel,24957,,,1687705616
newOrder,17239,0,18783,1687705637
newOrder,18075,1,18783,1687705637
newOrder,16975,0,17763,1687705637
cancel,16975,,,1687706216
cancel,17239,,,1687706216
cancel,18075,,,1687706216
newOrder,17237,0,18786,1687706239
newOrder,18075,1,18786,1687706239
newOrder,12204,0,19874,1687706239
newOrder,19999,1,19874,1687706239
cancel,12204,,,1687706815
cancel,17237,,,1687706815
cancel,18075,,,1687706815
cancel,19999,,,1687706815
newOrder,17236,0,18790,1687706837
newOrder,18075,1,18790,1687706837
newOrder,10342,0,95659,1687706837
newOrder,24999,1,95659,1687706837
cancel,10342,,,1687707415
cancel,17236,,,1687707415
cancel,18075,,,1687707415
cancel,24999,,,1687707415
newOrder,17235,0,18795,1687707439
newOrder,18075,1,18795,1687707439
newOrder,10341,0,98372,1687707439
newOrder,24999,1,98372,1687707439
cancel,10341,,,1687708017
cancel,17235,,,1687708017
cancel,18075,,,1687708017
cancel,24999,,,1687708017
newOrder,17237,0,18804,1687708037
newOrder,18075,1,18804,1687708037
newOrder,12162,0,29525,1687708037
newOrder,24957,1,29525,1687708037
cancel,12162,,,1687708616
cancel,17237,,,1687708616
cancel,18075,,,1687708616
cancel,24957,,,1687708616
newOrder,17234,0,18805,1687708640
newOrder,18075,1,18805,1687708640
newOrder,12162,0,28435,1687708640
newOrder,24957,1,28435,1687708640
cancel,12162,,,1687709216
cancel,17234,,,1687709216
cancel,18075,,,1687709216
cancel,24957,,,1687709216
newOrder,17234,0,18812,1687709239
newOrder,18075,1,18812,1687709239
newOrder,10340,0,80822,1687709239
newOrder,24999,1,80822,1687709239
cancel,10340,,,1687709817
cancel,17234,,,1687709817
cancel,18075,,,1687709817
cancel,24999,,,1687709817
newOrder,17234,0,18817,1687709839
newOrder,18075,1,18817,1687709839
newOrder,10340,0,59065,1687709839
newOrder,24999,1,59065,1687709839
cancel,10340,,,1687710416
cancel,17234,,,1687710416
cancel,18075,,,1687710416
cancel,24999,,,1687710416
newOrder,17230,0,18817,1687710438
newOrder,18075,1,18817,1687710438
newOrder,10338,0,59916,1687710438
newOrder,24999,1,59916,1687710438
cancel,10338,,,1687711016
cancel,17230,,,1687711016
cancel,18075,,,1687711016
cancel,24999,,,1687711016
newOrder,17233,0,18828,1687711037
newOrder,18075,1,18828,1687711037
newOrder,10340,0,85773,1687711037
newOrder,24999,1,85773,1687711037
cancel,10340,,,1687711615
cancel,17233,,,1687711615
cancel,18075,,,1687711615
cancel,24999,,,1687711615
newOrder,17232,0,18833,1687711641
newOrder,18075,1,18833,1687711641
newOrder,10526,0,37769,1687711641
newOrder,24957,1,37769,1687711641
cancel,10526,,,1687712216
cancel,17232,,,1687712216
cancel,18075,,,1687712216
cancel,24957,,,1687712216
newOrder,17234,0,18843,1687712239
newOrder,18075,1,18843,1687712239
newOrder,12162,0,29463,1687712239
newOrder,24957,1,29463,1687712239
cancel,12162,,,1687712815
cancel,17234,,,1687712815
cancel,18075,,,1687712815
cancel,24957,,,1687712815
newOrder,17234,0,18850,1687712837
newOrder,18075,1,18850,1687712837
newOrder,10526,0,38801,1687712837
newOrder,24957,1,38801,1687712837
cancel,10526,,,1687713416
cancel,17234,,,1687713416
cancel,18075,,,1687713416
cancel,24957,,,1687713416
newOrder,17234,0,18856,1687713437
newOrder,18075,1,18856,1687713437
newOrder,10341,0,59177,1687713437
newOrder,24999,1,59177,1687713437
cancel,10341,,,1687714016
cancel,17234,,,1687714016
cancel,18075,,,1687714016
cancel,24999,,,1687714016
newOrder,17234,0,18862,1687714038
newOrder,18075,1,18862,1687714038
newOrder,10340,0,76230,1687714038
newOrder,24999,1,76230,1687714038
cancel,10340,,,1687714615
cancel,17234,,,1687714615
cancel,18075,,,1687714615
cancel,24999,,,1687714615
newOrder,17235,0,18869,1687714637
newOrder,18075,1,18869,1687714637
newOrder,16975,0,12034,1687714637
cancel,16975,,,1687715216
cancel,17235,,,1687715216
cancel,18075,,,1687715216
newOrder,17232,0,18871,1687715239
newOrder,18075,1,18871,1687715239
newOrder,12204,0,27377,1687715239
newOrder,24957,1,27377,1687715239
cancel,12204,,,1687715816
cancel,17232,,,1687715816
cancel,18075,,,1687715816
cancel,24957,,,1687715816
newOrder,17233,0,18879,1687715838
newOrder,18075,1,18879,1687715838
newOrder,12204,0,26832,1687715838
newOrder,24957,1,26832,1687715838
cancel,12204,,,1687716416
cancel,17233,,,1687716416
cancel,18075,,,1687716416
cancel,24957,,,1687716416
newOrder,17232,0,18883,1687716437
newOrder,18075,1,18883,1687716437
newOrder,16975,0,16204,1687716437
cancel,16975,,,1687717015
cancel,17232,,,1687717015
cancel,18075,,,1687717015
newOrder,17232,0,18889,1687717037
newOrder,18075,1,18889,1687717037
newOrder,10526,0,40828,1687717037
newOrder,24957,1,40828,1687717037
cancel,10526,,,1687717615
cancel,17232,,,1687717615
cancel,18075,,,1687717615
cancel,24957,,,1687717615
newOrder,17231,0,18894,1687717640
newOrder,18075,1,18894,1687717640
newOrder,10339,0,70027,1687717640
newOrder,24999,1,70027,1687717640
cancel,10339,,,1687718216
cancel,17231,,,1687718216
cancel,18075,,,1687718216
cancel,24999,,,1687718216
newOrder,17233,0,18905,1687718237
newOrder,18075,1,18905,1687718237
newOrder,10340,0,97345,1687718237
newOrder,24999,1,97345,1687718237
cancel,10340,,,1687718816
cancel,17233,,,1687718816
cancel,18075,,,1687718816
cancel,24999,,,1687718816
newOrder,17230,0,18905,1687718839
newOrder,18075,1,18905,1687718839
newOrder,10338,0,68894,1687718839
newOrder,24999,1,68894,1687718839
cancel,10338,,,1687719415
cancel,17230,,,1687719415
cancel,18075,,,1687719415
cancel,24999,,,1687719415
newOrder,17231,0,18913,1687719438
newOrder,18075,1,18913,1687719438
newOrder,10526,0,35239,1687719438
newOrder,24957,1,35239,1687719438
cancel,10526,,,1687720016
cancel,17231,,,1687720016
cancel,18075,,,1687720016
cancel,24957,,,1687720016
newOrder,17234,0,18925,1687720040
newOrder,18075,1,18925,1687720040
newOrder,10526,0,38482,1687720040
newOrder,24957,1,38482,1687720040
cancel,10526,,,1687720615
cancel,17234,,,1687720615
cancel,18075,,,1687720615
cancel,24957,,,1687720615
newOrder,17234,0,18931,1687720639
newOrder,18075,1,18931,1687720639
newOrder,10526,0,37709,1687720639
newOrder,24957,1,37709,1687720639
cancel,10526,,,1687721216
cancel,17234,,,1687721216
cancel,18075,,,1687721216
cancel,24957,,,1687721216
newOrder,17233,0,18937,1687721238
newOrder,18075,1,18937,1687721238
newOrder,10340,0,62579,1687721238
newOrder,24999,1,62579,1687721238
cancel,10340,,,1687721815
cancel,17233,,,1687721815
cancel,18075,,,1687721815
cancel,24999,,,1687721815
newOrder,17233,0,18943,1687721837
newOrder,18075,1,18943,1687721837
newOrder,10340,0,53598,1687721837
newOrder,24999,1,53598,1687721837
cancel,10340,,,1687722415
cancel,17233,,,1687722415
cancel,18075,,,1687722415
cancel,24999,,,1687722415
newOrder,17234,0,18950,1687722437
newOrder,18075,1,18950,1687722437
newOrder,10340,0,65217,1687722437
newOrder,24999,1,65217,1687722437
cancel,10340,,,1687723018
cancel,17234,,,1687723018
cancel,18075,,,1687723018
cancel,24999,,,1687723018
newOrder,17234,0,18958,1687723043
newOrder,18075,1,18958,1687723043
newOrder,12162,0,29311,1687723043
newOrder,24957,1,29311,1687723043
cancel,12162,,,1687723616
cancel,17234,,,1687723616
cancel,18075,,,1687723616
cancel,24957,,,1687723616
newOrder,17234,0,18964,1687723641
newOrder,18075,1,18964,1687723641
newOrder,10340,0,64970,1687723641
newOrder,24999,1,64970,1687723641
cancel,10340,,,1687724215
cancel,17234,,,1687724215
cancel,18075,,,1687724215
cancel,24999,,,1687724215
newOrder,17235,0,18973,1687724238
newOrder,18075,1,18973,1687724238
newOrder,10341,0,90141,1687724238
newOrder,24999,1,90141,1687724238
cancel,10341,,,1687724815
cancel,17235,,,1687724815
cancel,18075,,,1687724815
cancel,24999,,,1687724815
newOrder,17235,0,18979,1687724839
newOrder,18075,1,18979,1687724839
newOrder,10341,0,62746,1687724839
newOrder,24999,1,62746,1687724839
cancel,10341,,,1687725415
cancel,17235,,,1687725415
cancel,18075,,,1687725415
cancel,24999,,,1687725415
newOrder,17236,0,18988,1687725438
newOrder,18075,1,18988,1687725438
newOrder,10342,0,79769,1687725438
newOrder,24999,1,79769,1687725438
cancel,10342,,,1687726015
cancel,17236,,,1687726015
cancel,18075,,,1687726015
cancel,24999,,,1687726015
newOrder,17235,0,18993,1687726039
newOrder,18075,1,18993,1687726039
newOrder,10341,0,85946,1687726039
newOrder,24999,1,85946,1687726039
cancel,10341,,,1687726615
cancel,17235,,,1687726615
cancel,18075,,,1687726615
cancel,24999,,,1687726615
newOrder,17236,0,19001,1687726638
newOrder,18075,1,19001,1687726638
newOrder,10342,0,100398,1687726638
newOrder,24999,1,100398,1687726638
cancel,10342,,,1687727216
cancel,17236,,,1687727216
cancel,18075,,,1687727216
cancel,24999,,,1687727216
newOrder,17236,0,19008,1687727239
newOrder,18075,1,19008,1687727239
newOrder,10342,0,45045,1687727239
newOrder,24957,1,45045,1687727239
cancel,10342,,,1687727815
cancel,17236,,,1687727815
cancel,18075,,,1687727815
cancel,24957,,,1687727815
newOrder,17236,0,19014,1687727841
newOrder,18075,1,19014,1687727841
newOrder,10342,0,99452,1687727841
newOrder,24999,1,99452,1687727841
cancel,10342,,,1687728420
cancel,17236,,,1687728420
cancel,18075,,,1687728420
cancel,24999,,,1687728420
newOrder,17236,0,19019,1687728446
newOrder,18075,1,19019,1687728446
newOrder,10341,0,55446,1687728446
newOrder,24999,1,55446,1687728446
cancel,10341,,,1687729015
cancel,17236,,,1687729015
cancel,18075,,,1687729015
cancel,24999,,,1687729015
newOrder,17237,0,19028,1687729039
newOrder,18075,1,19028,1687729039
newOrder,10526,0,34010,1687729039
newOrder,24957,1,34010,1687729039
cancel,10526,,,1687729615
cancel,17237,,,1687729615
cancel,18075,,,1687729615
cancel,24957,,,1687729615
newOrder,17237,0,19034,1687729639
newOrder,18075,1,19034,1687729639
newOrder,10342,0,44327,1687729639
newOrder,24957,1,44327,1687729639
cancel,10342,,,1687730216
cancel,17237,,,1687730216
cancel,18075,,,1687730216
cancel,24957,,,1687730216
newOrder,17235,0,19038,1687730238
newOrder,18075,1,19038,1687730238
newOrder,10341,0,44125,1687730238
newOrder,24957,1,44125,1687730238
cancel,10341,,,1687730816
cancel,17235,,,1687730816
cancel,18075,,,1687730816
cancel,24957,,,1687730816
newOrder,17235,0,19045,1687730838
newOrder,18075,1,19045,1687730838
newOrder,16975,0,17916,1687730838
cancel,16975,,,1687731415
cancel,17235,,,1687731415
cancel,18075,,,1687731415
newOrder,17235,0,19051,1687731439
newOrder,18075,1,19051,1687731439
newOrder,12204,0,25788,1687731439
newOrder,24957,1,25788,1687731439
cancel,12204,,,1687732015
cancel,17235,,,1687732015
cancel,18075,,,1687732015
cancel,24957,,,1687732015
newOrder,17234,0,19055,1687732039
newOrder,18075,1,19055,1687732039
newOrder,10340,0,61305,1687732039
newOrder,24999,1,61305,1687732039
cancel,10340,,,1687732615
cancel,17234,,,1687732615
cancel,18075,,,1687732615
cancel,24999,,,1687732615
newOrder,17234,0,19063,1687732638
newOrder,18075,1,19063,1687732638
newOrder,10526,0,36775,1687732638
newOrder,24957,1,36775,1687732638
cancel,10526,,,1687733217
cancel,17234,,,1687733217
cancel,18075,,,1687733217
cancel,24957,,,1687733217
newOrder,17236,0,19073,1687733241
newOrder,18075,1,19073,1687733241
newOrder,12204,0,22032,1687733241
newOrder,24957,1,22032,1687733241
cancel,12204,,,1687733815
cancel,17236,,,1687733815
cancel,18075,,,1687733815
cancel,24957,,,1687733815
newOrder,17235,0,19076,1687733837
newOrder,18075,1,19076,1687733837
newOrder,10526,0,40585,1687733837
newOrder,24957,1,40585,1687733837
cancel,10526,,,1687734415
cancel,17235,,,1687734415
cancel,18075,,,1687734415
cancel,24957,,,1687734415
newOrder,17234,0,19081,1687734436
newOrder,18075,1,19081,1687734436
newOrder,16975,0,12077,1687734436
cancel,16975,,,1687735015
cancel,17234,,,1687735015
cancel,18075,,,1687735015
newOrder,17236,0,19092,1687735038
newOrder,18075,1,19092,1687735038
newOrder,12162,0,29339,1687735038
newOrder,24957,1,29339,1687735038
cancel,12162,,,1687735615
cancel,17236,,,1687735615
cancel,18075,,,1687735615
cancel,24957,,,1687735615
newOrder,17235,0,19098,1687735638
newOrder,18075,1,19098,1687735638
newOrder,12002,0,31310,1687735638
newOrder,24957,1,31310,1687735638
cancel,12002,,,1687736215
cancel,17235,,,1687736215
cancel,18075,,,1687736215
cancel,24957,,,1687736215
newOrder,17236,0,19105,1687736237
newOrder,18075,1,19105,1687736237
newOrder,10526,0,32799,1687736237
newOrder,24957,1,32799,1687736237
cancel,10526,,,1687736815
cancel,17236,,,1687736815
cancel,18075,,,1687736815
cancel,24957,,,1687736815
newOrder,17236,0,19113,1687736836
newOrder,18075,1,19113,1687736836
newOrder,10342,0,90141,1687736836
newOrder,24999,1,90141,1687736836
cancel,10342,,,1687737416
cancel,17236,,,1687737416
cancel,18075,,,1687737416
cancel,24999,,,1687737416
newOrder,17238,0,19123,1687737438
newOrder,18075,1,19123,1687737438
newOrder,12204,0,24579,1687737438
newOrder,24957,1,24579,1687737438
cancel,12204,,,1687738016
cancel,17238,,,1687738016
cancel,18075,,,1687738016
cancel,24957,,,1687738016
newOrder,17236,0,19127,1687738039
newOrder,18075,1,19127,1687738039
newOrder,10342,0,69050,1687738039
newOrder,24999,1,69050,1687738039
cancel,10342,,,1687738616
cancel,17236,,,1687738616
cancel,18075,,,1687738616
cancel,24999,,,1687738616
newOrder,17238,0,19137,1687738640
newOrder,18075,1,19137,1687738640
newOrder,10343,0,89282,1687738640
newOrder,24999,1,89282,1687738640
cancel,10343,,,1687739216
cancel,17238,,,1687739216
cancel,18075,,,1687739216
cancel,24999,,,1687739216
newOrder,17238,0,19143,1687739238
newOrder,18075,1,19143,1687739238
newOrder,10343,0,58166,1687739238
newOrder,24999,1,58166,1687739238
cancel,10343,,,1687739815
cancel,17238,,,1687739815
cancel,18075,,,1687739815
cancel,24999,,,1687739815
newOrder,17236,0,19147,1687739837
newOrder,18075,1,19147,1687739837
newOrder,10342,0,83343,1687739837
newOrder,24999,1,83343,1687739837
cancel,10342,,,1687740415
cancel,17236,,,1687740415
cancel,18075,,,1687740415
cancel,24999,,,1687740415
newOrder,17237,0,19154,1687740437
newOrder,18075,1,19154,1687740437
newOrder,10342,0,50540,1687740437
newOrder,24999,1,50540,1687740437
cancel,10342,,,1687741015
cancel,17237,,,1687741015
cancel,18075,,,1687741015
cancel,24999,,,1687741015
newOrder,17237,0,19161,1687741037
newOrder,18075,1,19161,1687741037
newOrder,12204,0,25476,1687741037
newOrder,24957,1,25476,1687741037
cancel,12204,,,1687741616
cancel,17237,,,1687741616
cancel,18075,,,1687741616
cancel,24957,,,1687741616
newOrder,17234,0,19162,1687741639
newOrder,18075,1,19162,1687741639
newOrder,10340,0,83055,1687741639
newOrder,24999,1,83055,1687741639
cancel,10340,,,1687742216
cancel,17234,,,1687742216
cancel,18075,,,1687742216
cancel,24999,,,1687742216
newOrder,17232,0,19165,1687742238
newOrder,18075,1,19165,1687742238
newOrder,10339,0,63985,1687742238
newOrder,24999,1,63985,1687742238
cancel,10339,,,1687742816
cancel,17232,,,1687742816
cancel,18075,,,1687742816
cancel,24999,,,1687742816
newOrder,17235,0,19177,1687742839
newOrder,18075,1,19177,1687742839
newOrder,10341,0,49325,1687742839
newOrder,24999,1,49325,1687742839
cancel,10341,,,1687743415
cancel,17235,,,1687743415
cancel,18075,,,1687743415
cancel,24999,,,1687743415
newOrder,17235,0,19184,1687743439
newOrder,18075,1,19184,1687743439
newOrder,12162,0,28226,1687743439
newOrder,24957,1,28226,1687743439
cancel,12162,,,1687744015
cancel,17235,,,1687744015
cancel,18075,,,1687744015
cancel,24957,,,1687744015
newOrder,17235,0,19190,1687744038
newOrder,18075,1,19190,1687744038
newOrder,10341,0,67568,1687744038
newOrder,24999,1,67568,1687744038
cancel,10341,,,1687744615
cancel,17235,,,1687744615
cancel,18075,,,1687744615
cancel,24999,,,1687744615
newOrder,17235,0,19197,1687744638
newOrder,18075,1,19197,1687744638
newOrder,10341,0,89112,1687744638
newOrder,24999,1,89112,1687744638
cancel,10341,,,1687745215
cancel,17235,,,1687745215
cancel,18075,,,1687745215
cancel,24999,,,1687745215
newOrder,17235,0,19204,1687745238
newOrder,18075,1,19204,1687745238
newOrder,10341,0,65260,1687745238
newOrder,24999,1,65260,1687745238
cancel,10341,,,1687745816
cancel,17235,,,1687745816
cancel,18075,,,1687745816
cancel,24999,,,1687745816
newOrder,17235,0,19211,1687745839
newOrder,18075,1,19211,1687745839
newOrder,10341,0,82235,1687745839
newOrder,24999,1,82235,1687745839
cancel,10341,,,1687746416
cancel,17235,,,1687746416
cancel,18075,,,1687746416
cancel,24999,,,1687746416
newOrder,17234,0,19217,1687746438
newOrder,18075,1,19217,1687746438
newOrder,10341,0,81267,1687746438
newOrder,24999,1,81267,1687746438
cancel,10341,,,1687747016
cancel,17234,,,1687747016
cancel,18075,,,1687747016
cancel,24999,,,1687747016
newOrder,17234,0,19223,1687747038
newOrder,18075,1,19223,1687747038
newOrder,10340,0,52306,1687747038
newOrder,24999,1,52306,1687747038
cancel,10340,,,1687747616
cancel,17234,,,1687747616
cancel,18075,,,1687747616
cancel,24999,,,1687747616
newOrder,17233,0,19227,1687747650
newOrder,18075,1,19227,1687747650
newOrder,10340,0,88124,1687747650
newOrder,24999,1,88124,1687747650
cancel,10340,,,1687748216
cancel,17233,,,1687748216
cancel,18075,,,1687748216
cancel,24999,,,1687748216
newOrder,17233,0,19234,1687748237
newOrder,18075,1,19234,1687748237
newOrder,10340,0,100232,1687748237
newOrder,24999,1,100232,1687748237
cancel,10340,,,1687748816
cancel,17233,,,1687748816
cancel,18075,,,1687748816
cancel,24999,,,1687748816
newOrder,17234,0,19243,1687748838
newOrder,18075,1,19243,1687748838
newOrder,10340,0,49703,1687748838
newOrder,24999,1,49703,1687748838
cancel,10340,,,1687749416
cancel,17234,,,1687749416
cancel,18075,,,1687749416
cancel,24999,,,1687749416
newOrder,17234,0,19250,1687749439
newOrder,18075,1,19250,1687749439
newOrder,12162,0,27958,1687749439
newOrder,24957,1,27958,1687749439
cancel,12162,,,1687750015
cancel,17234,,,1687750015
cancel,18075,,,1687750015
cancel,24957,,,1687750015
newOrder,17233,0,19254,1687750038
newOrder,18075,1,19254,1687750038
newOrder,10340,0,54769,1687750038
newOrder,24999,1,54769,1687750038
cancel,10340,,,1687750615
cancel,17233,,,1687750615
cancel,18075,,,1687750615
cancel,24999,,,1687750615
newOrder,17233,0,19262,1687750639
newOrder,18075,1,19262,1687750639
newOrder,10526,0,36205,1687750639
newOrder,24957,1,36205,1687750639
cancel,10526,,,1687751215
cancel,17233,,,1687751215
cancel,18075,,,1687751215
cancel,24957,,,1687751215
newOrder,17231,0,19264,1687751237
newOrder,18075,1,19264,1687751237
newOrder,12162,0,28940,1687751237
newOrder,24957,1,28940,1687751237
cancel,12162,,,1687751815
cancel,17231,,,1687751815
cancel,18075,,,1687751815
cancel,24957,,,1687751815
newOrder,17231,0,19271,1687751837
newOrder,18075,1,19271,1687751837
newOrder,10338,0,70396,1687751837
newOrder,24999,1,70396,1687751837
cancel,10338,,,1687752416
cancel,17231,,,1687752416
cancel,18075,,,1687752416
cancel,24999,,,1687752416
newOrder,17232,0,19280,1687752438
newOrder,18075,1,19280,1687752438
newOrder,10339,0,54496,1687752438
newOrder,24999,1,54496,1687752438
cancel,10339,,,1687753016
cancel,17232,,,1687753016
cancel,18075,,,1687753016
cancel,24999,,,1687753016
newOrder,17232,0,19288,1687753037
newOrder,18075,1,19288,1687753037
newOrder,10339,0,69755,1687753037
newOrder,24999,1,69755,1687753037
cancel,10339,,,1687753615
cancel,17232,,,1687753615
cancel,18075,,,1687753615
cancel,24999,,,1687753615
newOrder,17233,0,19296,1687753639
newOrder,18075,1,19296,1687753639
newOrder,12204,0,26824,1687753639
newOrder,24957,1,26824,1687753639
cancel,12204,,,1687754216
cancel,17233,,,1687754216
cancel,18075,,,1687754216
cancel,24957,,,1687754216
newOrder,17233,0,19304,1687754238
newOrder,18075,1,19304,1687754238
newOrder,10340,0,59302,1687754238
newOrder,24999,1,59302,1687754238
cancel,10340,,,1687754815
cancel,17233,,,1687754815
cancel,18075,,,1687754815
cancel,24999,,,1687754815
newOrder,17234,0,19312,1687754838
newOrder,18075,1,19312,1687754838
newOrder,10340,0,62511,1687754838
newOrder,24999,1,62511,1687754838
cancel,10340,,,1687755415
cancel,17234,,,1687755415
cancel,18075,,,1687755415
cancel,24999,,,1687755415
newOrder,17235,0,19320,1687755438
newOrder,18075,1,19320,1687755438
newOrder,10341,0,84181,1687755438
newOrder,24999,1,84181,1687755438
cancel,10341,,,1687756016
cancel,17235,,,1687756016
cancel,18075,,,1687756016
cancel,24999,,,1687756016
newOrder,17235,0,19328,1687756037
newOrder,18075,1,19328,1687756037
newOrder,16975,0,18389,1687756037
cancel,16975,,,1687756616
cancel,17235,,,1687756616
cancel,18075,,,1687756616
newOrder,17234,0,19332,1687756637
newOrder,18075,1,19332,1687756637
newOrder,10340,0,72792,1687756637
newOrder,24999,1,72792,1687756637
cancel,10340,,,1687757216
cancel,17234,,,1687757216
cancel,18075,,,1687757216
cancel,24999,,,1687757216
newOrder,17234,0,19341,1687757238
newOrder,18075,1,19341,1687757238
newOrder,10341,0,49228,1687757238
newOrder,24999,1,49228,1687757238
cancel,10341,,,1687757815
cancel,17234,,,1687757815
cancel,18075,,,1687757815
cancel,24999,,,1687757815
newOrder,17235,0,19350,1687757838
newOrder,18075,1,19350,1687757838
newOrder,10341,0,96819,1687757838
newOrder,24999,1,96819,1687757838
cancel,10341,,,1687758416
cancel,17235,,,1687758416
cancel,18075,,,1687758416
cancel,24999,,,1687758416
newOrder,17235,0,19357,1687758437
newOrder,18075,1,19357,1687758437
newOrder,10341,0,80140,1687758437
newOrder,24999,1,80140,1687758437
cancel,10341,,,1687759015
cancel,17235,,,1687759015
cancel,18075,,,1687759015
cancel,24999,,,1687759015
newOrder,17236,0,19365,1687759037
newOrder,18075,1,19365,1687759037
newOrder,10341,0,91136,1687759037
newOrder,24999,1,91136,1687759037
cancel,10341,,,1687759616
cancel,17236,,,1687759616
cancel,18075,,,1687759616
cancel,24999,,,1687759616
newOrder,17235,0,19371,1687759638
newOrder,18075,1,19371,1687759638
newOrder,10341,0,49511,1687759638
newOrder,24999,1,49511,1687759638
cancel,10341,,,1687760215
cancel,17235,,,1687760215
cancel,18075,,,1687760215
cancel,24999,,,1687760215
newOrder,17236,0,19379,1687760241
newOrder,18075,1,19379,1687760241
newOrder,10341,0,86840,1687760241
newOrder,24999,1,86840,1687760241
cancel,10341,,,1687760816
cancel,17236,,,1687760816
cancel,18075,,,1687760816
cancel,24999,,,1687760816
newOrder,17235,0,19384,1687760837
newOrder,18075,1,19384,1687760837
newOrder,12204,0,25314,1687760837
newOrder,24957,1,25314,1687760837
cancel,12204,,,1687761416
cancel,17235,,,1687761416
cancel,18075,,,1687761416
cancel,24957,,,1687761416
newOrder,17235,0,19391,1687761438
newOrder,18075,1,19391,1687761438
newOrder,10526,0,37560,1687761438
newOrder,24957,1,37560,1687761438
cancel,10526,,,1687762017
cancel,17235,,,1687762017
cancel,18075,,,1687762017
cancel,24957,,,1687762017
newOrder,17235,0,19399,1687762039
newOrder,18075,1,19399,1687762039
newOrder,16975,0,18031,1687762039
cancel,16975,,,1687762616
cancel,17235,,,1687762616
cancel,18075,,,1687762616
newOrder,17235,0,19406,1687762637
newOrder,18075,1,19406,1687762637
newOrder,10341,0,95408,1687762637
newOrder,24999,1,95408,1687762637
cancel,10341,,,1687763216
cancel,17235,,,1687763216
cancel,18075,,,1687763216
cancel,24999,,,1687763216
newOrder,17235,0,19413,1687763238
newOrder,18075,1,19413,1687763238
newOrder,10341,0,67381,1687763238
newOrder,24999,1,67381,1687763238
cancel,10341,,,1687763816
cancel,17235,,,1687763816
cancel,18075,,,1687763816
cancel,24999,,,1687763816
newOrder,17235,0,19419,1687763841
newOrder,18075,1,19419,1687763841
newOrder,10526,0,37317,1687763841
newOrder,24957,1,37317,1687763841
cancel,10526,,,1687764415
cancel,17235,,,1687764415
cancel,18075,,,1687764415
cancel,24957,,,1687764415
newOrder,17247,0,19453,1687764438
newOrder,18075,1,19453,1687764438
newOrder,10526,0,39852,1687764438
newOrder,24957,1,39852,1687764438
cancel,10526,,,1687765016
cancel,17247,,,1687765016
cancel,18075,,,1687765016
cancel,24957,,,1687765016
newOrder,17248,0,19464,1687765037
newOrder,18075,1,19464,1687765037
newOrder,10349,0,56245,1687765037
newOrder,24999,1,56245,1687765037
cancel,10349,,,1687765616
cancel,17248,,,1687765616
cancel,18075,,,1687765616
cancel,24999,,,1687765616
newOrder,17248,0,19470,1687765638
newOrder,18075,1,19470,1687765638
newOrder,10526,0,37340,1687765638
newOrder,24957,1,37340,1687765638
cancel,10526,,,1687766216
cancel,17248,,,1687766216
cancel,18075,,,1687766216
cancel,24957,,,1687766216
newOrder,17246,0,19473,1687766238
newOrder,18075,1,19473,1687766238
newOrder,10347,0,77587,1687766238
newOrder,24999,1,77587,1687766238
cancel,10347,,,1687766816
cancel,17246,,,1687766816
cancel,18075,,,1687766816
cancel,24999,,,1687766816
newOrder,17247,0,19484,1687766839
newOrder,18075,1,19484,1687766839
newOrder,10348,0,100850,1687766839
newOrder,24999,1,100850,1687766839
cancel,10348,,,1687767415
cancel,17247,,,1687767415
cancel,18075,,,1687767415
cancel,24999,,,1687767415
newOrder,17248,0,19492,1687767437
newOrder,18075,1,19492,1687767437
newOrder,10349,0,103725,1687767437
newOrder,24999,1,103725,1687767437
cancel,10349,,,1687768016
cancel,17248,,,1687768016
cancel,18075,,,1687768016
cancel,24999,,,1687768016
newOrder,17247,0,19497,1687768039
newOrder,18075,1,19497,1687768039
newOrder,12204,0,23579,1687768039
newOrder,24957,1,23579,1687768039
cancel,12204,,,1687768615
cancel,17247,,,1687768615
cancel,18075,,,1687768615
cancel,24957,,,1687768615
newOrder,17248,0,19506,1687768637
newOrder,18075,1,19506,1687768637
newOrder,12204,0,24744,1687768637
newOrder,24957,1,24744,1687768637
cancel,12204,,,1687769216
cancel,17248,,,1687769216
cancel,18075,,,1687769216
cancel,24957,,,1687769216
newOrder,17248,0,19514,1687769238
newOrder,18075,1,19514,1687769238
newOrder,10349,0,66986,1687769238
newOrder,24999,1,66986,1687769238
cancel,10349,,,1687769815
cancel,17248,,,1687769815
cancel,18075,,,1687769815
cancel,24999,,,1687769815
newOrder,17247,0,19519,1687769837
newOrder,18075,1,19519,1687769837
newOrder,10348,0,43827,1687769837
newOrder,24957,1,43827,1687769837
cancel,10348,,,1687770416
cancel,17247,,,1687770416
cancel,18075,,,1687770416
cancel,24957,,,1687770416
newOrder,17245,0,19523,1687770438
newOrder,18075,1,19523,1687770438
newOrder,16975,0,14103,1687770438
cancel,16975,,,1687771015
cancel,17245,,,1687771015
cancel,18075,,,1687771015
newOrder,17245,0,19530,1687771038
newOrder,18075,1,19530,1687771038
newOrder,10347,0,96840,1687771038
newOrder,24999,1,96840,1687771038
cancel,10347,,,1687771615
cancel,17245,,,1687771615
cancel,18075,,,1687771615
cancel,24999,,,1687771615
newOrder,17243,0,19533,1687771637
newOrder,18075,1,19533,1687771637
newOrder,10346,0,48181,1687771637
newOrder,24999,1,48181,1687771637
cancel,10346,,,1687772216
cancel,17243,,,1687772216
cancel,18075,,,1687772216
cancel,24999,,,1687772216
newOrder,17247,0,19548,1687772237
newOrder,18075,1,19548,1687772237
newOrder,10348,0,42537,1687772237
newOrder,24957,1,42537,1687772237
cancel,10348,,,1687772816
cancel,17247,,,1687772816
cancel,18075,,,1687772816
cancel,24957,,,1687772816
newOrder,17247,0,19555,1687772837
newOrder,18075,1,19555,1687772837
newOrder,10348,0,92839,1687772837
newOrder,24999,1,92839,1687772837
cancel,10348,,,1687773416
cancel,17247,,,1687773416
cancel,18075,,,1687773416
cancel,24999,,,1687773416
newOrder,17250,0,19569,1687773438
newOrder,18075,1,19569,1687773438
newOrder,10350,0,61295,1687773438
newOrder,24999,1,61295,1687773438
cancel,10350,,,1687774015
cancel,17250,,,1687774015
cancel,18075,,,1687774015
cancel,24999,,,1687774015
newOrder,17248,0,19573,1687774037
newOrder,18075,1,19573,1687774037
newOrder,10526,0,38727,1687774037
newOrder,24957,1,38727,1687774037
cancel,10526,,,1687774615
cancel,17248,,,1687774615
cancel,18075,,,1687774615
cancel,24957,,,1687774615
newOrder,17248,0,19580,1687774637
newOrder,18075,1,19580,1687774637
newOrder,14002,0,19940,1687774637
newOrder,19999,1,19940,1687774637
cancel,14002,,,1687775216
cancel,17248,,,1687775216
cancel,18075,,,1687775216
cancel,19999,,,1687775216
newOrder,17248,0,19587,1687775238
newOrder,18075,1,19587,1687775238
newOrder,10349,0,69629,1687775238
newOrder,24999,1,69629,1687775238
cancel,10349,,,1687775817
cancel,17248,,,1687775817
cancel,18075,,,1687775817
cancel,24999,,,1687775817
newOrder,17247,0,19592,1687775839
newOrder,18075,1,19592,1687775839
newOrder,10348,0,72137,1687775839
newOrder,24999,1,72137,1687775839
cancel,10348,,,1687776416
cancel,17247,,,1687776416
cancel,18075,,,1687776416
cancel,24999,,,1687776416
newOrder,17247,0,19600,1687776439
newOrder,18075,1,19600,1687776439
newOrder,10348,0,42799,1687776439
newOrder,24957,1,42799,1687776439
cancel,10348,,,1687777015
cancel,17247,,,1687777015
cancel,18075,,,1687777015
cancel,24957,,,1687777015
newOrder,17247,0,19608,1687777038
newOrder,18075,1,19608,1687777038
newOrder,12204,0,24376,1687777038
newOrder,24957,1,24376,1687777038
cancel,12204,,,1687777616
cancel,17247,,,1687777616
cancel,18075,,,1687777616
cancel,24957,,,1687777616
newOrder,17248,0,19617,1687777639
newOrder,18075,1,19617,1687777639
newOrder,10526,0,33574,1687777639
newOrder,24957,1,33574,1687777639
cancel,10526,,,1687778216
cancel,17248,,,1687778216
cancel,18075,,,1687778216
cancel,24957,,,1687778216
newOrder,17249,0,19625,1687778237
newOrder,18075,1,19625,1687778237
newOrder,10349,0,44827,1687778237
newOrder,24957,1,44827,1687778237
cancel,10349,,,1687778815
cancel,17249,,,1687778815
cancel,18075,,,1687778815
cancel,24957,,,1687778815
newOrder,17248,0,19632,1687778836
newOrder,18075,1,19632,1687778836
newOrder,16975,0,15824,1687778836
cancel,16975,,,1687779416
cancel,17248,,,1687779416
cancel,18075,,,1687779416
newOrder,17248,0,19639,1687779439
newOrder,18075,1,19639,1687779439
newOrder,10526,0,34757,1687779439
newOrder,24957,1,34757,1687779439
cancel,10526,,,1687780016
cancel,17248,,,1687780016
cancel,18075,,,1687780016
cancel,24957,,,1687780016
newOrder,17248,0,19646,1687780041
newOrder,18075,1,19646,1687780041
newOrder,10349,0,102965,1687780041
newOrder,24999,1,102965,1687780041
cancel,10349,,,1687780617
cancel,17248,,,1687780617
cancel,18075,,,1687780617
cancel,24999,,,1687780617
newOrder,17248,0,19655,1687780639
newOrder,18075,1,19655,1687780639
newOrder,10349,0,59986,1687780639
newOrder,24999,1,59986,1687780639
cancel,10349,,,1687781215
cancel,17248,,,1687781215
cancel,18075,,,1687781215
cancel,24999,,,1687781215
newOrder,17247,0,19659,1687781237
newOrder,18075,1,19659,1687781237
newOrder,10348,0,91370,1687781237
newOrder,24999,1,91370,1687781237