instruction,price,side,qty,time
cancel,11892,,,1676981664
cancel,19820,,,1676981664
cancel,20829,,,1676981664
cancel,24999,,,1676981664
newOrder,19820,0,25464,1676981671
newOrder,21023,1,25464,1676981671
newOrder,11892,0,101855,1676981671
newOrder,24999,1,101855,1676981671
cancel,11892,,,1676982264
cancel,19820,,,1676982264
cancel,21023,,,1676982264
cancel,24999,,,1676982264
newOrder,19820,0,25463,1676982273
newOrder,21023,1,25463,1676982273
newOrder,11892,0,101852,1676982273
newOrder,24999,1,101852,1676982273
cancel,11892,,,1676982863
cancel,19820,,,1676982863
cancel,21023,,,1676982863
cancel,24999,,,1676982863
newOrder,19820,0,25462,1676982870
newOrder,21023,1,25462,1676982870
newOrder,11892,0,101850,1676982870
newOrder,24999,1,101850,1676982870
cancel,11892,,,1676983463
cancel,19820,,,1676983463
cancel,21023,,,1676983463
cancel,24999,,,1676983463
newOrder,19820,0,25691,1676983470
newOrder,20982,1,25691,1676983470
newOrder,11892,0,102763,1676983470
newOrder,24999,1,102763,1676983470
cancel,11892,,,1676984063
cancel,19820,,,1676984063
cancel,20982,,,1676984063
cancel,24999,,,1676984063
newOrder,19820,0,25907,1676984072
newOrder,20944,1,25907,1676984072
newOrder,11892,0,103629,1676984072
newOrder,24999,1,103629,1676984072
cancel,11892,,,1676984666
cancel,19820,,,1676984666
cancel,20944,,,1676984666
cancel,24999,,,1676984666
newOrder,19820,0,25905,1676984674
newOrder,20944,1,25905,1676984674
newOrder,11892,0,103621,1676984674
newOrder,24999,1,103621,1676984674
cancel,11892,,,1676985262
cancel,19820,,,1676985262
cancel,20944,,,1676985262
cancel,24999,,,1676985262
newOrder,19820,0,25734,1676985273
newOrder,20974,1,25734,1676985273
newOrder,11892,0,102936,1676985273
newOrder,24999,1,102936,1676985273
cancel,11892,,,1676985864
cancel,19820,,,1676985864
cancel,20974,,,1676985864
cancel,24999,,,1676985864
newOrder,19820,0,25904,1676985871
newOrder,20944,1,25904,1676985871
newOrder,11892,0,103617,1676985871
newOrder,24999,1,103617,1676985871
cancel,11892,,,1676986464
cancel,19820,,,1676986464
cancel,20944,,,1676986464
cancel,24999,,,1676986464
newOrder,19820,0,25904,1676986472
newOrder,20944,1,25904,1676986472
newOrder,11892,0,103614,1676986472
newOrder,24999,1,103614,1676986472
cancel,11892,,,1676987064
cancel,19820,,,1676987064
cancel,20944,,,1676987064
cancel,24999,,,1676987064
newOrder,19820,0,25903,1676987071
newOrder,20944,1,25903,1676987071
newOrder,11892,0,103614,1676987071
newOrder,24999,1,103614,1676987071
cancel,11892,,,1676987665
cancel,19820,,,1676987665
cancel,20944,,,1676987665
cancel,24999,,,1676987665
newOrder,19820,0,25903,1676987671
newOrder,20944,1,25903,1676987671
newOrder,11892,0,103611,1676987671
newOrder,24999,1,103611,1676987671
cancel,11892,,,1676988264
cancel,19820,,,1676988264
cancel,20944,,,1676988264
cancel,24999,,,1676988264
newOrder,19820,0,25924,1676988272
newOrder,20940,1,25924,1676988272
newOrder,11892,0,103697,1676988272
newOrder,24999,1,103697,1676988272
cancel,11892,,,1676988863
cancel,19820,,,1676988863
cancel,20940,,,1676988863
cancel,24999,,,1676988863
newOrder,19820,0,25922,1676988870
newOrder,20941,1,25922,1676988870
newOrder,11892,0,103688,1676988870
newOrder,24999,1,103688,1676988870
cancel,11892,,,1676989464
cancel,19820,,,1676989464
cancel,20941,,,1676989464
cancel,24999,,,1676989464
newOrder,19820,0,25922,1676989471
newOrder,20941,1,25922,1676989471
newOrder,11892,0,103687,1676989471
newOrder,24999,1,103687,1676989471
cancel,11892,,,1676990063
cancel,19820,,,1676990063
cancel,20941,,,1676990063
cancel,24999,,,1676990063
newOrder,19820,0,25921,1676990069
newOrder,20941,1,25921,1676990069
newOrder,11892,0,103686,1676990069
newOrder,24999,1,103686,1676990069
cancel,11892,,,1676990663
cancel,19820,,,1676990663
cancel,20941,,,1676990663
cancel,24999,,,1676990663
newOrder,19820,0,25924,1676990671
newOrder,20940,1,25924,1676990671
newOrder,11892,0,103696,1676990671
newOrder,24999,1,103696,1676990671
cancel,11892,,,1676991265
cancel,19820,,,1676991265
cancel,20940,,,1676991265
cancel,24999,,,1676991265
newOrder,19820,0,25924,1676991271
newOrder,20940,1,25924,1676991271
newOrder,11892,0,103694,1676991271
newOrder,24999,1,103694,1676991271
cancel,11892,,,1676991864
cancel,19820,,,1676991864
cancel,20940,,,1676991864
cancel,24999,,,1676991864
newOrder,19820,0,25932,1676991873
newOrder,20939,1,25932,1676991873
newOrder,11892,0,103730,1676991873
newOrder,24999,1,103730,1676991873
cancel,11892,,,1676992465
cancel,19820,,,1676992465
cancel,20939,,,1676992465
cancel,24999,,,1676992465
newOrder,19820,0,25892,1676992473
newOrder,20946,1,25892,1676992473
newOrder,11892,0,103569,1676992473
newOrder,24999,1,103569,1676992473
cancel,11892,,,1676993064
cancel,19820,,,1676993064
cancel,20946,,,1676993064
cancel,24999,,,1676993064
newOrder,19820,0,25899,1676993071
newOrder,20944,1,25899,1676993071
newOrder,11892,0,103597,1676993071
newOrder,24999,1,103597,1676993071
cancel,11892,,,1676993664
cancel,19820,,,1676993664
cancel,20944,,,1676993664
cancel,24999,,,1676993664
newOrder,19820,0,25697,1676993670
newOrder,20979,1,25697,1676993670
newOrder,11892,0,102787,1676993670
newOrder,24999,1,102787,1676993670
cancel,11892,,,1676994264
cancel,19820,,,1676994264
cancel,20979,,,1676994264
cancel,24999,,,1676994264
newOrder,19820,0,25696,1676994274
newOrder,20980,1,25696,1676994274
newOrder,11892,0,102782,1676994274
newOrder,24999,1,102782,1676994274
cancel,11892,,,1676994863
cancel,19820,,,1676994863
cancel,20980,,,1676994863
cancel,24999,,,1676994863
newOrder,19820,0,25908,1676994872
newOrder,20943,1,25908,1676994872
newOrder,11892,0,103630,1676994872
newOrder,24999,1,103630,1676994872
cancel,11892,,,1676995466
cancel,19820,,,1676995466
cancel,20943,,,1676995466
cancel,24999,,,1676995466
newOrder,19820,0,25904,1676995473
newOrder,20943,1,25904,1676995473
newOrder,11892,0,103615,1676995473
newOrder,24999,1,103615,1676995473
cancel,11892,,,1676996064
cancel,19820,,,1676996064
cancel,20943,,,1676996064
cancel,24999,,,1676996064
newOrder,19820,0,25753,1676996072
newOrder,20969,1,25753,1676996072
newOrder,11892,0,103013,1676996072
newOrder,24999,1,103013,1676996072
cancel,11892,,,1676996664
cancel,19820,,,1676996664
cancel,20969,,,1676996664
cancel,24999,,,1676996664
newOrder,19820,0,25741,1676996672
newOrder,20971,1,25741,1676996672
newOrder,11892,0,102962,1676996672
newOrder,24999,1,102962,1676996672
cancel,11892,,,1676997264
cancel,19820,,,1676997264
cancel,20971,,,1676997264
cancel,24999,,,1676997264
newOrder,19820,0,25987,1676997274
newOrder,20928,1,25987,1676997274
newOrder,11892,0,103947,1676997274
newOrder,24999,1,103947,1676997274
cancel,11892,,,1676997865
cancel,19820,,,1676997865
cancel,20928,,,1676997865
cancel,24999,,,1676997865
newOrder,19820,0,25987,1676997874
newOrder,20928,1,25987,1676997874
newOrder,11892,0,103946,1676997874
newOrder,24999,1,103946,1676997874
cancel,11892,,,1676998463
cancel,19820,,,1676998463
cancel,20928,,,1676998463
cancel,24999,,,1676998463
newOrder,19820,0,26082,1676998472
newOrder,20912,1,26082,1676998472
newOrder,11892,0,104329,1676998472
newOrder,24999,1,104329,1676998472
cancel,11892,,,1676999064
cancel,19820,,,1676999064
cancel,20912,,,1676999064
cancel,24999,,,1676999064
newOrder,19820,0,26082,1676999071
newOrder,20912,1,26082,1676999071
newOrder,11892,0,104328,1676999071
newOrder,24999,1,104328,1676999071
cancel,11892,,,1676999665
cancel,19820,,,1676999665
cancel,20912,,,1676999665
cancel,24999,,,1676999665
newOrder,19820,0,26083,1676999672
newOrder,20912,1,26083,1676999672
newOrder,11892,0,104331,1676999672
newOrder,24999,1,104331,1676999672
cancel,11892,,,1677000265
cancel,19820,,,1677000265
cancel,20912,,,1677000265
cancel,24999,,,1677000265
newOrder,19820,0,26081,1677000272
newOrder,20912,1,26081,1677000272
newOrder,11892,0,104325,1677000272
newOrder,24999,1,104325,1677000272
cancel,11892,,,1677000864
cancel,19820,,,1677000864
cancel,20912,,,1677000864
cancel,24999,,,1677000864
newOrder,19820,0,25890,1677000874
newOrder,20945,1,25890,1677000874
newOrder,11892,0,103561,1677000874
newOrder,24999,1,103561,1677000874
cancel,11892,,,1677001464
cancel,19820,,,1677001464
cancel,20945,,,1677001464
cancel,24999,,,1677001464
newOrder,19820,0,25890,1677001474
newOrder,20945,1,25890,1677001474
newOrder,11892,0,103559,1677001474
newOrder,24999,1,103559,1677001474
cancel,11892,,,1677002065
cancel,19820,,,1677002065
cancel,20945,,,1677002065
cancel,24999,,,1677002065
newOrder,19820,0,25889,1677002072
newOrder,20945,1,25889,1677002072
newOrder,11892,0,103557,1677002072
newOrder,24999,1,103557,1677002072
cancel,11892,,,1677002664
cancel,19820,,,1677002664
cancel,20945,,,1677002664
cancel,24999,,,1677002664
newOrder,19820,0,25889,1677002673
newOrder,20945,1,25889,1677002673
newOrder,11892,0,103554,1677002673
newOrder,24999,1,103554,1677002673
cancel,11892,,,1677003263
cancel,19820,,,1677003263
cancel,20945,,,1677003263
cancel,24999,,,1677003263
newOrder,19820,0,26069,1677003270
newOrder,20913,1,26069,1677003270
newOrder,11892,0,104276,1677003270
newOrder,24999,1,104276,1677003270
cancel,11892,,,1677003862
cancel,19820,,,1677003862
cancel,20913,,,1677003862
cancel,24999,,,1677003862
newOrder,19820,0,25887,1677003871
newOrder,20945,1,25887,1677003871
newOrder,11892,0,103550,1677003871
newOrder,24999,1,103550,1677003871
cancel,11892,,,1677004462
cancel,19820,,,1677004462
cancel,20945,,,1677004462
cancel,24999,,,1677004462
newOrder,19820,0,25887,1677004471
newOrder,20945,1,25887,1677004471
newOrder,11892,0,103547,1677004471
newOrder,24999,1,103547,1677004471
cancel,11892,,,1677005065
cancel,19820,,,1677005065
cancel,20945,,,1677005065
cancel,24999,,,1677005065
newOrder,19820,0,25886,1677005076
newOrder,20945,1,25886,1677005076
newOrder,11892,0,103545,1677005076
newOrder,24999,1,103545,1677005076
cancel,11892,,,1677005664
cancel,19820,,,1677005664
cancel,20945,,,1677005664
cancel,24999,,,1677005664
newOrder,19820,0,25886,1677005671
newOrder,20945,1,25886,1677005671
newOrder,11892,0,103542,1677005671
newOrder,24999,1,103542,1677005671
cancel,11892,,,1677006264
cancel,19820,,,1677006264
cancel,20945,,,1677006264
cancel,24999,,,1677006264
newOrder,19820,0,25885,1677006270
newOrder,20945,1,25885,1677006270
newOrder,11892,0,103540,1677006270
newOrder,24999,1,103540,1677006270
cancel,11892,,,1677006867
cancel,19820,,,1677006867
cancel,20945,,,1677006867
cancel,24999,,,1677006867
newOrder,19820,0,25884,1677006879
newOrder,20945,1,25884,1677006879
newOrder,11892,0,103537,1677006879
newOrder,24999,1,103537,1677006879
cancel,11892,,,1677007464
cancel,19820,,,1677007464
cancel,20945,,,1677007464
cancel,24999,,,1677007464
newOrder,19820,0,25884,1677007470
newOrder,20945,1,25884,1677007470
newOrder,11892,0,103535,1677007470
newOrder,24999,1,103535,1677007470
cancel,11892,,,1677008065
cancel,19820,,,1677008065
cancel,20945,,,1677008065
cancel,24999,,,1677008065
newOrder,19820,0,25883,1677008073
newOrder,20945,1,25883,1677008073
newOrder,11892,0,103532,1677008073
newOrder,24999,1,103532,1677008073
cancel,11892,,,1677008665
cancel,19820,,,1677008665
cancel,20945,,,1677008665
cancel,24999,,,1677008665
newOrder,19820,0,25882,1677008670
newOrder,20945,1,25882,1677008670
newOrder,11892,0,103530,1677008670
newOrder,24999,1,103530,1677008670
cancel,11892,,,1677009264
cancel,19820,,,1677009264
cancel,20945,,,1677009264
cancel,24999,,,1677009264
newOrder,19820,0,25882,1677009272
newOrder,20945,1,25882,1677009272
newOrder,11892,0,103527,1677009272
newOrder,24999,1,103527,1677009272
cancel,11892,,,1677009864
cancel,19820,,,1677009864
cancel,20945,,,1677009864
cancel,24999,,,1677009864
newOrder,19820,0,25881,1677009871
newOrder,20945,1,25881,1677009871
newOrder,11892,0,103525,1677009871
newOrder,24999,1,103525,1677009871
cancel,11892,,,1677010463
cancel,19820,,,1677010463
cancel,20945,,,1677010463
cancel,24999,,,1677010463
newOrder,19820,0,26079,1677010470
newOrder,20911,1,26079,1677010470
newOrder,11892,0,104315,1677010470
newOrder,24999,1,104315,1677010470
cancel,11892,,,1677011063
cancel,19820,,,1677011063
cancel,20911,,,1677011063
cancel,24999,,,1677011063
newOrder,19820,0,25886,1677011075
newOrder,20944,1,25886,1677011075
newOrder,11892,0,103545,1677011075
newOrder,24999,1,103545,1677011075
cancel,11892,,,1677011664
cancel,19820,,,1677011664
cancel,20944,,,1677011664
cancel,24999,,,1677011664
newOrder,19820,0,26068,1677011671
newOrder,20912,1,26068,1677011671
newOrder,11892,0,104271,1677011671
newOrder,24999,1,104271,1677011671
cancel,11892,,,1677012263
cancel,19820,,,1677012263
cancel,20912,,,1677012263
cancel,24999,,,1677012263
newOrder,19820,0,26491,1677012270
newOrder,20841,1,26491,1677012270
newOrder,11892,0,105962,1677012270
newOrder,24999,1,105962,1677012270
cancel,11892,,,1677012864
cancel,19820,,,1677012864
cancel,20841,,,1677012864
cancel,24999,,,1677012864
newOrder,19820,0,26499,1677012872
newOrder,20839,1,26499,1677012872
newOrder,11892,0,105996,1677012872
newOrder,24999,1,105996,1677012872
cancel,11892,,,1677013464
cancel,19820,,,1677013464
cancel,20839,,,1677013464
cancel,24999,,,1677013464
newOrder,19820,0,25591,1677013471
newOrder,20994,1,25591,1677013471
newOrder,11892,0,102365,1677013471
newOrder,24999,1,102365,1677013471
cancel,11892,,,1677014063
cancel,19820,,,1677014063
cancel,20994,,,1677014063
cancel,24999,,,1677014063
newOrder,19820,0,25578,1677014071
newOrder,20996,1,25578,1677014071
newOrder,11892,0,102310,1677014071
newOrder,24999,1,102310,1677014071
cancel,11892,,,1677014663
cancel,19820,,,1677014663
cancel,20996,,,1677014663
cancel,24999,,,1677014663
newOrder,19820,0,25577,1677014674
newOrder,20996,1,25577,1677014674
newOrder,11892,0,102307,1677014674
newOrder,24999,1,102307,1677014674
cancel,11892,,,1677015265
cancel,19820,,,1677015265
cancel,20996,,,1677015265
cancel,24999,,,1677015265
newOrder,19820,0,25576,1677015273
newOrder,20996,1,25576,1677015273
newOrder,11892,0,102303,1677015273
newOrder,24999,1,102303,1677015273
cancel,11892,,,1677015864
cancel,19820,,,1677015864
cancel,20996,,,1677015864
cancel,24999,,,1677015864
newOrder,19820,0,25575,1677015872
newOrder,20996,1,25575,1677015872
newOrder,11892,0,102300,1677015872
newOrder,24999,1,102300,1677015872
cancel,11892,,,1677016463
cancel,19820,,,1677016463
cancel,20996,,,1677016463
cancel,24999,,,1677016463
newOrder,19820,0,25574,1677016470
newOrder,20996,1,25574,1677016470
newOrder,11892,0,102296,1677016470
newOrder,24999,1,102296,1677016470
cancel,11892,,,1677017063
cancel,19820,,,1677017063
cancel,20996,,,1677017063
cancel,24999,,,1677017063
newOrder,19820,0,26057,1677017075
newOrder,20913,1,26057,1677017075
newOrder,11892,0,104227,1677017075
newOrder,24999,1,104227,1677017075
cancel,11892,,,1677017665
cancel,19820,,,1677017665
cancel,20913,,,1677017665
cancel,24999,,,1677017665
newOrder,19820,0,25994,1677017673
newOrder,20924,1,25994,1677017673
newOrder,11892,0,103977,1677017673
newOrder,24999,1,103977,1677017673
cancel,11892,,,1677018263
cancel,19820,,,1677018263
cancel,20924,,,1677018263
cancel,24999,,,1677018263
newOrder,19820,0,25665,1677018270
newOrder,20980,1,25665,1677018270
newOrder,11892,0,102661,1677018270
newOrder,24999,1,102661,1677018270
cancel,11892,,,1677018864
cancel,19820,,,1677018864
cancel,20980,,,1677018864
cancel,24999,,,1677018864
newOrder,19820,0,24213,1677018872
newOrder,21233,1,24213,1677018872
newOrder,12003,0,96853,1677018872
newOrder,24999,1,96853,1677018872
cancel,12003,,,1677019463
cancel,19820,,,1677019463
cancel,21233,,,1677019463
cancel,24999,,,1677019463
newOrder,19820,0,24212,1677019470
newOrder,21233,1,24212,1677019470
newOrder,12003,0,96846,1677019470
newOrder,24999,1,96846,1677019470
cancel,12003,,,1677020063
cancel,19820,,,1677020063
cancel,21233,,,1677020063
cancel,24999,,,1677020063
newOrder,19820,0,24210,1677020073
newOrder,21233,1,24210,1677020073
newOrder,12003,0,96840,1677020073
newOrder,24999,1,96840,1677020073
cancel,12003,,,1677020664
cancel,19820,,,1677020664
cancel,21233,,,1677020664
cancel,24999,,,1677020664
newOrder,19820,0,24208,1677020671
newOrder,21233,1,24208,1677020671
newOrder,12003,0,96834,1677020671
newOrder,24999,1,96834,1677020671
cancel,12003,,,1677021264
cancel,19820,,,1677021264
cancel,21233,,,1677021264
cancel,24999,,,1677021264
newOrder,19820,0,24207,1677021270
newOrder,21233,1,24207,1677021270
newOrder,12003,0,96827,1677021270
newOrder,24999,1,96827,1677021270
cancel,12003,,,1677021864
cancel,19820,,,1677021864
cancel,21233,,,1677021864
cancel,24999,,,1677021864
newOrder,19820,0,24205,1677021871
newOrder,21233,1,24205,1677021871
newOrder,12003,0,96820,1677021871
newOrder,24999,1,96820,1677021871
cancel,12003,,,1677022464
cancel,19820,,,1677022464
cancel,21233,,,1677022464
cancel,24999,,,1677022464
newOrder,19820,0,24203,1677022469
newOrder,21233,1,24203,1677022469
newOrder,12003,0,96814,1677022469
newOrder,24999,1,96814,1677022469
cancel,12003,,,1677023063
cancel,19820,,,1677023063
cancel,21233,,,1677023063
cancel,24999,,,1677023063
newOrder,19820,0,24202,1677023070
newOrder,21233,1,24202,1677023070
newOrder,12003,0,96807,1677023070
newOrder,24999,1,96807,1677023070
cancel,12003,,,1677023664
cancel,19820,,,1677023664
cancel,21233,,,1677023664
cancel,24999,,,1677023664
newOrder,19820,0,24200,1677023671
newOrder,21233,1,24200,1677023671
newOrder,12003,0,96801,1677023671
newOrder,24999,1,96801,1677023671
cancel,12003,,,1677024264
cancel,19820,,,1677024264
cancel,21233,,,1677024264
cancel,24999,,,1677024264
newOrder,19820,0,24183,1677024269
newOrder,21236,1,24183,1677024269
newOrder,12003,0,96733,1677024269
newOrder,24999,1,96733,1677024269
cancel,12003,,,1677024864
cancel,19820,,,1677024864
cancel,21236,,,1677024864
cancel,24999,,,1677024864
newOrder,19820,0,24182,1677024871
newOrder,21236,1,24182,1677024871
newOrder,12003,0,96727,1677024871
newOrder,24999,1,96727,1677024871
cancel,12003,,,1677025462
cancel,19820,,,1677025462
cancel,21236,,,1677025462
cancel,24999,,,1677025462
newOrder,19820,0,24180,1677025469
newOrder,21236,1,24180,1677025469
newOrder,12003,0,96720,1677025469
newOrder,24999,1,96720,1677025469
cancel,12003,,,1677026064
cancel,19820,,,1677026064
cancel,21236,,,1677026064
cancel,24999,,,1677026064
newOrder,19820,0,24178,1677026071
newOrder,21236,1,24178,1677026071
newOrder,12003,0,96713,1677026071
newOrder,24999,1,96713,1677026071
cancel,12003,,,1677026664
cancel,19820,,,1677026664
cancel,21236,,,1677026664
cancel,24999,,,1677026664
newOrder,19820,0,24177,1677026672
newOrder,21236,1,24177,1677026672
newOrder,12003,0,96706,1677026672
newOrder,24999,1,96706,1677026672
cancel,12003,,,1677027263
cancel,19820,,,1677027263
cancel,21236,,,1677027263
cancel,24999,,,1677027263
newOrder,19820,0,24180,1677027272
newOrder,21235,1,24180,1677027272
newOrder,12003,0,96718,1677027272
newOrder,24999,1,96718,1677027272
cancel,12003,,,1677027864
cancel,19820,,,1677027864
cancel,21235,,,1677027864
cancel,24999,,,1677027864
newOrder,19820,0,24068,1677027872
newOrder,21255,1,24068,1677027872
newOrder,12003,0,96274,1677027872
newOrder,24999,1,96274,1677027872
cancel,12003,,,1677028463
cancel,19820,,,1677028463
cancel,21255,,,1677028463
cancel,24999,,,1677028463
newOrder,19820,0,24067,1677028471
newOrder,21255,1,24067,1677028471
newOrder,12003,0,96267,1677028471
newOrder,24999,1,96267,1677028471
cancel,12003,,,1677029064
cancel,19820,,,1677029064
cancel,21255,,,1677029064
cancel,24999,,,1677029064
newOrder,19820,0,24065,1677029071
newOrder,21255,1,24065,1677029071
newOrder,12003,0,96260,1677029071
newOrder,24999,1,96260,1677029071
cancel,12003,,,1677029665
cancel,19820,,,1677029665
cancel,21255,,,1677029665
cancel,24999,,,1677029665
newOrder,19820,0,24063,1677029673
newOrder,21255,1,24063,1677029673
newOrder,12003,0,96252,1677029673
newOrder,24999,1,96252,1677029673
cancel,12003,,,1677030264
cancel,19820,,,1677030264
cancel,21255,,,1677030264
cancel,24999,,,1677030264
newOrder,19820,0,22843,1677030270
newOrder,21477,1,22843,1677030270
newOrder,12003,0,91372,1677030270
newOrder,24999,1,91372,1677030270
cancel,12003,,,1677030864
cancel,19820,,,1677030864
cancel,21477,,,1677030864
cancel,24999,,,1677030864
newOrder,19820,0,22841,1677030871
newOrder,21477,1,22841,1677030871
newOrder,12003,0,91363,1677030871
newOrder,24999,1,91363,1677030871
cancel,12003,,,1677031467
cancel,19820,,,1677031467
cancel,21477,,,1677031467
cancel,24999,,,1677031467
newOrder,19820,0,22862,1677031477
newOrder,21473,1,22862,1677031477
newOrder,12003,0,91449,1677031477
newOrder,24999,1,91449,1677031477
cancel,12003,,,1677032064
cancel,19820,,,1677032064
cancel,21473,,,1677032064
cancel,24999,,,1677032064
newOrder,19820,0,22860,1677032072
newOrder,21473,1,22860,1677032072
newOrder,12003,0,91440,1677032072
newOrder,24999,1,91440,1677032072
cancel,12003,,,1677032665
cancel,19820,,,1677032665
cancel,21473,,,1677032665
cancel,24999,,,1677032665
newOrder,19820,0,22858,1677032672
newOrder,21473,1,22858,1677032672
newOrder,12003,0,91431,1677032672
newOrder,24999,1,91431,1677032672
cancel,12003,,,1677033264
cancel,19820,,,1677033264
cancel,21473,,,1677033264
cancel,24999,,,1677033264
newOrder,19820,0,22855,1677033270
newOrder,21473,1,22855,1677033270
newOrder,12003,0,91422,1677033270
newOrder,24999,1,91422,1677033270
cancel,12003,,,1677033863
cancel,19820,,,1677033863
cancel,21473,,,1677033863
cancel,24999,,,1677033863
newOrder,19820,0,22853,1677033872
newOrder,21473,1,22853,1677033872
newOrder,12003,0,91412,1677033872
newOrder,24999,1,91412,1677033872
cancel,12003,,,1677034465
cancel,19820,,,1677034465
cancel,21473,,,1677034465
cancel,24999,,,1677034465
newOrder,19820,0,22799,1677034473
newOrder,21483,1,22799,1677034473
newOrder,12003,0,91195,1677034473
newOrder,24999,1,91195,1677034473
cancel,12003,,,1677035065
cancel,19820,,,1677035065
cancel,21483,,,1677035065
cancel,24999,,,1677035065
newOrder,19820,0,22796,1677035072
newOrder,21483,1,22796,1677035072
newOrder,12003,0,91184,1677035072
newOrder,24999,1,91184,1677035072
cancel,12003,,,1677035663
cancel,19820,,,1677035663
cancel,21483,,,1677035663
cancel,24999,,,1677035663
newOrder,19820,0,22794,1677035670
newOrder,21483,1,22794,1677035670
newOrder,12003,0,91175,1677035670
newOrder,24999,1,91175,1677035670
cancel,12003,,,1677036265
cancel,19820,,,1677036265
cancel,21483,,,1677036265
cancel,24999,,,1677036265
newOrder,19820,0,22791,1677036275
newOrder,21483,1,22791,1677036275
newOrder,12003,0,91166,1677036275
newOrder,24999,1,91166,1677036275
cancel,12003,,,1677036864
cancel,19820,,,1677036864
cancel,21483,,,1677036864
cancel,24999,,,1677036864
newOrder,19820,0,22789,1677036871
newOrder,21483,1,22789,1677036871
newOrder,12003,0,91156,1677036871
newOrder,24999,1,91156,1677036871
cancel,12003,,,1677037465
cancel,19820,,,1677037465
cancel,21483,,,1677037465
cancel,24999,,,1677037465
newOrder,19820,0,22787,1677037475
newOrder,21483,1,22787,1677037475
newOrder,12003,0,91147,1677037475
newOrder,24999,1,91147,1677037475
cancel,12003,,,1677038063
cancel,19820,,,1677038063
cancel,21483,,,1677038063
cancel,24999,,,1677038063
newOrder,19820,0,22784,1677038072
newOrder,21483,1,22784,1677038072
newOrder,12003,0,91138,1677038072
newOrder,24999,1,91138,1677038072
cancel,12003,,,1677038662
cancel,19820,,,1677038662
cancel,21483,,,1677038662
cancel,24999,,,1677038662
newOrder,19820,0,22782,1677038670
newOrder,21483,1,22782,1677038670
newOrder,12003,0,91128,1677038670
newOrder,24999,1,91128,1677038670
cancel,12003,,,1677039263
cancel,19820,,,1677039263
cancel,21483,,,1677039263
cancel,24999,,,1677039263
newOrder,19820,0,22780,1677039271
newOrder,21483,1,22780,1677039271
newOrder,12003,0,91119,1677039271
newOrder,24999,1,91119,1677039271
cancel,12003,,,1677039864
cancel,19820,,,1677039864
cancel,21483,,,1677039864
cancel,24999,,,1677039864
newOrder,19820,0,22777,1677039873
newOrder,21483,1,22777,1677039873
newOrder,12003,0,91109,1677039873
newOrder,24999,1,91109,1677039873
cancel,12003,,,1677040465
cancel,19820,,,1677040465
cancel,21483,,,1677040465
cancel,24999,,,1677040465
newOrder,19820,0,22775,1677040473
newOrder,21483,1,22775,1677040473
newOrder,12003,0,91100,1677040473
newOrder,24999,1,91100,1677040473
cancel,12003,,,1677041063
cancel,19820,,,1677041063
cancel,21483,,,1677041063
cancel,24999,,,1677041063
newOrder,19820,0,22773,1677041069
newOrder,21483,1,22773,1677041069
newOrder,12003,0,91090,1677041069
newOrder,24999,1,91090,1677041069
cancel,12003,,,1677041664
cancel,19820,,,1677041664
cancel,21483,,,1677041664
cancel,24999,,,1677041664
newOrder,19820,0,22770,1677041669
newOrder,21483,1,22770,1677041669
newOrder,12003,0,91080,1677041669
newOrder,24999,1,91080,1677041669
cancel,12003,,,1677042264
cancel,19820,,,1677042264
cancel,21483,,,1677042264
cancel,24999,,,1677042264
newOrder,19820,0,22768,1677042271
newOrder,21483,1,22768,1677042271
newOrder,12003,0,91071,1677042271
newOrder,24999,1,91071,1677042271
cancel,12003,,,1677042864
cancel,19820,,,1677042864
cancel,21483,,,1677042864
cancel,24999,,,1677042864
newOrder,19820,0,22765,1677042870
newOrder,21483,1,22765,1677042870
newOrder,12003,0,91061,1677042870
newOrder,24999,1,91061,1677042870
cancel,12003,,,1677043463
cancel,19820,,,1677043463
cancel,21483,,,1677043463
cancel,24999,,,1677043463
newOrder,19820,0,22763,1677043473
newOrder,21483,1,22763,1677043473
newOrder,12003,0,91051,1677043473
newOrder,24999,1,91051,1677043473
cancel,12003,,,1677044064
cancel,19820,,,1677044064
cancel,21483,,,1677044064
cancel,24999,,,1677044064
newOrder,19820,0,22760,1677044072
newOrder,21483,1,22760,1677044072
newOrder,12003,0,91042,1677044072
newOrder,24999,1,91042,1677044072
cancel,12003,,,1677044664
cancel,19820,,,1677044664
cancel,21483,,,1677044664
cancel,24999,,,1677044664
newOrder,19820,0,22758,1677044670
newOrder,21483,1,22758,1677044670
newOrder,12003,0,91032,1677044670
newOrder,24999,1,91032,1677044670
cancel,12003,,,1677045264
cancel,19820,,,1677045264
cancel,21483,,,1677045264
cancel,24999,,,1677045264
newOrder,19820,0,22756,1677045276
newOrder,21483,1,22756,1677045276
newOrder,12003,0,91022,1677045276
newOrder,24999,1,91022,1677045276
cancel,12003,,,1677045862
cancel,19820,,,1677045862
cancel,21483,,,1677045862
cancel,24999,,,1677045862
newOrder,19820,0,22753,1677045872
newOrder,21483,1,22753,1677045872
newOrder,12003,0,91012,1677045872
newOrder,24999,1,91012,1677045872
cancel,12003,,,1677046464
cancel,19820,,,1677046464
cancel,21483,,,1677046464
cancel,24999,,,1677046464
newOrder,19820,0,22751,1677046474
newOrder,21483,1,22751,1677046474
newOrder,12003,0,91002,1677046474
newOrder,24999,1,91002,1677046474
cancel,12003,,,1677047063
cancel,19820,,,1677047063
cancel,21483,,,1677047063
cancel,24999,,,1677047063
newOrder,19820,0,22748,1677047071
newOrder,21483,1,22748,1677047071
newOrder,12003,0,90993,1677047071
newOrder,24999,1,90993,1677047071
cancel,12003,,,1677047662
cancel,19820,,,1677047662
cancel,21483,,,1677047662
cancel,24999,,,1677047662
newOrder,19820,0,22746,1677047673
newOrder,21483,1,22746,1677047673
newOrder,12003,0,90983,1677047673
newOrder,24999,1,90983,1677047673
cancel,12003,,,1677048264
cancel,19820,,,1677048264
cancel,21483,,,1677048264
cancel,24999,,,1677048264
newOrder,19820,0,22743,1677048271
newOrder,21483,1,22743,1677048271
newOrder,12003,0,90973,1677048271
newOrder,24999,1,90973,1677048271
cancel,12003,,,1677048864
cancel,19820,,,1677048864
cancel,21483,,,1677048864
cancel,24999,,,1677048864
newOrder,19820,0,22741,1677048869
newOrder,21483,1,22741,1677048869
newOrder,12003,0,90963,1677048869
newOrder,24999,1,90963,1677048869
cancel,12003,,,1677049463
cancel,19820,,,1677049463
cancel,21483,,,1677049463
cancel,24999,,,1677049463
newOrder,19820,0,22738,1677049473
newOrder,21483,1,22738,1677049473
newOrder,12003,0,90953,1677049473
newOrder,24999,1,90953,1677049473
cancel,12003,,,1677050064
cancel,19820,,,1677050064
cancel,21483,,,1677050064
cancel,24999,,,1677050064
newOrder,19820,0,22736,1677050073
newOrder,21483,1,22736,1677050073
newOrder,12003,0,90943,1677050073
newOrder,24999,1,90943,1677050073
cancel,12003,,,1677050664
cancel,19820,,,1677050664
cancel,21483,,,1677050664
cancel,24999,,,1677050664
newOrder,19820,0,22733,1677050673
newOrder,21483,1,22733,1677050673
newOrder,12003,0,90933,1677050673
newOrder,24999,1,90933,1677050673
cancel,12003,,,1677051264
cancel,19820,,,1677051264
cancel,21483,,,1677051264
cancel,24999,,,1677051264
newOrder,19820,0,22731,1677051269
newOrder,21483,1,22731,1677051269
newOrder,12003,0,90922,1677051269
newOrder,24999,1,90922,1677051269
cancel,12003,,,1677051865
cancel,19820,,,1677051865
cancel,21483,,,1677051865
cancel,24999,,,1677051865
newOrder,19820,0,22728,1677051874
newOrder,21483,1,22728,1677051874
newOrder,12003,0,90912,1677051874
newOrder,24999,1,90912,1677051874
cancel,12003,,,1677052463
cancel,19820,,,1677052463
cancel,21483,,,1677052463
cancel,24999,,,1677052463
newOrder,19820,0,22726,1677052471
newOrder,21483,1,22726,1677052471
newOrder,12003,0,90902,1677052471
newOrder,24999,1,90902,1677052471
cancel,12003,,,1677053064
cancel,19820,,,1677053064
cancel,21483,,,1677053064
cancel,24999,,,1677053064
newOrder,19820,0,21694,1677053072
newOrder,21679,1,21694,1677053072
newOrder,12003,0,86775,1677053072
newOrder,24999,1,86775,1677053072
cancel,12003,,,1677053664
cancel,19820,,,1677053664
cancel,21679,,,1677053664
cancel,24999,,,1677053664
newOrder,19820,0,21691,1677053670
newOrder,21679,1,21691,1677053670
newOrder,12003,0,86764,1677053670
newOrder,24999,1,86764,1677053670
cancel,12003,,,1677054263
cancel,19820,,,1677054263
cancel,21679,,,1677054263
cancel,24999,,,1677054263
newOrder,19820,0,21715,1677054271
newOrder,21674,1,21715,1677054271
newOrder,12003,0,86859,1677054271
newOrder,24999,1,86859,1677054271
cancel,12003,,,1677054864
cancel,19820,,,1677054864
cancel,21674,,,1677054864
cancel,24999,,,1677054864
newOrder,19820,0,21712,1677054871
newOrder,21674,1,21712,1677054871
newOrder,12003,0,86848,1677054871
newOrder,24999,1,86848,1677054871
cancel,12003,,,1677055465
cancel,19820,,,1677055465
cancel,21674,,,1677055465
cancel,24999,,,1677055465
newOrder,19820,0,21709,1677055473
newOrder,21674,1,21709,1677055473
newOrder,12003,0,86836,1677055473
newOrder,24999,1,86836,1677055473
cancel,12003,,,1677056063
cancel,19820,,,1677056063
cancel,21674,,,1677056063
cancel,24999,,,1677056063
newOrder,19820,0,21706,1677056071
newOrder,21674,1,21706,1677056071
newOrder,12003,0,86825,1677056071
newOrder,24999,1,86825,1677056071
cancel,12003,,,1677056665
cancel,19820,,,1677056665
cancel,21674,,,1677056665
cancel,24999,,,1677056665
newOrder,19820,0,21703,1677056672
newOrder,21674,1,21703,1677056672
newOrder,11892,0,86813,1677056672
newOrder,24999,1,86813,1677056672
cancel,11892,,,1677057264
cancel,19820,,,1677057264
cancel,21674,,,1677057264
cancel,24999,,,1677057264
newOrder,19820,0,21674,1677057271
newOrder,21679,1,21674,1677057271
newOrder,11892,0,86696,1677057271
newOrder,24999,1,86696,1677057271
cancel,11892,,,1677057864
cancel,19820,,,1677057864
cancel,21679,,,1677057864
cancel,24999,,,1677057864
newOrder,19820,0,21674,1677057870
newOrder,21678,1,21674,1677057870
newOrder,11892,0,86697,1677057870
newOrder,24999,1,86697,1677057870
cancel,11892,,,1677058464
cancel,19820,,,1677058464
cancel,21678,,,1677058464
cancel,24999,,,1677058464
newOrder,19820,0,21671,1677058472
newOrder,21678,1,21671,1677058472
newOrder,11892,0,86686,1677058472
newOrder,24999,1,86686,1677058472
cancel,11892,,,1677059063
cancel,19820,,,1677059063
cancel,21678,,,1677059063
cancel,24999,,,1677059063
newOrder,19820,0,21668,1677059073
newOrder,21678,1,21668,1677059073
newOrder,11892,0,86674,1677059073
newOrder,24999,1,86674,1677059073
cancel,11892,,,1677059663
cancel,19820,,,1677059663
cancel,21678,,,1677059663
cancel,24999,,,1677059663
newOrder,19820,0,21666,1677059670
newOrder,21678,1,21666,1677059670
newOrder,11892,0,86662,1677059670
newOrder,24999,1,86662,1677059670
cancel,11892,,,1677060263
cancel,19820,,,1677060263
cancel,21678,,,1677060263
cancel,24999,,,1677060263
newOrder,19820,0,21663,1677060271
newOrder,21678,1,21663,1677060271
newOrder,11892,0,86651,1677060271
newOrder,24999,1,86651,1677060271
cancel,11892,,,1677060865
cancel,19820,,,1677060865
cancel,21678,,,1677060865
cancel,24999,,,1677060865
newOrder,19820,0,21660,1677060873
newOrder,21678,1,21660,1677060873
newOrder,11892,0,86639,1677060873
newOrder,24999,1,86639,1677060873
cancel,11892,,,1677061464
cancel,19820,,,1677061464
cancel,21678,,,1677061464
cancel,24999,,,1677061464
newOrder,19820,0,21657,1677061472
newOrder,21678,1,21657,1677061472
newOrder,11892,0,86627,1677061472
newOrder,24999,1,86627,1677061472
cancel,11892,,,1677062063
cancel,19820,,,1677062063
cancel,21678,,,1677062063
cancel,24999,,,1677062063
newOrder,19820,0,21654,1677062070
newOrder,21678,1,21654,1677062070
newOrder,11892,0,86616,1677062070
newOrder,24999,1,86616,1677062070
cancel,11892,,,1677062664
cancel,19820,,,1677062664
cancel,21678,,,1677062664
cancel,24999,,,1677062664
newOrder,19820,0,21651,1677062671
newOrder,21678,1,21651,1677062671
newOrder,11892,0,86604,1677062671
newOrder,24999,1,86604,1677062671
cancel,11892,,,1677063265
cancel,19820,,,1677063265
cancel,21678,,,1677063265
cancel,24999,,,1677063265
newOrder,19820,0,21648,1677063272
newOrder,21678,1,21648,1677063272
newOrder,11892,0,86592,1677063272
newOrder,24999,1,86592,1677063272
cancel,11892,,,1677063865
cancel,19820,,,1677063865
cancel,21678,,,1677063865
cancel,24999,,,1677063865
newOrder,19820,0,23244,1677063871
newOrder,21379,1,23244,1677063871
newOrder,11892,0,92977,1677063871
newOrder,24999,1,92977,1677063871
cancel,11892,,,1677064465
cancel,19820,,,1677064465
cancel,21379,,,1677064465
cancel,24999,,,1677064465
newOrder,19820,0,23242,1677064472
newOrder,21379,1,23242,1677064472
newOrder,11892,0,92967,1677064472
newOrder,24999,1,92967,1677064472
cancel,11892,,,1677065064
cancel,19820,,,1677065064
cancel,21379,,,1677065064
cancel,24999,,,1677065064
newOrder,19820,0,23239,1677065071
newOrder,21379,1,23239,1677065071
newOrder,11892,0,92957,1677065071
newOrder,24999,1,92957,1677065071
cancel,11892,,,1677065663
cancel,19820,,,1677065663
cancel,21379,,,1677065663
cancel,24999,,,1677065663
newOrder,19820,0,23225,1677065671
newOrder,21381,1,23225,1677065671
newOrder,11892,0,92902,1677065671
newOrder,24999,1,92902,1677065671
cancel,11892,,,1677066263
cancel,19820,,,1677066263
cancel,21381,,,1677066263
cancel,24999,,,1677066263
newOrder,19820,0,23225,1677066271
newOrder,21381,1,23225,1677066271
newOrder,11892,0,92901,1677066271
newOrder,24999,1,92901,1677066271
cancel,11892,,,1677066864
cancel,19820,,,1677066864
cancel,21381,,,1677066864
cancel,24999,,,1677066864
newOrder,19820,0,23223,1677066871
newOrder,21381,1,23223,1677066871
newOrder,11892,0,92891,1677066871
newOrder,24999,1,92891,1677066871
cancel,11892,,,1677067463
cancel,19820,,,1677067463
cancel,21381,,,1677067463
cancel,24999,,,1677067463
newOrder,19820,0,23220,1677067470
newOrder,21381,1,23220,1677067470
newOrder,11892,0,92880,1677067470
newOrder,24999,1,92880,1677067470