instruction,price,side,qty,time
cancel,12163,,,1689423340
cancel,17925,,,1689423340
cancel,18436,,,1689423340
cancel,24999,,,1689423340
newOrder,17925,0,11683,1689423364
newOrder,18436,1,11683,1689423364
newOrder,12163,0,27313,1689423364
newOrder,24999,1,27313,1689423364
cancel,12163,,,1689423942
cancel,17925,,,1689423942
cancel,18436,,,1689423942
cancel,24999,,,1689423942
newOrder,17925,0,11686,1689423964
newOrder,18436,1,11686,1689423964
newOrder,17094,0,10247,1689423964
newOrder,19999,1,10247,1689423964
cancel,17094,,,1689424542
cancel,17925,,,1689424542
cancel,18436,,,1689424542
cancel,19999,,,1689424542
newOrder,17925,0,11688,1689424564
newOrder,18436,1,11688,1689424564
newOrder,12163,0,54373,1689424564
newOrder,24999,1,54373,1689424564
cancel,12163,,,1689425146
cancel,17925,,,1689425146
cancel,18436,,,1689425146
cancel,24999,,,1689425146
newOrder,17925,0,11690,1689425180
newOrder,18436,1,11690,1689425180
newOrder,12163,0,63078,1689425180
newOrder,24999,1,63078,1689425180
cancel,12163,,,1689425743
cancel,17925,,,1689425743
cancel,18436,,,1689425743
cancel,24999,,,1689425743
newOrder,17925,0,11914,1689425765
newOrder,18136,1,11914,1689425765
newOrder,14005,0,20338,1689425765
newOrder,24999,1,20338,1689425765
cancel,14005,,,1689426343
cancel,17925,,,1689426343
cancel,18136,,,1689426343
cancel,24999,,,1689426343
newOrder,17925,0,11884,1689426364
newOrder,18189,1,11884,1689426364
newOrder,12163,0,28780,1689426364
newOrder,24999,1,28780,1689426364
cancel,12163,,,1689426647
cancel,17925,,,1689426647
cancel,18189,,,1689426647
cancel,24999,,,1689426647
newOrder,17917,0,11835,1689426655
newOrder,18273,1,11835,1689426655
newOrder,12163,0,32086,1689426655
newOrder,24999,1,32086,1689426655
cancel,12163,,,1689426942
cancel,17917,,,1689426942
cancel,18273,,,1689426942
cancel,24999,,,1689426942
newOrder,17925,0,11743,1689426964
newOrder,18385,1,11743,1689426964
newOrder,12163,0,52695,1689426964
newOrder,24999,1,52695,1689426964
cancel,12163,,,1689427160
cancel,17925,,,1689427160
cancel,18385,,,1689427160
cancel,24999,,,1689427160
newOrder,17917,0,11675,1689427169
newOrder,18470,1,11675,1689427169
newOrder,14005,0,18140,1689427169
newOrder,24999,1,18140,1689427169
cancel,14005,,,1689427542
cancel,17917,,,1689427542
cancel,18470,,,1689427542
cancel,24999,,,1689427542
newOrder,17925,0,11940,1689427565
newOrder,18102,1,11940,1689427565
newOrder,12163,0,25372,1689427565
newOrder,24999,1,25372,1689427565
cancel,12163,,,1689428142
cancel,17925,,,1689428142
cancel,18102,,,1689428142
cancel,24999,,,1689428142
newOrder,17925,0,11943,1689428167
newOrder,18102,1,11943,1689428167
newOrder,12163,0,32020,1689428167
newOrder,24999,1,32020,1689428167
cancel,12163,,,1689428742
cancel,17925,,,1689428742
cancel,18102,,,1689428742
cancel,24999,,,1689428742
newOrder,17925,0,11945,1689428766
newOrder,18102,1,11945,1689428766
newOrder,12163,0,47259,1689428766
newOrder,24999,1,47259,1689428766
cancel,12163,,,1689429342
cancel,17925,,,1689429342
cancel,18102,,,1689429342
cancel,24999,,,1689429342
newOrder,17925,0,11948,1689429365
newOrder,18102,1,11948,1689429365
newOrder,14005,0,17330,1689429365
newOrder,24999,1,17330,1689429365
cancel,14005,,,1689429943
cancel,17925,,,1689429943
cancel,18102,,,1689429943
cancel,24999,,,1689429943
newOrder,17925,0,11950,1689429966
newOrder,18102,1,11950,1689429966
newOrder,12163,0,36746,1689429966
newOrder,24999,1,36746,1689429966
cancel,12163,,,1689430542
cancel,17925,,,1689430542
cancel,18102,,,1689430542
cancel,24999,,,1689430542
newOrder,17925,0,11953,1689430564
newOrder,18102,1,11953,1689430564
newOrder,17094,0,8308,1689430564
newOrder,19999,1,8308,1689430564
cancel,17094,,,1689431142
cancel,17925,,,1689431142
cancel,18102,,,1689431142
cancel,19999,,,1689431142
newOrder,17925,0,11955,1689431164
newOrder,18102,1,11955,1689431164
newOrder,14005,0,18985,1689431164
newOrder,24999,1,18985,1689431164
cancel,14005,,,1689431743
cancel,17925,,,1689431743
cancel,18102,,,1689431743
cancel,24999,,,1689431743
newOrder,17925,0,11958,1689431766
newOrder,18102,1,11958,1689431766
newOrder,12163,0,47585,1689431766
newOrder,24999,1,47585,1689431766
cancel,12163,,,1689432342
cancel,17925,,,1689432342
cancel,18102,,,1689432342
cancel,24999,,,1689432342
newOrder,17925,0,11918,1689432364
newOrder,18175,1,11918,1689432364
newOrder,12163,0,36975,1689432364
newOrder,24999,1,36975,1689432364
cancel,12163,,,1689432942
cancel,17925,,,1689432942
cancel,18175,,,1689432942
cancel,24999,,,1689432942
newOrder,17925,0,11921,1689432964
newOrder,18175,1,11921,1689432964
newOrder,12163,0,50941,1689432964
newOrder,24999,1,50941,1689432964
cancel,12163,,,1689433543
cancel,17925,,,1689433543
cancel,18175,,,1689433543
cancel,24999,,,1689433543
newOrder,17925,0,11935,1689433566
newOrder,18155,1,11935,1689433566
newOrder,12163,0,36754,1689433566
newOrder,24999,1,36754,1689433566
cancel,12163,,,1689434142
cancel,17925,,,1689434142
cancel,18155,,,1689434142
cancel,24999,,,1689434142
newOrder,17925,0,11938,1689434165
newOrder,18155,1,11938,1689434165
newOrder,12163,0,21848,1689434165
newOrder,24999,1,21848,1689434165
cancel,12163,,,1689434742
cancel,17925,,,1689434742
cancel,18155,,,1689434742
cancel,24999,,,1689434742
newOrder,17925,0,11940,1689434764
newOrder,18155,1,11940,1689434764
newOrder,12163,0,34339,1689434764
newOrder,24999,1,34339,1689434764
cancel,12163,,,1689435342
cancel,17925,,,1689435342
cancel,18155,,,1689435342
cancel,24999,,,1689435342
newOrder,17925,0,11943,1689435364
newOrder,18155,1,11943,1689435364
newOrder,12162,0,64422,1689435364
newOrder,24999,1,64422,1689435364
cancel,12162,,,1689435942
cancel,17925,,,1689435942
cancel,18155,,,1689435942
cancel,24999,,,1689435942
newOrder,17925,0,11945,1689435964
newOrder,18155,1,11945,1689435964
newOrder,12163,0,63327,1689435964
newOrder,24999,1,63327,1689435964
cancel,12163,,,1689436543
cancel,17925,,,1689436543
cancel,18155,,,1689436543
cancel,24999,,,1689436543
newOrder,17925,0,11948,1689436566
newOrder,18155,1,11948,1689436566
newOrder,12163,0,44647,1689436566
newOrder,24999,1,44647,1689436566
cancel,12163,,,1689437143
cancel,17925,,,1689437143
cancel,18155,,,1689437143
cancel,24999,,,1689437143
newOrder,17925,0,11964,1689437166
newOrder,18132,1,11964,1689437166
newOrder,12163,0,29250,1689437166
newOrder,24999,1,29250,1689437166
cancel,12163,,,1689437742
cancel,17925,,,1689437742
cancel,18132,,,1689437742
cancel,24999,,,1689437742
newOrder,17925,0,11972,1689437764
newOrder,18122,1,11972,1689437764
newOrder,17094,0,8918,1689437764
newOrder,19999,1,8918,1689437764
cancel,17094,,,1689438342
cancel,17925,,,1689438342
cancel,18122,,,1689438342
cancel,19999,,,1689438342
newOrder,17925,0,11975,1689438364
newOrder,18122,1,11975,1689438364
newOrder,12163,0,61056,1689438364
newOrder,24999,1,61056,1689438364
cancel,12163,,,1689438942
cancel,17925,,,1689438942
cancel,18122,,,1689438942
cancel,24999,,,1689438942
newOrder,17925,0,11982,1689438967
newOrder,18112,1,11982,1689438967
newOrder,12163,0,42214,1689438967
newOrder,24999,1,42214,1689438967
cancel,12163,,,1689439543
cancel,17925,,,1689439543
cancel,18112,,,1689439543
cancel,24999,,,1689439543
newOrder,17925,0,11985,1689439565
newOrder,18112,1,11985,1689439565
newOrder,12163,0,42078,1689439565
newOrder,24999,1,42078,1689439565
cancel,12163,,,1689440142
cancel,17925,,,1689440142
cancel,18112,,,1689440142
cancel,24999,,,1689440142
newOrder,17925,0,11988,1689440165
newOrder,18112,1,11988,1689440165
newOrder,17094,0,11229,1689440165
newOrder,19999,1,11229,1689440165
cancel,17094,,,1689440742
cancel,17925,,,1689440742
cancel,18112,,,1689440742
cancel,19999,,,1689440742
newOrder,17925,0,11990,1689440764
newOrder,18112,1,11990,1689440764
newOrder,12163,0,44876,1689440764
newOrder,24999,1,44876,1689440764
cancel,12163,,,1689441342
cancel,17925,,,1689441342
cancel,18112,,,1689441342
cancel,24999,,,1689441342
newOrder,17925,0,11992,1689441365
newOrder,18113,1,11992,1689441365
newOrder,12163,0,32347,1689441365
newOrder,24999,1,32347,1689441365
cancel,12163,,,1689441942
cancel,17925,,,1689441942
cancel,18113,,,1689441942
cancel,24999,,,1689441942
newOrder,17925,0,11985,1689441964
newOrder,18131,1,11985,1689441964
newOrder,17094,0,7800,1689441964
newOrder,19999,1,7800,1689441964
cancel,17094,,,1689442542
cancel,17925,,,1689442542
cancel,18131,,,1689442542
cancel,19999,,,1689442542
newOrder,17925,0,11988,1689442564
newOrder,18131,1,11988,1689442564
newOrder,12163,0,22976,1689442564
newOrder,24999,1,22976,1689442564
cancel,12163,,,1689443142
cancel,17925,,,1689443142
cancel,18131,,,1689443142
cancel,24999,,,1689443142
newOrder,17925,0,11990,1689443163
newOrder,18131,1,11990,1689443163
newOrder,12163,0,35958,1689443163
newOrder,24999,1,35958,1689443163
cancel,12163,,,1689443742
cancel,17925,,,1689443742
cancel,18131,,,1689443742
cancel,24999,,,1689443742
newOrder,17925,0,11982,1689443764
newOrder,18149,1,11982,1689443764
newOrder,12163,0,41431,1689443764
newOrder,24999,1,41431,1689443764
cancel,12163,,,1689444344
cancel,17925,,,1689444344
cancel,18149,,,1689444344
cancel,24999,,,1689444344
newOrder,17925,0,11985,1689444366
newOrder,18149,1,11985,1689444366
newOrder,12163,0,25682,1689444366
newOrder,24999,1,25682,1689444366
cancel,12163,,,1689444944
cancel,17925,,,1689444944
cancel,18149,,,1689444944
cancel,24999,,,1689444944
newOrder,17925,0,11987,1689444965
newOrder,18149,1,11987,1689444965
newOrder,12163,0,40587,1689444965
newOrder,24999,1,40587,1689444965
cancel,12163,,,1689445542
cancel,17925,,,1689445542
cancel,18149,,,1689445542
cancel,24999,,,1689445542
newOrder,17925,0,11990,1689445564
newOrder,18149,1,11990,1689445564
newOrder,12163,0,46419,1689445564
newOrder,24999,1,46419,1689445564
cancel,12163,,,1689446142
cancel,17925,,,1689446142
cancel,18149,,,1689446142
cancel,24999,,,1689446142
newOrder,17925,0,11992,1689446165
newOrder,18149,1,11992,1689446165
newOrder,14005,0,15087,1689446165
newOrder,24999,1,15087,1689446165
cancel,14005,,,1689446742
cancel,17925,,,1689446742
cancel,18149,,,1689446742
cancel,24999,,,1689446742
newOrder,17925,0,11984,1689446764
newOrder,18168,1,11984,1689446764
newOrder,14005,0,17724,1689446764
newOrder,24999,1,17724,1689446764
cancel,14005,,,1689447342
cancel,17925,,,1689447342
cancel,18168,,,1689447342
cancel,24999,,,1689447342
newOrder,17925,0,11986,1689447363
newOrder,18168,1,11986,1689447363
newOrder,12163,0,36559,1689447363
newOrder,24999,1,36559,1689447363
cancel,12163,,,1689447942
cancel,17925,,,1689447942
cancel,18168,,,1689447942
cancel,24999,,,1689447942
newOrder,17925,0,11989,1689447965
newOrder,18168,1,11989,1689447965
newOrder,12163,0,57409,1689447965
newOrder,24999,1,57409,1689447965
cancel,12163,,,1689448541
cancel,17925,,,1689448541
cancel,18168,,,1689448541
cancel,24999,,,1689448541
newOrder,17925,0,11991,1689448566
newOrder,18168,1,11991,1689448566
newOrder,12163,0,36860,1689448566
newOrder,24999,1,36860,1689448566
cancel,12163,,,1689449143
cancel,17925,,,1689449143
cancel,18168,,,1689449143
cancel,24999,,,1689449143
newOrder,17925,0,11994,1689449164
newOrder,18168,1,11994,1689449164
newOrder,12163,0,40992,1689449164
newOrder,24999,1,40992,1689449164
cancel,12163,,,1689449742
cancel,17925,,,1689449742
cancel,18168,,,1689449742
cancel,24999,,,1689449742
newOrder,17881,0,12069,1689449764
newOrder,18075,1,12069,1689449764
newOrder,12163,0,61196,1689449764
newOrder,24999,1,61196,1689449764
cancel,12163,,,1689450343
cancel,17881,,,1689450343
cancel,18075,,,1689450343
cancel,24999,,,1689450343
newOrder,17881,0,12071,1689450365
newOrder,18075,1,12071,1689450365
newOrder,14005,0,18790,1689450365
newOrder,24999,1,18790,1689450365
cancel,14005,,,1689450942
cancel,17881,,,1689450942
cancel,18075,,,1689450942
cancel,24999,,,1689450942
newOrder,17881,0,12074,1689450965
newOrder,18075,1,12074,1689450965
newOrder,12163,0,43497,1689450965
newOrder,24999,1,43497,1689450965
cancel,12163,,,1689451542
cancel,17881,,,1689451542
cancel,18075,,,1689451542
cancel,24999,,,1689451542
newOrder,17823,0,12100,1689451564
newOrder,18075,1,12100,1689451564
newOrder,12162,0,64585,1689451564
newOrder,24999,1,64585,1689451564
cancel,12162,,,1689452142
cancel,17823,,,1689452142
cancel,18075,,,1689452142
cancel,24999,,,1689452142
newOrder,17823,0,12103,1689452164
newOrder,18075,1,12103,1689452164
newOrder,17094,0,10555,1689452164
newOrder,19999,1,10555,1689452164
cancel,17094,,,1689452742
cancel,17823,,,1689452742
cancel,18075,,,1689452742
cancel,19999,,,1689452742
newOrder,17823,0,12105,1689452765
newOrder,18075,1,12105,1689452765
newOrder,12163,0,29499,1689452765
newOrder,24999,1,29499,1689452765
cancel,12163,,,1689453343
cancel,17823,,,1689453343
cancel,18075,,,1689453343
cancel,24999,,,1689453343
newOrder,17823,0,12108,1689453366
newOrder,18075,1,12108,1689453366
newOrder,14005,0,19186,1689453366
newOrder,24999,1,19186,1689453366
cancel,14005,,,1689453943
cancel,17823,,,1689453943
cancel,18075,,,1689453943
cancel,24999,,,1689453943
newOrder,17823,0,12111,1689453966
newOrder,18075,1,12111,1689453966
newOrder,12163,0,47526,1689453966
newOrder,24999,1,47526,1689453966
cancel,12163,,,1689454542
cancel,17823,,,1689454542
cancel,18075,,,1689454542
cancel,24999,,,1689454542
newOrder,17823,0,12113,1689454565
newOrder,18075,1,12113,1689454565
newOrder,12163,0,48719,1689454565
newOrder,24999,1,48719,1689454565
cancel,12163,,,1689455142
cancel,17823,,,1689455142
cancel,18075,,,1689455142
cancel,24999,,,1689455142
newOrder,17823,0,12116,1689455164
newOrder,18075,1,12116,1689455164
newOrder,17094,0,7554,1689455164
newOrder,19999,1,7554,1689455164
cancel,17094,,,1689455742
cancel,17823,,,1689455742
cancel,18075,,,1689455742
cancel,19999,,,1689455742
newOrder,17862,0,12103,1689455764
newOrder,18075,1,12103,1689455764
newOrder,12163,0,43759,1689455764
newOrder,24999,1,43759,1689455764
cancel,12163,,,1689456342
cancel,17862,,,1689456342
cancel,18075,,,1689456342
cancel,24999,,,1689456342
newOrder,17879,0,12098,1689456364
newOrder,18075,1,12098,1689456364
newOrder,12163,0,25792,1689456364
newOrder,24999,1,25792,1689456364
cancel,12163,,,1689456942
cancel,17879,,,1689456942
cancel,18075,,,1689456942
cancel,24999,,,1689456942
newOrder,17879,0,12101,1689456964
newOrder,18075,1,12101,1689456964
newOrder,12163,0,59436,1689456964
newOrder,24999,1,59436,1689456964
cancel,12163,,,1689457541
cancel,17879,,,1689457541
cancel,18075,,,1689457541
cancel,24999,,,1689457541
newOrder,17879,0,12103,1689457565
newOrder,18075,1,12103,1689457565
newOrder,12163,0,63271,1689457565
newOrder,24999,1,63271,1689457565
cancel,12163,,,1689458142
cancel,17879,,,1689458142
cancel,18075,,,1689458142
cancel,24999,,,1689458142
newOrder,17878,0,12106,1689458163
newOrder,18075,1,12106,1689458163
newOrder,12163,0,28512,1689458163
newOrder,24999,1,28512,1689458163
cancel,12163,,,1689458743
cancel,17878,,,1689458743
cancel,18075,,,1689458743
cancel,24999,,,1689458743
newOrder,17878,0,12109,1689458765
newOrder,18075,1,12109,1689458765
newOrder,12163,0,31540,1689458765
newOrder,24999,1,31540,1689458765
cancel,12163,,,1689459343
cancel,17878,,,1689459343
cancel,18075,,,1689459343
cancel,24999,,,1689459343
newOrder,17878,0,12111,1689459366
newOrder,18075,1,12111,1689459366
newOrder,12163,0,63061,1689459366
newOrder,24999,1,63061,1689459366
cancel,12163,,,1689459942
cancel,17878,,,1689459942
cancel,18075,,,1689459942
cancel,24999,,,1689459942
newOrder,17878,0,12114,1689459964
newOrder,18075,1,12114,1689459964
newOrder,12163,0,56343,1689459964
newOrder,24999,1,56343,1689459964
cancel,12163,,,1689460542
cancel,17878,,,1689460542
cancel,18075,,,1689460542
cancel,24999,,,1689460542
newOrder,17923,0,12095,1689460564
newOrder,18075,1,12095,1689460564
newOrder,12163,0,58166,1689460564
newOrder,24999,1,58166,1689460564
cancel,12163,,,1689461142
cancel,17923,,,1689461142
cancel,18075,,,1689461142
cancel,24999,,,1689461142
newOrder,17923,0,12098,1689461164
newOrder,18075,1,12098,1689461164
newOrder,12163,0,59654,1689461164
newOrder,24999,1,59654,1689461164
cancel,12163,,,1689461743
cancel,17923,,,1689461743
cancel,18075,,,1689461743
cancel,24999,,,1689461743
newOrder,17923,0,12100,1689461766
newOrder,18075,1,12100,1689461766
newOrder,12163,0,29991,1689461766
newOrder,24999,1,29991,1689461766
cancel,12163,,,1689462342
cancel,17923,,,1689462342
cancel,18075,,,1689462342
cancel,24999,,,1689462342
newOrder,17923,0,12103,1689462366
newOrder,18075,1,12103,1689462366
newOrder,12163,0,63461,1689462366
newOrder,24999,1,63461,1689462366
cancel,12163,,,1689462942
cancel,17923,,,1689462942
cancel,18075,,,1689462942
cancel,24999,,,1689462942
newOrder,17923,0,12106,1689462965
newOrder,18075,1,12106,1689462965
newOrder,12163,0,23298,1689462965
newOrder,24999,1,23298,1689462965
cancel,12163,,,1689463542
cancel,17923,,,1689463542
cancel,18075,,,1689463542
cancel,24999,,,1689463542
newOrder,17923,0,12108,1689463564
newOrder,18075,1,12108,1689463564
newOrder,12163,0,49882,1689463564
newOrder,24999,1,49882,1689463564
cancel,12163,,,1689464142
cancel,17923,,,1689464142
cancel,18075,,,1689464142
cancel,24999,,,1689464142
newOrder,17923,0,12111,1689464166
newOrder,18075,1,12111,1689464166
newOrder,14005,0,13378,1689464166
newOrder,21899,1,13378,1689464166
cancel,14005,,,1689464743
cancel,17923,,,1689464743
cancel,18075,,,1689464743
cancel,21899,,,1689464743
newOrder,17923,0,12114,1689464765
newOrder,18075,1,12114,1689464765
newOrder,12163,0,52108,1689464765
newOrder,24999,1,52108,1689464765
cancel,12163,,,1689465342
cancel,17923,,,1689465342
cancel,18075,,,1689465342
cancel,24999,,,1689465342
newOrder,17923,0,12116,1689465363
newOrder,18075,1,12116,1689465363
newOrder,17094,0,10956,1689465363
newOrder,19999,1,10956,1689465363
cancel,17094,,,1689465943
cancel,17923,,,1689465943
cancel,18075,,,1689465943
cancel,19999,,,1689465943
newOrder,17923,0,12119,1689465966
newOrder,18075,1,12119,1689465966
newOrder,12163,0,62625,1689465966
newOrder,24999,1,62625,1689465966
cancel,12163,,,1689466542
cancel,17923,,,1689466542
cancel,18075,,,1689466542
cancel,24999,,,1689466542
newOrder,17923,0,12121,1689466566
newOrder,18075,1,12121,1689466566
newOrder,12163,0,59612,1689466566
newOrder,24999,1,59612,1689466566
cancel,12163,,,1689467144
cancel,17923,,,1689467144
cancel,18075,,,1689467144
cancel,24999,,,1689467144
newOrder,17923,0,12124,1689467170
newOrder,18075,1,12124,1689467170
newOrder,12163,0,43775,1689467170
newOrder,24999,1,43775,1689467170
cancel,12163,,,1689467742
cancel,17923,,,1689467742
cancel,18075,,,1689467742
cancel,24999,,,1689467742
newOrder,17923,0,12127,1689467767
newOrder,18075,1,12127,1689467767
newOrder,17094,0,9269,1689467767
newOrder,19999,1,9269,1689467767
cancel,17094,,,1689468342
cancel,17923,,,1689468342
cancel,18075,,,1689468342
cancel,19999,,,1689468342
newOrder,17923,0,12129,1689468365
newOrder,18075,1,12129,1689468365
newOrder,12163,0,33850,1689468365
newOrder,24999,1,33850,1689468365
cancel,12163,,,1689468941
cancel,17923,,,1689468941
cancel,18075,,,1689468941
cancel,24999,,,1689468941
newOrder,17923,0,12132,1689468966
newOrder,18075,1,12132,1689468966
newOrder,12163,0,22295,1689468966
newOrder,24999,1,22295,1689468966
cancel,12163,,,1689469542
cancel,17923,,,1689469542
cancel,18075,,,1689469542
cancel,24999,,,1689469542
newOrder,17923,0,12134,1689469564
newOrder,18075,1,12134,1689469564
newOrder,12163,0,50473,1689469564
newOrder,24999,1,50473,1689469564
cancel,12163,,,1689470142
cancel,17923,,,1689470142
cancel,18075,,,1689470142
cancel,24999,,,1689470142
newOrder,17923,0,12137,1689470164
newOrder,18075,1,12137,1689470164
newOrder,12163,0,40783,1689470164
newOrder,24999,1,40783,1689470164
cancel,12163,,,1689470742
cancel,17923,,,1689470742
cancel,18075,,,1689470742
cancel,24999,,,1689470742
newOrder,17923,0,12140,1689470765
newOrder,18075,1,12140,1689470765
newOrder,17094,0,9017,1689470765
newOrder,19999,1,9017,1689470765
cancel,17094,,,1689471343
cancel,17923,,,1689471343
cancel,18075,,,1689471343
cancel,19999,,,1689471343
newOrder,17923,0,12142,1689471367
newOrder,18075,1,12142,1689471367
newOrder,12163,0,50227,1689471367
newOrder,24999,1,50227,1689471367
cancel,12163,,,1689471942
cancel,17923,,,1689471942
cancel,18075,,,1689471942
cancel,24999,,,1689471942
newOrder,17923,0,12145,1689471967
newOrder,18075,1,12145,1689471967
newOrder,12162,0,64547,1689471967
newOrder,24999,1,64547,1689471967
cancel,12162,,,1689472542
cancel,17923,,,1689472542
cancel,18075,,,1689472542
cancel,24999,,,1689472542
newOrder,17923,0,12148,1689472564
newOrder,18075,1,12148,1689472564
newOrder,12163,0,34342,1689472564
newOrder,24999,1,34342,1689472564
cancel,12163,,,1689473142
cancel,17923,,,1689473142
cancel,18075,,,1689473142
cancel,24999,,,1689473142
newOrder,17923,0,12150,1689473165
newOrder,18075,1,12150,1689473165
newOrder,12163,0,51655,1689473165
newOrder,24999,1,51655,1689473165
cancel,12163,,,1689473742
cancel,17923,,,1689473742
cancel,18075,,,1689473742
cancel,24999,,,1689473742
newOrder,17923,0,12153,1689473764
newOrder,18075,1,12153,1689473764
newOrder,14005,0,15912,1689473764
newOrder,24999,1,15912,1689473764
cancel,14005,,,1689474342
cancel,17923,,,1689474342
cancel,18075,,,1689474342
cancel,24999,,,1689474342
newOrder,17882,0,12175,1689474365
newOrder,18075,1,12175,1689474365
newOrder,12163,0,33913,1689474365
newOrder,24999,1,33913,1689474365
cancel,12163,,,1689474942
cancel,17882,,,1689474942
cancel,18075,,,1689474942
cancel,24999,,,1689474942
newOrder,17882,0,12178,1689474965
newOrder,18075,1,12178,1689474965
newOrder,12162,0,65539,1689474965
newOrder,24999,1,65539,1689474965
cancel,12162,,,1689475542
cancel,17882,,,1689475542
cancel,18075,,,1689475542
cancel,24999,,,1689475542
newOrder,17882,0,12180,1689475563
newOrder,18075,1,12180,1689475563
newOrder,12163,0,46366,1689475563
newOrder,24999,1,46366,1689475563
cancel,12163,,,1689476142
cancel,17882,,,1689476142
cancel,18075,,,1689476142
cancel,24999,,,1689476142
newOrder,17910,0,12170,1689476164
newOrder,18075,1,12170,1689476164
newOrder,12163,0,29326,1689476164
newOrder,24999,1,29326,1689476164
cancel,12163,,,1689476742
cancel,17910,,,1689476742
cancel,18075,,,1689476742
cancel,24999,,,1689476742
newOrder,17910,0,12172,1689476764
newOrder,18075,1,12172,1689476764
newOrder,12163,0,60830,1689476764
newOrder,24999,1,60830,1689476764
cancel,12163,,,1689477342
cancel,17910,,,1689477342
cancel,18075,,,1689477342
cancel,24999,,,1689477342
newOrder,17910,0,12175,1689477364
newOrder,18075,1,12175,1689477364
newOrder,12163,0,58594,1689477364
newOrder,24999,1,58594,1689477364
cancel,12163,,,1689477942
cancel,17910,,,1689477942
cancel,18075,,,1689477942
cancel,24999,,,1689477942
newOrder,17910,0,12178,1689477968
newOrder,18075,1,12178,1689477968
newOrder,12163,0,51480,1689477968
newOrder,24999,1,51480,1689477968
cancel,12163,,,1689478542
cancel,17910,,,1689478542
cancel,18075,,,1689478542
cancel,24999,,,1689478542
newOrder,17910,0,12180,1689478564
newOrder,18075,1,12180,1689478564
newOrder,12163,0,62362,1689478564
newOrder,24999,1,62362,1689478564
cancel,12163,,,1689479142
cancel,17910,,,1689479142
cancel,18075,,,1689479142
cancel,24999,,,1689479142
newOrder,17894,0,12191,1689479163
newOrder,18075,1,12191,1689479163
newOrder,12163,0,48366,1689479163
newOrder,24999,1,48366,1689479163
cancel,12163,,,1689479742
cancel,17894,,,1689479742
cancel,18075,,,1689479742
cancel,24999,,,1689479742
newOrder,17885,0,12198,1689479765
newOrder,18075,1,12198,1689479765
newOrder,12163,0,31390,1689479765
newOrder,24999,1,31390,1689479765
cancel,12163,,,1689480342
cancel,17885,,,1689480342
cancel,18075,,,1689480342
cancel,24999,,,1689480342
newOrder,17885,0,12200,1689480364
newOrder,18075,1,12200,1689480364
newOrder,17094,0,10524,1689480364
newOrder,19999,1,10524,1689480364
cancel,17094,,,1689480943
cancel,17885,,,1689480943
cancel,18075,,,1689480943
cancel,19999,,,1689480943
newOrder,17888,0,12202,1689480966
newOrder,18075,1,12202,1689480966
newOrder,17094,0,10702,1689480966
newOrder,19999,1,10702,1689480966
cancel,17094,,,1689481541
cancel,17888,,,1689481541
cancel,18075,,,1689481541
cancel,19999,,,1689481541
newOrder,17888,0,12204,1689481566
newOrder,18075,1,12204,1689481566
newOrder,12163,0,46989,1689481566
newOrder,24999,1,46989,1689481566
cancel,12163,,,1689482142
cancel,17888,,,1689482142
cancel,18075,,,1689482142
cancel,24999,,,1689482142
newOrder,17888,0,12207,1689482164
newOrder,18075,1,12207,1689482164
newOrder,12163,0,44563,1689482164
newOrder,24999,1,44563,1689482164
cancel,12163,,,1689482742
cancel,17888,,,1689482742
cancel,18075,,,1689482742
cancel,24999,,,1689482742
newOrder,17888,0,12210,1689482766
newOrder,18075,1,12210,1689482766
newOrder,12163,0,26426,1689482766
newOrder,24999,1,26426,1689482766
cancel,12163,,,1689483342
cancel,17888,,,1689483342
cancel,18075,,,1689483342
cancel,24999,,,1689483342
newOrder,17888,0,12212,1689483365
newOrder,18075,1,12212,1689483365
newOrder,17094,0,12466,1689483365
newOrder,19999,1,12466,1689483365
cancel,17094,,,1689483942
cancel,17888,,,1689483942
cancel,18075,,,1689483942
cancel,19999,,,1689483942
newOrder,17888,0,12215,1689483965
newOrder,18075,1,12215,1689483965
newOrder,12163,0,32974,1689483965
newOrder,24999,1,32974,1689483965
cancel,12163,,,1689484542
cancel,17888,,,1689484542
cancel,18075,,,1689484542
cancel,24999,,,1689484542
newOrder,17888,0,12218,1689484564
newOrder,18075,1,12218,1689484564
newOrder,17094,0,11194,1689484564
newOrder,19999,1,11194,1689484564
cancel,17094,,,1689485142
cancel,17888,,,1689485142
cancel,18075,,,1689485142
cancel,19999,,,1689485142
newOrder,17888,0,12220,1689485164
newOrder,18075,1,12220,1689485164
newOrder,12163,0,40666,1689485164
newOrder,24999,1,40666,1689485164
cancel,12163,,,1689485742
cancel,17888,,,1689485742
cancel,18075,,,1689485742
cancel,24999,,,1689485742
newOrder,17888,0,12223,1689485764
newOrder,18075,1,12223,1689485764
newOrder,12163,0,35354,1689485764
newOrder,24999,1,35354,1689485764
cancel,12163,,,1689486342
cancel,17888,,,1689486342
cancel,18075,,,1689486342
cancel,24999,,,1689486342
newOrder,17888,0,12226,1689486364
newOrder,18075,1,12226,1689486364
newOrder,12163,0,26463,1689486364
newOrder,24999,1,26463,1689486364
cancel,12163,,,1689486942
cancel,17888,,,1689486942
cancel,18075,,,1689486942
cancel,24999,,,1689486942
newOrder,17890,0,12227,1689486965
newOrder,18075,1,12227,1689486965
newOrder,12163,0,51499,1689486965
newOrder,24999,1,51499,1689486965
cancel,12163,,,1689487561
cancel,17890,,,1689487561
cancel,18075,,,1689487561
cancel,24999,,,1689487561
newOrder,17897,0,12227,1689487608
newOrder,18075,1,12227,1689487608
newOrder,12163,0,46954,1689487608
newOrder,24999,1,46954,1689487608
cancel,12163,,,1689488142
cancel,17897,,,1689488142
cancel,18075,,,1689488142
cancel,24999,,,1689488142
newOrder,17897,0,12229,1689488164
newOrder,18075,1,12229,1689488164
newOrder,17094,0,11139,1689488164
newOrder,19999,1,11139,1689488164
cancel,17094,,,1689488742
cancel,17897,,,1689488742
cancel,18075,,,1689488742
cancel,19999,,,1689488742
newOrder,17897,0,12232,1689488765
newOrder,18075,1,12232,1689488765
newOrder,12163,0,47980,1689488765
newOrder,24999,1,47980,1689488765
cancel,12163,,,1689489343
cancel,17897,,,1689489343
cancel,18075,,,1689489343
cancel,24999,,,1689489343
newOrder,17897,0,12235,1689489366
newOrder,18075,1,12235,1689489366
newOrder,12163,0,47600,1689489366
newOrder,24999,1,47600,1689489366
cancel,12163,,,1689489943
cancel,17897,,,1689489943
cancel,18075,,,1689489943
cancel,24999,,,1689489943
newOrder,17904,0,12234,1689489966
newOrder,18075,1,12234,1689489966
newOrder,12163,0,43430,1689489966
newOrder,24999,1,43430,1689489966
cancel,12163,,,1689490542
cancel,17904,,,1689490542
cancel,18075,,,1689490542
cancel,24999,,,1689490542
newOrder,17904,0,12237,1689490565
newOrder,18075,1,12237,1689490565
newOrder,12163,0,58266,1689490565
newOrder,24999,1,58266,1689490565
cancel,12163,,,1689491142
cancel,17904,,,1689491142
cancel,18075,,,1689491142
cancel,24999,,,1689491142
newOrder,17904,0,12239,1689491166
newOrder,18075,1,12239,1689491166
newOrder,12163,0,53310,1689491166
newOrder,24999,1,53310,1689491166
cancel,12163,,,1689491742
cancel,17904,,,1689491742
cancel,18075,,,1689491742
cancel,24999,,,1689491742
newOrder,17904,0,12242,1689491765
newOrder,18075,1,12242,1689491765
newOrder,14005,0,14629,1689491765
newOrder,24999,1,14629,1689491765
cancel,14005,,,1689492342
cancel,17904,,,1689492342
cancel,18075,,,1689492342
cancel,24999,,,1689492342
newOrder,17904,0,12245,1689492366
newOrder,18075,1,12245,1689492366
newOrder,14002,0,21394,1689492366
newOrder,24999,1,21394,1689492366
cancel,14002,,,1689492942
cancel,17904,,,1689492942
cancel,18075,,,1689492942
cancel,24999,,,1689492942
newOrder,17904,0,12247,1689492964
newOrder,18075,1,12247,1689492964
newOrder,17094,0,10848,1689492964
newOrder,19999,1,10848,1689492964
cancel,17094,,,1689493540
cancel,17904,,,1689493540
cancel,18075,,,1689493540
cancel,19999,,,1689493540
newOrder,17904,0,12250,1689493564
newOrder,18075,1,12250,1689493564
newOrder,12163,0,62420,1689493564
newOrder,24999,1,62420,1689493564
cancel,12163,,,1689494142
cancel,17904,,,1689494142
cancel,18075,,,1689494142
cancel,24999,,,1689494142
newOrder,17904,0,12253,1689494164
newOrder,18075,1,12253,1689494164
newOrder,12163,0,45550,1689494164
newOrder,24999,1,45550,1689494164
cancel,12163,,,1689494742
cancel,17904,,,1689494742
cancel,18075,,,1689494742
cancel,24999,,,1689494742
newOrder,17904,0,12255,1689494766
newOrder,18075,1,12255,1689494766
newOrder,14005,0,18630,1689494766
newOrder,24999,1,18630,1689494766
cancel,14005,,,1689495342
cancel,17904,,,1689495342
cancel,18075,,,1689495342
cancel,24999,,,1689495342
newOrder,17904,0,12258,1689495364
newOrder,18075,1,12258,1689495364
newOrder,12163,0,25107,1689495364
newOrder,24999,1,25107,1689495364
cancel,12163,,,1689495942
cancel,17904,,,1689495942
cancel,18075,,,1689495942
cancel,24999,,,1689495942
newOrder,17904,0,12261,1689495966
newOrder,18075,1,12261,1689495966
newOrder,12162,0,64731,1689495966
newOrder,24999,1,64731,1689495966
cancel,12162,,,1689496542
cancel,17904,,,1689496542
cancel,18075,,,1689496542
cancel,24999,,,1689496542
newOrder,17904,0,12264,1689496566
newOrder,18075,1,12264,1689496566
newOrder,14005,0,17435,1689496566
newOrder,24999,1,17435,1689496566
cancel,14005,,,1689497142
cancel,17904,,,1689497142
cancel,18075,,,1689497142
cancel,24999,,,1689497142
newOrder,17904,0,12266,1689497164
newOrder,18075,1,12266,1689497164
newOrder,12163,0,46597,1689497164
newOrder,24999,1,46597,1689497164
cancel,12163,,,1689497742
cancel,17904,,,1689497742
cancel,18075,,,1689497742
cancel,24999,,,1689497742
newOrder,17904,0,12269,1689497764
newOrder,18075,1,12269,1689497764
newOrder,12163,0,47373,1689497764
newOrder,24999,1,47373,1689497764
cancel,12163,,,1689498341
cancel,17904,,,1689498341
cancel,18075,,,1689498341
cancel,24999,,,1689498341
newOrder,17925,0,12256,1689498364
newOrder,18086,1,12256,1689498364
newOrder,12163,0,56981,1689498364
newOrder,24999,1,56981,1689498364
cancel,12163,,,1689498942
cancel,17925,,,1689498942
cancel,18086,,,1689498942
cancel,24999,,,1689498942
newOrder,17925,0,12259,1689498965
newOrder,18086,1,12259,1689498965
newOrder,14005,0,14340,1689498965
newOrder,24999,1,14340,1689498965
cancel,14005,,,1689499542
cancel,17925,,,1689499542
cancel,18086,,,1689499542
cancel,24999,,,1689499542
newOrder,17925,0,12262,1689499565
newOrder,18086,1,12262,1689499565
newOrder,12163,0,50604,1689499565
newOrder,24999,1,50604,1689499565
cancel,12163,,,1689500142
cancel,17925,,,1689500142
cancel,18086,,,1689500142
cancel,24999,,,1689500142
newOrder,17925,0,12264,1689500165
newOrder,18086,1,12264,1689500165
newOrder,12163,0,49462,1689500165
newOrder,24999,1,49462,1689500165
cancel,12163,,,1689500742
cancel,17925,,,1689500742
cancel,18086,,,1689500742
cancel,24999,,,1689500742
newOrder,17925,0,12267,1689500765
newOrder,18086,1,12267,1689500765
newOrder,12163,0,22278,1689500765
newOrder,24999,1,22278,1689500765
cancel,12163,,,1689501342
cancel,17925,,,1689501342
cancel,18086,,,1689501342
cancel,24999,,,1689501342
newOrder,17925,0,12270,1689501367
newOrder,18086,1,12270,1689501367
newOrder,12163,0,27648,1689501367
newOrder,24999,1,27648,1689501367
cancel,12163,,,1689501942
cancel,17925,,,1689501942
cancel,18086,,,1689501942
cancel,24999,,,1689501942
newOrder,17925,0,12272,1689501965
newOrder,18087,1,12272,1689501965
newOrder,14005,0,17331,1689501965
newOrder,24999,1,17331,1689501965
cancel,14005,,,1689502542
cancel,17925,,,1689502542
cancel,18087,,,1689502542
cancel,24999,,,1689502542
newOrder,17925,0,12275,1689502565
newOrder,18087,1,12275,1689502565
newOrder,12162,0,64667,1689502565
newOrder,24999,1,64667,1689502565
cancel,12162,,,1689503142
cancel,17925,,,1689503142
cancel,18087,,,1689503142
cancel,24999,,,1689503142
newOrder,17925,0,12277,1689503165
newOrder,18087,1,12277,1689503165
newOrder,17094,0,12653,1689503165
newOrder,19999,1,12653,1689503165
cancel,17094,,,1689503742
cancel,17925,,,1689503742
cancel,18087,,,1689503742
cancel,19999,,,1689503742
newOrder,17925,0,12280,1689503764
newOrder,18087,1,12280,1689503764
newOrder,17094,0,12857,1689503764
newOrder,19999,1,12857,1689503764
cancel,17094,,,1689504342
cancel,17925,,,1689504342
cancel,18087,,,1689504342
cancel,19999,,,1689504342
newOrder,17925,0,12283,1689504366
newOrder,18087,1,12283,1689504366
newOrder,12163,0,56955,1689504366
newOrder,24999,1,56955,1689504366
cancel,12163,,,1689504942
cancel,17925,,,1689504942
cancel,18087,,,1689504942
cancel,24999,,,1689504942
newOrder,17925,0,12286,1689504967
newOrder,18087,1,12286,1689504967
newOrder,12163,0,53055,1689504967
newOrder,24999,1,53055,1689504967
cancel,12163,,,1689505542
cancel,17925,,,1689505542
cancel,18087,,,1689505542
cancel,24999,,,1689505542
newOrder,17925,0,12288,1689505566
newOrder,18087,1,12288,1689505566
newOrder,12163,0,35215,1689505566
newOrder,24999,1,35215,1689505566
cancel,12163,,,1689506143
cancel,17925,,,1689506143
cancel,18087,,,1689506143
cancel,24999,,,1689506143
newOrder,17925,0,12291,1689506165
newOrder,18087,1,12291,1689506165
newOrder,12162,0,64828,1689506165
newOrder,24999,1,64828,1689506165
cancel,12162,,,1689506742
cancel,17925,,,1689506742
cancel,18087,,,1689506742
cancel,24999,,,1689506742
newOrder,17925,0,12294,1689506765
newOrder,18087,1,12294,1689506765
newOrder,12163,0,32831,1689506765
newOrder,24999,1,32831,1689506765
cancel,12163,,,1689507342
cancel,17925,,,1689507342
cancel,18087,,,1689507342
cancel,24999,,,1689507342
newOrder,17925,0,12290,1689507364
newOrder,18100,1,12290,1689507364
newOrder,12163,0,38704,1689507364
newOrder,24999,1,38704,1689507364
cancel,12163,,,1689507943
cancel,17925,,,1689507943
cancel,18100,,,1689507943
cancel,24999,,,1689507943
newOrder,17925,0,12292,1689507966
newOrder,18100,1,12292,1689507966
newOrder,12163,0,38186,1689507966
newOrder,24999,1,38186,1689507966
cancel,12163,,,1689508542
cancel,17925,,,1689508542
cancel,18100,,,1689508542
cancel,24999,,,1689508542
newOrder,17925,0,12295,1689508565
newOrder,18100,1,12295,1689508565
newOrder,12163,0,56181,1689508565
newOrder,24999,1,56181,1689508565
cancel,12163,,,1689509142
cancel,17925,,,1689509142
cancel,18100,,,1689509142
cancel,24999,,,1689509142
newOrder,17925,0,12298,1689509165
newOrder,18100,1,12298,1689509165
newOrder,14005,0,20896,1689509165
newOrder,24999,1,20896,1689509165