instruction,price,side,qty,time
cancel,13042,,,1680437371
cancel,18934,,,1680437371
cancel,20471,,,1680437371
cancel,24999,,,1680437371
newOrder,18934,0,5390,1680437400
newOrder,20471,1,5390,1680437400
newOrder,13042,0,13832,1680437400
newOrder,24999,1,13832,1680437400
cancel,13042,,,1680437970
cancel,18934,,,1680437970
cancel,20471,,,1680437970
cancel,24999,,,1680437970
newOrder,18934,0,5391,1680437997
newOrder,20471,1,5391,1680437997
newOrder,13042,0,9073,1680437997
newOrder,24999,1,9073,1680437997
cancel,13042,,,1680438570
cancel,18934,,,1680438570
cancel,20471,,,1680438570
cancel,24999,,,1680438570
newOrder,18934,0,5391,1680438597
newOrder,20471,1,5391,1680438597
newOrder,13041,0,21255,1680438597
newOrder,24999,1,21255,1680438597
cancel,13041,,,1680439173
cancel,18934,,,1680439173
cancel,20471,,,1680439173
cancel,24999,,,1680439173
newOrder,18934,0,5391,1680439200
newOrder,20471,1,5391,1680439200
newOrder,13042,0,12735,1680439200
newOrder,24999,1,12735,1680439200
cancel,13042,,,1680439770
cancel,18934,,,1680439770
cancel,20471,,,1680439770
cancel,24999,,,1680439770
newOrder,18934,0,5392,1680439798
newOrder,20471,1,5392,1680439798
newOrder,13041,0,22435,1680439798
newOrder,24999,1,22435,1680439798
cancel,13041,,,1680440370
cancel,18934,,,1680440370
cancel,20471,,,1680440370
cancel,24999,,,1680440370
newOrder,18934,0,5392,1680440397
newOrder,20471,1,5392,1680440397
newOrder,13042,0,8558,1680440397
newOrder,24999,1,8558,1680440397
cancel,13042,,,1680454258
cancel,18934,,,1680454258
cancel,20471,,,1680454258
cancel,24999,,,1680454258
newOrder,18934,0,5413,1680454287
newOrder,20453,1,5413,1680454287
newOrder,13050,0,20131,1680454287
newOrder,24999,1,20131,1680454287
cancel,13050,,,1680454889
cancel,18934,,,1680454889
cancel,20453,,,1680454889
cancel,24999,,,1680454889
newOrder,18934,0,5413,1680454917
newOrder,20453,1,5413,1680454917
newOrder,13052,0,18019,1680454917
newOrder,24999,1,18019,1680454917
cancel,13052,,,1680455489
cancel,18934,,,1680455489
cancel,20453,,,1680455489
cancel,24999,,,1680455489
newOrder,18934,0,5414,1680455514
newOrder,20453,1,5414,1680455514
newOrder,13048,0,26078,1680455514
newOrder,24999,1,26078,1680455514
cancel,13048,,,1680456090
cancel,18934,,,1680456090
cancel,20453,,,1680456090
cancel,24999,,,1680456090
newOrder,18934,0,5414,1680456114
newOrder,20453,1,5414,1680456114
newOrder,13053,0,12712,1680456114
newOrder,24999,1,12712,1680456114
cancel,13053,,,1680456689
cancel,18934,,,1680456689
cancel,20453,,,1680456689
cancel,24999,,,1680456689
newOrder,18934,0,5415,1680456715
newOrder,20453,1,5415,1680456715
newOrder,13055,0,5142,1680456715
newOrder,22584,1,5142,1680456715
cancel,13055,,,1680457288
cancel,18934,,,1680457288
cancel,20453,,,1680457288
cancel,22584,,,1680457288
newOrder,18934,0,5415,1680457316
newOrder,20453,1,5415,1680457316
newOrder,13050,0,22963,1680457316
newOrder,24999,1,22963,1680457316
cancel,13050,,,1680457890
cancel,18934,,,1680457890
cancel,20453,,,1680457890
cancel,24999,,,1680457890
newOrder,18934,0,5415,1680457916
newOrder,20453,1,5415,1680457916
newOrder,13053,0,15164,1680457916
newOrder,24999,1,15164,1680457916
cancel,13053,,,1680458489
cancel,18934,,,1680458489
cancel,20453,,,1680458489
cancel,24999,,,1680458489
newOrder,18934,0,5416,1680458516
newOrder,20453,1,5416,1680458516
newOrder,13054,0,11323,1680458516
newOrder,24999,1,11323,1680458516
cancel,13054,,,1680459089
cancel,18934,,,1680459089
cancel,20453,,,1680459089
cancel,24999,,,1680459089
newOrder,18934,0,5416,1680459118
newOrder,20453,1,5416,1680459118
newOrder,13052,0,19397,1680459118
newOrder,24999,1,19397,1680459118
cancel,13052,,,1680459692
cancel,18934,,,1680459692
cancel,20453,,,1680459692
cancel,24999,,,1680459692
newOrder,18934,0,5417,1680459718
newOrder,20453,1,5417,1680459718
newOrder,13050,0,19816,1680459718
newOrder,24999,1,19816,1680459718
cancel,13050,,,1680460288
cancel,18934,,,1680460288
cancel,20453,,,1680460288
cancel,24999,,,1680460288
newOrder,18934,0,5417,1680460315
newOrder,20453,1,5417,1680460315
newOrder,13052,0,17321,1680460315
newOrder,24999,1,17321,1680460315
cancel,13052,,,1680460888
cancel,18934,,,1680460888
cancel,20453,,,1680460888
cancel,24999,,,1680460888
newOrder,18934,0,5417,1680460916
newOrder,20453,1,5417,1680460916
newOrder,13053,0,15568,1680460916
newOrder,24999,1,15568,1680460916
cancel,13053,,,1680461488
cancel,18934,,,1680461488
cancel,20453,,,1680461488
cancel,24999,,,1680461488
newOrder,18934,0,5418,1680461515
newOrder,20453,1,5418,1680461515
newOrder,13047,0,28340,1680461515
newOrder,24999,1,28340,1680461515
cancel,13047,,,1680462088
cancel,18934,,,1680462088
cancel,20453,,,1680462088
cancel,24999,,,1680462088
newOrder,18934,0,5418,1680462118
newOrder,20453,1,5418,1680462118
newOrder,13053,0,15306,1680462118
newOrder,24999,1,15306,1680462118
cancel,13053,,,1680462689
cancel,18934,,,1680462689
cancel,20453,,,1680462689
cancel,24999,,,1680462689
newOrder,18934,0,5418,1680462716
newOrder,20453,1,5418,1680462716
newOrder,13055,0,3622,1680462716
newOrder,22584,1,3622,1680462716
cancel,13055,,,1680463288
cancel,18934,,,1680463288
cancel,20453,,,1680463288
cancel,22584,,,1680463288
newOrder,18934,0,5419,1680463315
newOrder,20453,1,5419,1680463315
newOrder,13048,0,25840,1680463315
newOrder,24999,1,25840,1680463315
cancel,13048,,,1680463890
cancel,18934,,,1680463890
cancel,20453,,,1680463890
cancel,24999,,,1680463890
newOrder,18934,0,5419,1680463916
newOrder,20453,1,5419,1680463916
newOrder,13050,0,20406,1680463916
newOrder,24999,1,20406,1680463916
cancel,13050,,,1680464491
cancel,18934,,,1680464491
cancel,20453,,,1680464491
cancel,24999,,,1680464491
newOrder,18934,0,5420,1680464518
newOrder,20453,1,5420,1680464518
newOrder,13055,0,8327,1680464518
newOrder,24999,1,8327,1680464518
cancel,13055,,,1680465089
cancel,18934,,,1680465089
cancel,20453,,,1680465089
cancel,24999,,,1680465089
newOrder,18934,0,5420,1680465115
newOrder,20453,1,5420,1680465115
newOrder,13052,0,16936,1680465115
newOrder,24999,1,16936,1680465115
cancel,13052,,,1680465693
cancel,18934,,,1680465693
cancel,20453,,,1680465693
cancel,24999,,,1680465693
newOrder,18934,0,5433,1680465721
newOrder,20433,1,5433,1680465721
newOrder,13048,0,23267,1680465721
newOrder,24999,1,23267,1680465721
cancel,13048,,,1680466289
cancel,18934,,,1680466289
cancel,20433,,,1680466289
cancel,24999,,,1680466289
newOrder,18934,0,5433,1680466315
newOrder,20433,1,5433,1680466315
newOrder,13047,0,27039,1680466315
newOrder,24999,1,27039,1680466315
cancel,13047,,,1680466888
cancel,18934,,,1680466888
cancel,20433,,,1680466888
cancel,24999,,,1680466888
newOrder,18934,0,5434,1680466915
newOrder,20433,1,5434,1680466915
newOrder,13050,0,21963,1680466915
newOrder,24999,1,21963,1680466915
cancel,13050,,,1680467489
cancel,18934,,,1680467489
cancel,20433,,,1680467489
cancel,24999,,,1680467489
newOrder,18934,0,5434,1680467517
newOrder,20433,1,5434,1680467517
newOrder,13047,0,27888,1680467517
newOrder,24999,1,27888,1680467517
cancel,13047,,,1680468089
cancel,18934,,,1680468089
cancel,20433,,,1680468089
cancel,24999,,,1680468089
newOrder,18934,0,5435,1680468117
newOrder,20433,1,5435,1680468117
newOrder,13055,0,6980,1680468117
newOrder,24999,1,6980,1680468117
cancel,13055,,,1680468692
cancel,18934,,,1680468692
cancel,20433,,,1680468692
cancel,24999,,,1680468692
newOrder,18934,0,5435,1680468719
newOrder,20433,1,5435,1680468719
newOrder,13052,0,15921,1680468719
newOrder,24999,1,15921,1680468719
cancel,13052,,,1680469289
cancel,18934,,,1680469289
cancel,20433,,,1680469289
cancel,24999,,,1680469289
newOrder,18934,0,5435,1680469319
newOrder,20433,1,5435,1680469319
newOrder,13048,0,24988,1680469319
newOrder,24999,1,24988,1680469319
cancel,13048,,,1680469889
cancel,18934,,,1680469889
cancel,20433,,,1680469889
cancel,24999,,,1680469889
newOrder,18934,0,5436,1680470512
newOrder,20433,1,5436,1680470512
newOrder,13050,0,22381,1680470512
newOrder,24999,1,22381,1680470512
cancel,13050,,,1680471090
cancel,18934,,,1680471090
cancel,20433,,,1680471090
cancel,24999,,,1680471090
newOrder,18934,0,5437,1680471117
newOrder,20433,1,5437,1680471117
newOrder,13055,0,7279,1680471117
newOrder,24999,1,7279,1680471117
cancel,13055,,,1680471689
cancel,18934,,,1680471689
cancel,20433,,,1680471689
cancel,24999,,,1680471689
newOrder,18934,0,5437,1680471715
newOrder,20433,1,5437,1680471715
newOrder,13050,0,19995,1680471715
newOrder,24999,1,19995,1680471715
cancel,13050,,,1680472289
cancel,18934,,,1680472289
cancel,20433,,,1680472289
cancel,24999,,,1680472289
newOrder,18934,0,5437,1680472323
newOrder,20433,1,5437,1680472323
newOrder,13050,0,21079,1680472323
newOrder,24999,1,21079,1680472323
cancel,13050,,,1680472888
cancel,18934,,,1680472888
cancel,20433,,,1680472888
cancel,24999,,,1680472888
newOrder,18934,0,5438,1680472915
newOrder,20433,1,5438,1680472915
newOrder,13050,0,19872,1680472915
newOrder,24999,1,19872,1680472915
cancel,13050,,,1680473489
cancel,18934,,,1680473489
cancel,20433,,,1680473489
cancel,24999,,,1680473489
newOrder,18934,0,5438,1680473515
newOrder,20433,1,5438,1680473515
newOrder,13053,0,13330,1680473515
newOrder,24999,1,13330,1680473515
cancel,13053,,,1680474089
cancel,18934,,,1680474089
cancel,20433,,,1680474089
cancel,24999,,,1680474089
newOrder,18934,0,5439,1680474117
newOrder,20433,1,5439,1680474117
newOrder,13048,0,26021,1680474117
newOrder,24999,1,26021,1680474117
cancel,13048,,,1680474688
cancel,18934,,,1680474688
cancel,20433,,,1680474688
cancel,24999,,,1680474688
newOrder,18934,0,5439,1680474715
newOrder,20433,1,5439,1680474715
newOrder,13052,0,17124,1680474715
newOrder,24999,1,17124,1680474715
cancel,13052,,,1680475290
cancel,18934,,,1680475290
cancel,20433,,,1680475290
cancel,24999,,,1680475290
newOrder,18934,0,5585,1680475317
newOrder,20196,1,5585,1680475317
newOrder,13054,0,9040,1680475317
newOrder,24999,1,9040,1680475317
cancel,13054,,,1680475889
cancel,18934,,,1680475889
cancel,20196,,,1680475889
cancel,24999,,,1680475889
newOrder,18934,0,5551,1680475915
newOrder,20253,1,5551,1680475915
newOrder,13052,0,17380,1680475915
newOrder,24999,1,17380,1680475915
cancel,13052,,,1680476489
cancel,18934,,,1680476489
cancel,20253,,,1680476489
cancel,24999,,,1680476489
newOrder,18934,0,5551,1680476517
newOrder,20253,1,5551,1680476517
newOrder,13052,0,17061,1680476517
newOrder,24999,1,17061,1680476517
cancel,13052,,,1680477088
cancel,18934,,,1680477088
cancel,20253,,,1680477088
cancel,24999,,,1680477088
newOrder,18934,0,5552,1680477119
newOrder,20253,1,5552,1680477119
newOrder,13055,0,4862,1680477119
newOrder,22584,1,4862,1680477119
cancel,13055,,,1680477687
cancel,18934,,,1680477687
cancel,20253,,,1680477687
cancel,22584,,,1680477687
newOrder,18934,0,5552,1680477716
newOrder,20253,1,5552,1680477716
newOrder,13047,0,28912,1680477716
newOrder,24999,1,28912,1680477716
cancel,13047,,,1680478289
cancel,18934,,,1680478289
cancel,20253,,,1680478289
cancel,24999,,,1680478289
newOrder,18934,0,5553,1680478316
newOrder,20253,1,5553,1680478316
newOrder,13047,0,26883,1680478316
newOrder,24999,1,26883,1680478316
cancel,13047,,,1680478889
cancel,18934,,,1680478889
cancel,20253,,,1680478889
cancel,24999,,,1680478889
newOrder,18934,0,5553,1680478915
newOrder,20253,1,5553,1680478915
newOrder,13052,0,19244,1680478915
newOrder,24999,1,19244,1680478915
cancel,13052,,,1680479489
cancel,18934,,,1680479489
cancel,20253,,,1680479489
cancel,24999,,,1680479489
newOrder,18934,0,5553,1680479514
newOrder,20253,1,5553,1680479514
newOrder,13052,0,15898,1680479514
newOrder,24999,1,15898,1680479514
cancel,13052,,,1680480089
cancel,18934,,,1680480089
cancel,20253,,,1680480089
cancel,24999,,,1680480089
newOrder,18934,0,5554,1680480115
newOrder,20253,1,5554,1680480115
newOrder,13055,0,8415,1680480115
newOrder,24999,1,8415,1680480115
cancel,13055,,,1680480689
cancel,18934,,,1680480689
cancel,20253,,,1680480689
cancel,24999,,,1680480689
newOrder,18934,0,5554,1680480715
newOrder,20253,1,5554,1680480715
newOrder,13048,0,25421,1680480715
newOrder,24999,1,25421,1680480715
cancel,13048,,,1680481288
cancel,18934,,,1680481288
cancel,20253,,,1680481288
cancel,24999,,,1680481288
newOrder,18934,0,5566,1680481315
newOrder,20235,1,5566,1680481315
newOrder,13050,0,22977,1680481315
newOrder,24999,1,22977,1680481315
cancel,13050,,,1680481889
cancel,18934,,,1680481889
cancel,20235,,,1680481889
cancel,24999,,,1680481889
newOrder,18934,0,5566,1680481915
newOrder,20235,1,5566,1680481915
newOrder,13050,0,21614,1680481915
newOrder,24999,1,21614,1680481915
cancel,13050,,,1680482489
cancel,18934,,,1680482489
cancel,20235,,,1680482489
cancel,24999,,,1680482489
newOrder,18934,0,5567,1680482515
newOrder,20235,1,5567,1680482515
newOrder,13055,0,3386,1680482515
newOrder,22584,1,3386,1680482515
cancel,13055,,,1680483089
cancel,18934,,,1680483089
cancel,20235,,,1680483089
cancel,22584,,,1680483089
newOrder,18934,0,5567,1680483116
newOrder,20235,1,5567,1680483116
newOrder,13050,0,19700,1680483116
newOrder,24999,1,19700,1680483116
cancel,13050,,,1680483689
cancel,18934,,,1680483689
cancel,20235,,,1680483689
cancel,24999,,,1680483689
newOrder,18934,0,5570,1680483715
newOrder,20231,1,5570,1680483715
newOrder,13054,0,9205,1680483715
newOrder,24999,1,9205,1680483715
cancel,13054,,,1680484288
cancel,18934,,,1680484288
cancel,20231,,,1680484288
cancel,24999,,,1680484288
newOrder,18934,0,5570,1680484315
newOrder,20231,1,5570,1680484315
newOrder,13048,0,25806,1680484315
newOrder,24999,1,25806,1680484315
cancel,13048,,,1680484889
cancel,18934,,,1680484889
cancel,20231,,,1680484889
cancel,24999,,,1680484889
newOrder,18934,0,5571,1680484915
newOrder,20231,1,5571,1680484915
newOrder,13053,0,15687,1680484915
newOrder,24999,1,15687,1680484915
cancel,13053,,,1680485488
cancel,18934,,,1680485488
cancel,20231,,,1680485488
cancel,24999,,,1680485488
newOrder,18934,0,5571,1680485515
newOrder,20231,1,5571,1680485515
newOrder,13050,0,20234,1680485515
newOrder,24999,1,20234,1680485515
cancel,13050,,,1680486089
cancel,18934,,,1680486089
cancel,20231,,,1680486089
cancel,24999,,,1680486089
newOrder,18934,0,5616,1680486115
newOrder,20157,1,5616,1680486115
newOrder,13055,0,8452,1680486115
newOrder,24999,1,8452,1680486115
cancel,13055,,,1680486692
cancel,18934,,,1680486692
cancel,20157,,,1680486692
cancel,24999,,,1680486692
newOrder,18934,0,5616,1680486721
newOrder,20158,1,5616,1680486721
newOrder,13055,0,6756,1680486721
newOrder,24999,1,6756,1680486721
cancel,13055,,,1680487288
cancel,18934,,,1680487288
cancel,20158,,,1680487288
cancel,24999,,,1680487288
newOrder,18934,0,5617,1680487316
newOrder,20157,1,5617,1680487316
newOrder,13055,0,5465,1680487316
newOrder,22584,1,5465,1680487316
cancel,13055,,,1680487889
cancel,18934,,,1680487889
cancel,20157,,,1680487889
cancel,22584,,,1680487889
newOrder,18934,0,5617,1680487916
newOrder,20159,1,5617,1680487916
newOrder,13055,0,7613,1680487916
newOrder,24999,1,7613,1680487916
cancel,13055,,,1680488489
cancel,18934,,,1680488489
cancel,20159,,,1680488489
cancel,24999,,,1680488489
newOrder,18934,0,5618,1680488517
newOrder,20157,1,5618,1680488517
newOrder,13047,0,29507,1680488517
newOrder,24999,1,29507,1680488517
cancel,13047,,,1680489089
cancel,18934,,,1680489089
cancel,20157,,,1680489089
cancel,24999,,,1680489089
newOrder,18934,0,5616,1680489114
newOrder,20162,1,5616,1680489114
newOrder,13052,0,16434,1680489114
newOrder,24999,1,16434,1680489114
cancel,13052,,,1680489688
cancel,18934,,,1680489688
cancel,20162,,,1680489688
cancel,24999,,,1680489688
newOrder,18934,0,5618,1680489715
newOrder,20160,1,5618,1680489715
newOrder,13053,0,13001,1680489715
newOrder,24999,1,13001,1680489715
cancel,13053,,,1680490289
cancel,18934,,,1680490289
cancel,20160,,,1680490289
cancel,24999,,,1680490289
newOrder,18934,0,5620,1680490316
newOrder,20157,1,5620,1680490316
newOrder,13053,0,30086,1680490316
newOrder,24999,1,30086,1680490316
cancel,13053,,,1680490889
cancel,18934,,,1680490889
cancel,20157,,,1680490889
cancel,24999,,,1680490889
newOrder,18934,0,5621,1680490915
newOrder,20156,1,5621,1680490915
newOrder,13055,0,20831,1680490915
newOrder,24999,1,20831,1680490915
cancel,13055,,,1680491489
cancel,18934,,,1680491489
cancel,20156,,,1680491489
cancel,24999,,,1680491489
newOrder,18934,0,5621,1680491515
newOrder,20155,1,5621,1680491515
newOrder,13060,0,29373,1680491515
newOrder,24999,1,29373,1680491515
cancel,13060,,,1680492089
cancel,18934,,,1680492089
cancel,20155,,,1680492089
cancel,24999,,,1680492089
newOrder,18934,0,5621,1680492115
newOrder,20158,1,5621,1680492115
newOrder,13060,0,29534,1680492115
newOrder,24999,1,29534,1680492115
cancel,13060,,,1680492689
cancel,18934,,,1680492689
cancel,20158,,,1680492689
cancel,24999,,,1680492689
newOrder,18934,0,5620,1680492717
newOrder,20159,1,5620,1680492717
newOrder,13060,0,27901,1680492717
newOrder,24999,1,27901,1680492717
cancel,13060,,,1680493289
cancel,18934,,,1680493289
cancel,20159,,,1680493289
cancel,24999,,,1680493289
newOrder,18934,0,5622,1680493316
newOrder,20156,1,5622,1680493316
newOrder,13065,0,17107,1680493316
newOrder,24999,1,17107,1680493316
cancel,13065,,,1680493890
cancel,18934,,,1680493890
cancel,20156,,,1680493890
cancel,24999,,,1680493890
newOrder,18934,0,5623,1680493917
newOrder,20156,1,5623,1680493917
newOrder,13065,0,18596,1680493917
newOrder,24999,1,18596,1680493917
cancel,13065,,,1680494489
cancel,18934,,,1680494489
cancel,20156,,,1680494489
cancel,24999,,,1680494489
newOrder,18934,0,5623,1680494516
newOrder,20157,1,5623,1680494516
newOrder,13064,0,21852,1680494516
newOrder,24999,1,21852,1680494516
cancel,13064,,,1680495089
cancel,18934,,,1680495089
cancel,20157,,,1680495089
cancel,24999,,,1680495089
newOrder,18934,0,5623,1680495116
newOrder,20158,1,5623,1680495116
newOrder,13068,0,6676,1680495116
newOrder,24999,1,6676,1680495116
cancel,13068,,,1680495689
cancel,18934,,,1680495689
cancel,20158,,,1680495689
cancel,24999,,,1680495689
newOrder,18934,0,5623,1680495717
newOrder,20158,1,5623,1680495717
newOrder,13068,0,5641,1680495717
newOrder,22999,1,5641,1680495717
cancel,13068,,,1680496289
cancel,18934,,,1680496289
cancel,20158,,,1680496289
cancel,22999,,,1680496289
newOrder,18934,0,5624,1680496316
newOrder,20157,1,5624,1680496316
newOrder,13060,0,30113,1680496316
newOrder,24999,1,30113,1680496316
cancel,13060,,,1680496889
cancel,18934,,,1680496889
cancel,20157,,,1680496889
cancel,24999,,,1680496889
newOrder,18934,0,5550,1680496916
newOrder,20280,1,5550,1680496916
newOrder,13067,0,10496,1680496916
newOrder,24999,1,10496,1680496916
cancel,13067,,,1680497489
cancel,18934,,,1680497489
cancel,20280,,,1680497489
cancel,24999,,,1680497489
newOrder,18934,0,5550,1680497515
newOrder,20280,1,5550,1680497515
newOrder,13064,0,22191,1680497515
newOrder,24999,1,22191,1680497515
cancel,13064,,,1680498089
cancel,18934,,,1680498089
cancel,20280,,,1680498089
cancel,24999,,,1680498089
newOrder,18934,0,5551,1680498119
newOrder,20280,1,5551,1680498119
newOrder,13064,0,22596,1680498119
newOrder,24999,1,22596,1680498119
cancel,13064,,,1680498689
cancel,18934,,,1680498689
cancel,20280,,,1680498689
cancel,24999,,,1680498689
newOrder,18934,0,5551,1680498715
newOrder,20280,1,5551,1680498715
newOrder,13068,0,8119,1680498715
newOrder,24999,1,8119,1680498715
cancel,13068,,,1680499288
cancel,18934,,,1680499288
cancel,20280,,,1680499288
cancel,24999,,,1680499288
newOrder,18934,0,5552,1680499316
newOrder,20280,1,5552,1680499316
newOrder,13067,0,10620,1680499316
newOrder,24999,1,10620,1680499316
cancel,13067,,,1680499888
cancel,18934,,,1680499888
cancel,20280,,,1680499888
cancel,24999,,,1680499888
newOrder,18934,0,5552,1680499915
newOrder,20280,1,5552,1680499915
newOrder,13060,0,29379,1680499915
newOrder,24999,1,29379,1680499915
cancel,13060,,,1680500489
cancel,18934,,,1680500489
cancel,20280,,,1680500489
cancel,24999,,,1680500489
newOrder,18934,0,5906,1680500516
newOrder,19666,1,5906,1680500516
newOrder,13068,0,4431,1680500516
newOrder,22584,1,4431,1680500516
cancel,13068,,,1680501089
cancel,18934,,,1680501089
cancel,19666,,,1680501089
cancel,22584,,,1680501089
newOrder,18934,0,5906,1680501116
newOrder,19666,1,5906,1680501116
newOrder,11360,0,31556,1680501116
newOrder,24999,1,31556,1680501116
cancel,11360,,,1680501689
cancel,18934,,,1680501689
cancel,19666,,,1680501689
cancel,24999,,,1680501689
newOrder,18934,0,5907,1680501716
newOrder,19666,1,5907,1680501716
newOrder,13063,0,24181,1680501716
newOrder,24999,1,24181,1680501716
cancel,13063,,,1680502290
cancel,18934,,,1680502290
cancel,19666,,,1680502290
cancel,24999,,,1680502290
newOrder,18934,0,5908,1680502318
newOrder,19666,1,5908,1680502318
newOrder,13064,0,20460,1680502318
newOrder,24999,1,20460,1680502318
cancel,13064,,,1680502888
cancel,18934,,,1680502888
cancel,19666,,,1680502888
cancel,24999,,,1680502888
newOrder,18934,0,5908,1680502915
newOrder,19666,1,5908,1680502915
newOrder,13068,0,7112,1680502915
newOrder,24999,1,7112,1680502915
cancel,13068,,,1680503489
cancel,18934,,,1680503489
cancel,19666,,,1680503489
cancel,24999,,,1680503489
newOrder,18934,0,5909,1680503515
newOrder,19666,1,5909,1680503515
newOrder,13065,0,15528,1680503515
newOrder,24999,1,15528,1680503515
cancel,13065,,,1680504088
cancel,18934,,,1680504088
cancel,19666,,,1680504088
cancel,24999,,,1680504088
newOrder,18934,0,5909,1680504117
newOrder,19666,1,5909,1680504117
newOrder,13065,0,17779,1680504117
newOrder,24999,1,17779,1680504117
cancel,13065,,,1680504688
cancel,18934,,,1680504688
cancel,19666,,,1680504688
cancel,24999,,,1680504688
newOrder,18934,0,5910,1680504716
newOrder,19666,1,5910,1680504716
newOrder,13067,0,9008,1680504716
newOrder,24999,1,9008,1680504716
cancel,13067,,,1680505288
cancel,18934,,,1680505288
cancel,19666,,,1680505288
cancel,24999,,,1680505288
newOrder,18934,0,5910,1680505317
newOrder,19666,1,5910,1680505317
newOrder,13062,0,24991,1680505317
newOrder,24999,1,24991,1680505317
cancel,13062,,,1680505889
cancel,18934,,,1680505889
cancel,19666,,,1680505889
cancel,24999,,,1680505889
newOrder,18934,0,5911,1680505915
newOrder,19666,1,5911,1680505915
newOrder,13064,0,19717,1680505915
newOrder,24999,1,19717,1680505915
cancel,13064,,,1680506489
cancel,18934,,,1680506489
cancel,19666,,,1680506489
cancel,24999,,,1680506489
newOrder,18934,0,5911,1680506516
newOrder,19666,1,5911,1680506516
newOrder,13066,0,11583,1680506516
newOrder,24999,1,11583,1680506516
cancel,13066,,,1680507089
cancel,18934,,,1680507089
cancel,19666,,,1680507089
cancel,24999,,,1680507089
newOrder,18934,0,5912,1680507115
newOrder,19666,1,5912,1680507115
newOrder,13065,0,15496,1680507115
newOrder,24999,1,15496,1680507115
cancel,13065,,,1680507689
cancel,18934,,,1680507689
cancel,19666,,,1680507689
cancel,24999,,,1680507689
newOrder,18934,0,5912,1680507717
newOrder,19666,1,5912,1680507717
newOrder,13063,0,21204,1680507717
newOrder,24999,1,21204,1680507717
cancel,13063,,,1680508288
cancel,18934,,,1680508288
cancel,19666,,,1680508288
cancel,24999,,,1680508288
newOrder,18934,0,5913,1680508316
newOrder,19666,1,5913,1680508316
newOrder,13065,0,15605,1680508316
newOrder,24999,1,15605,1680508316
cancel,13065,,,1680508889
cancel,18934,,,1680508889
cancel,19666,,,1680508889
cancel,24999,,,1680508889
newOrder,18934,0,5848,1680508917
newOrder,19787,1,5848,1680508917
newOrder,13068,0,5900,1680508917
newOrder,23556,1,5900,1680508917
cancel,13068,,,1680509489
cancel,18934,,,1680509489
cancel,19787,,,1680509489
cancel,23556,,,1680509489
newOrder,18934,0,5849,1680509515
newOrder,19787,1,5849,1680509515
newOrder,13062,0,25317,1680509515
newOrder,24999,1,25317,1680509515
cancel,13062,,,1680510089
cancel,18934,,,1680510089
cancel,19787,,,1680510089
cancel,24999,,,1680510089
newOrder,18934,0,5849,1680510116
newOrder,19787,1,5849,1680510116
newOrder,13068,0,4770,1680510116
newOrder,22584,1,4770,1680510116
cancel,13068,,,1680510689
cancel,18934,,,1680510689
cancel,19787,,,1680510689
cancel,22584,,,1680510689
newOrder,18934,0,5850,1680510715
newOrder,19787,1,5850,1680510715
newOrder,13065,0,16214,1680510715
newOrder,24999,1,16214,1680510715
cancel,13065,,,1680511289
cancel,18934,,,1680511289
cancel,19787,,,1680511289
cancel,24999,,,1680511289
newOrder,18934,0,5850,1680511316
newOrder,19787,1,5850,1680511316
newOrder,13062,0,26729,1680511316
newOrder,24999,1,26729,1680511316
cancel,13062,,,1680511889
cancel,18934,,,1680511889
cancel,19787,,,1680511889
cancel,24999,,,1680511889
newOrder,18934,0,5851,1680511917
newOrder,19787,1,5851,1680511917
newOrder,13064,0,18225,1680511917
newOrder,24999,1,18225,1680511917
cancel,13064,,,1680512489
cancel,18934,,,1680512489
cancel,19787,,,1680512489
cancel,24999,,,1680512489
newOrder,18934,0,5851,1680512515
newOrder,19787,1,5851,1680512515
newOrder,13068,0,6773,1680512515
newOrder,24999,1,6773,1680512515
cancel,13068,,,1680513089
cancel,18934,,,1680513089
cancel,19787,,,1680513089
cancel,24999,,,1680513089
newOrder,18934,0,5852,1680513117
newOrder,19787,1,5852,1680513117
newOrder,13063,0,23679,1680513117
newOrder,24999,1,23679,1680513117
cancel,13063,,,1680513689
cancel,18934,,,1680513689
cancel,19787,,,1680513689
cancel,24999,,,1680513689
newOrder,18934,0,5852,1680513718
newOrder,19787,1,5852,1680513718
newOrder,13068,0,6278,1680513718
newOrder,24999,1,6278,1680513718
cancel,13068,,,1680514289
cancel,18934,,,1680514289
cancel,19787,,,1680514289
cancel,24999,,,1680514289
newOrder,18934,0,5853,1680514315
newOrder,19787,1,5853,1680514315
newOrder,13062,0,27749,1680514315
newOrder,24999,1,27749,1680514315
cancel,13062,,,1680514889
cancel,18934,,,1680514889
cancel,19787,,,1680514889
cancel,24999,,,1680514889
newOrder,18934,0,5853,1680514915
newOrder,19787,1,5853,1680514915
newOrder,13062,0,27015,1680514915
newOrder,24999,1,27015,1680514915
cancel,13062,,,1680515489
cancel,18934,,,1680515489
cancel,19787,,,1680515489
cancel,24999,,,1680515489
newOrder,18934,0,5854,1680515516
newOrder,19787,1,5854,1680515516
newOrder,13064,0,18827,1680515516
newOrder,24999,1,18827,1680515516
cancel,13064,,,1680516089
cancel,18934,,,1680516089
cancel,19787,,,1680516089
cancel,24999,,,1680516089
newOrder,18934,0,5854,1680516115
newOrder,19787,1,5854,1680516115
newOrder,13063,0,22355,1680516115
newOrder,24999,1,22355,1680516115
cancel,13063,,,1680516688
cancel,18934,,,1680516688
cancel,19787,,,1680516688
cancel,24999,,,1680516688
newOrder,18934,0,5855,1680516715
newOrder,19786,1,5855,1680516715
newOrder,13064,0,29664,1680516715
newOrder,24999,1,29664,1680516715
cancel,13064,,,1680517290
cancel,18934,,,1680517290
cancel,19786,,,1680517290
cancel,24999,,,1680517290
newOrder,18934,0,5855,1680517317
newOrder,19786,1,5855,1680517317
newOrder,13501,0,5770,1680517317
newOrder,22584,1,5770,1680517317
cancel,13501,,,1680517889
cancel,18934,,,1680517889
cancel,19786,,,1680517889
cancel,22584,,,1680517889
newOrder,18934,0,5856,1680517914
newOrder,19786,1,5856,1680517914
newOrder,13067,0,18306,1680517914
newOrder,24999,1,18306,1680517914
cancel,13067,,,1680518488
cancel,18934,,,1680518488
cancel,19786,,,1680518488
cancel,24999,,,1680518488
newOrder,18934,0,5856,1680518516
newOrder,19786,1,5856,1680518516
newOrder,13066,0,22800,1680518516
newOrder,24999,1,22800,1680518516
cancel,13066,,,1680519089
cancel,18934,,,1680519089
cancel,19786,,,1680519089
cancel,24999,,,1680519089
newOrder,18934,0,5857,1680519114
newOrder,19786,1,5857,1680519114
newOrder,13065,0,25266,1680519114
newOrder,24999,1,25266,1680519114
cancel,13065,,,1680519689
cancel,18934,,,1680519689
cancel,19786,,,1680519689
cancel,24999,,,1680519689
newOrder,18934,0,5858,1680519716
newOrder,19786,1,5858,1680519716
newOrder,13068,0,16278,1680519716
newOrder,24999,1,16278,1680519716
cancel,13068,,,1680520289
cancel,18934,,,1680520289
cancel,19786,,,1680520289
cancel,24999,,,1680520289
newOrder,18934,0,5858,1680520316
newOrder,19786,1,5858,1680520316
newOrder,13501,0,12958,1680520316
newOrder,24999,1,12958,1680520316
cancel,13501,,,1680520889
cancel,18934,,,1680520889
cancel,19786,,,1680520889
cancel,24999,,,1680520889
newOrder,18934,0,5859,1680520915
newOrder,19786,1,5859,1680520915
newOrder,13501,0,13572,1680520915
newOrder,24999,1,13572,1680520915
cancel,13501,,,1680521488
cancel,18934,,,1680521488
cancel,19786,,,1680521488
cancel,24999,,,1680521488
newOrder,18934,0,5859,1680521515
newOrder,19786,1,5859,1680521515
newOrder,11953,0,17401,1680521515
newOrder,24999,1,17401,1680521515
cancel,11953,,,1680522089
cancel,18934,,,1680522089
cancel,19786,,,1680522089
cancel,24999,,,1680522089
newOrder,18934,0,5860,1680522116
newOrder,19786,1,5860,1680522116
newOrder,13501,0,14672,1680522116
newOrder,24999,1,14672,1680522116
cancel,13501,,,1680522689
cancel,18934,,,1680522689
cancel,19786,,,1680522689
cancel,24999,,,1680522689
newOrder,18934,0,5860,1680522717
newOrder,19786,1,5860,1680522717
newOrder,11952,0,19907,1680522717
newOrder,24999,1,19907,1680522717
cancel,11952,,,1680523289
cancel,18934,,,1680523289
cancel,19786,,,1680523289
cancel,24999,,,1680523289
newOrder,18934,0,5861,1680523314
newOrder,19786,1,5861,1680523314
newOrder,13501,0,10975,1680523314
newOrder,24999,1,10975,1680523314