instruction,price,side,qty,time
cancel,12004,,,1677377529
cancel,19909,,,1677377529
cancel,22188,,,1677377529
cancel,24999,,,1677377529
newOrder,19820,0,17245,1677377537
newOrder,22101,1,17245,1677377537
newOrder,11892,0,68981,1677377537
newOrder,24999,1,68981,1677377537
cancel,11892,,,1677378158
cancel,19820,,,1677378158
cancel,22101,,,1677378158
cancel,24999,,,1677378158
newOrder,19820,0,17240,1677378166
newOrder,22101,1,17240,1677378166
newOrder,11892,0,68960,1677378166
newOrder,24999,1,68960,1677378166
cancel,11892,,,1677378410
cancel,19820,,,1677378410
cancel,22101,,,1677378410
cancel,24999,,,1677378410
newOrder,19909,0,8686,1677378420
newOrder,22004,1,8686,1677378420
newOrder,12004,0,34743,1677378420
newOrder,24999,1,34743,1677378420
cancel,12004,,,1677379042
cancel,19909,,,1677379042
cancel,22004,,,1677379042
cancel,24999,,,1677379042
newOrder,19909,0,8683,1677379050
newOrder,22004,1,8683,1677379050
newOrder,12004,0,34733,1677379050
newOrder,24999,1,34733,1677379050
cancel,12004,,,1677379640
cancel,19909,,,1677379640
cancel,22004,,,1677379640
cancel,24999,,,1677379640
newOrder,19909,0,8655,1677379650
newOrder,22020,1,8655,1677379650
newOrder,12004,0,34619,1677379650
newOrder,24999,1,34619,1677379650
cancel,12004,,,1677380239
cancel,19909,,,1677380239
cancel,22020,,,1677380239
cancel,24999,,,1677380239
newOrder,19909,0,9646,1677380248
newOrder,21502,1,9646,1677380248
newOrder,12004,0,38586,1677380248
newOrder,24999,1,38586,1677380248
cancel,12004,,,1677380840
cancel,19909,,,1677380840
cancel,21502,,,1677380840
cancel,24999,,,1677380840
newOrder,19909,0,9639,1677380847
newOrder,21503,1,9639,1677380847
newOrder,12004,0,38554,1677380847
newOrder,24999,1,38554,1677380847
cancel,12004,,,1677381442
cancel,19909,,,1677381442
cancel,21503,,,1677381442
cancel,24999,,,1677381442
newOrder,19909,0,9444,1677381448
newOrder,21589,1,9444,1677381448
newOrder,12004,0,37777,1677381448
newOrder,24999,1,37777,1677381448
cancel,12004,,,1677382037
cancel,19909,,,1677382037
cancel,21589,,,1677382037
cancel,24999,,,1677382037
newOrder,19909,0,10425,1677382045
newOrder,21193,1,10425,1677382045
newOrder,11946,0,41701,1677382045
newOrder,24999,1,41701,1677382045
cancel,11946,,,1677382646
cancel,19909,,,1677382646
cancel,21193,,,1677382646
cancel,24999,,,1677382646
newOrder,19909,0,10456,1677382654
newOrder,21181,1,10456,1677382654
newOrder,11946,0,41823,1677382654
newOrder,24999,1,41823,1677382654
cancel,11946,,,1677383242
cancel,19909,,,1677383242
cancel,21181,,,1677383242
cancel,24999,,,1677383242
newOrder,19909,0,10415,1677383248
newOrder,21193,1,10415,1677383248
newOrder,11946,0,41658,1677383248
newOrder,24999,1,41658,1677383248
cancel,11946,,,1677383841
cancel,19909,,,1677383841
cancel,21193,,,1677383841
cancel,24999,,,1677383841
newOrder,19909,0,10411,1677383847
newOrder,21193,1,10411,1677383847
newOrder,11946,0,41645,1677383847
newOrder,24999,1,41645,1677383847
cancel,11946,,,1677384438
cancel,19909,,,1677384438
cancel,21193,,,1677384438
cancel,24999,,,1677384438
newOrder,19909,0,10405,1677384444
newOrder,21193,1,10405,1677384444
newOrder,11946,0,41618,1677384444
newOrder,24999,1,41618,1677384444
cancel,11946,,,1677385041
cancel,19909,,,1677385041
cancel,21193,,,1677385041
cancel,24999,,,1677385041
newOrder,19909,0,10394,1677385047
newOrder,21195,1,10394,1677385047
newOrder,11946,0,41578,1677385047
newOrder,24999,1,41578,1677385047
cancel,11946,,,1677385641
cancel,19909,,,1677385641
cancel,21195,,,1677385641
cancel,24999,,,1677385641
newOrder,19909,0,10385,1677385647
newOrder,21197,1,10385,1677385647
newOrder,11946,0,41539,1677385647
newOrder,24999,1,41539,1677385647
cancel,11946,,,1677386241
cancel,19909,,,1677386241
cancel,21197,,,1677386241
cancel,24999,,,1677386241
newOrder,19909,0,10380,1677386248
newOrder,21197,1,10380,1677386248
newOrder,11946,0,41518,1677386248
newOrder,24999,1,41518,1677386248
cancel,11946,,,1677386839
cancel,19909,,,1677386839
cancel,21197,,,1677386839
cancel,24999,,,1677386839
newOrder,19909,0,10376,1677386845
newOrder,21196,1,10376,1677386845
newOrder,11946,0,41504,1677386845
newOrder,24999,1,41504,1677386845
cancel,11946,,,1677387440
cancel,19909,,,1677387440
cancel,21196,,,1677387440
cancel,24999,,,1677387440
newOrder,19909,0,10371,1677387446
newOrder,21196,1,10371,1677387446
newOrder,11946,0,41483,1677387446
newOrder,24999,1,41483,1677387446
cancel,11946,,,1677388038
cancel,19909,,,1677388038
cancel,21196,,,1677388038
cancel,24999,,,1677388038
newOrder,19909,0,10366,1677388045
newOrder,21196,1,10366,1677388045
newOrder,11946,0,41462,1677388045
newOrder,24999,1,41462,1677388045
cancel,11946,,,1677388640
cancel,19909,,,1677388640
cancel,21196,,,1677388640
cancel,24999,,,1677388640
newOrder,19909,0,10362,1677388649
newOrder,21195,1,10362,1677388649
newOrder,12004,0,41447,1677388649
newOrder,24999,1,41447,1677388649
cancel,12004,,,1677389238
cancel,19909,,,1677389238
cancel,21195,,,1677389238
cancel,24999,,,1677389238
newOrder,19909,0,10354,1677389245
newOrder,21197,1,10354,1677389245
newOrder,12004,0,41414,1677389245
newOrder,24999,1,41414,1677389245
cancel,12004,,,1677389841
cancel,19909,,,1677389841
cancel,21197,,,1677389841
cancel,24999,,,1677389841
newOrder,19909,0,10348,1677389848
newOrder,21197,1,10348,1677389848
newOrder,12004,0,41393,1677389848
newOrder,24999,1,41393,1677389848
cancel,12004,,,1677390442
cancel,19909,,,1677390442
cancel,21197,,,1677390442
cancel,24999,,,1677390442
newOrder,19909,0,10342,1677390450
newOrder,21197,1,10342,1677390450
newOrder,12004,0,41366,1677390450
newOrder,24999,1,41366,1677390450
cancel,12004,,,1677391041
cancel,19909,,,1677391041
cancel,21197,,,1677391041
cancel,24999,,,1677391041
newOrder,19909,0,10336,1677391047
newOrder,21197,1,10336,1677391047
newOrder,12004,0,41344,1677391047
newOrder,24999,1,41344,1677391047
cancel,12004,,,1677391639
cancel,19909,,,1677391639
cancel,21197,,,1677391639
cancel,24999,,,1677391639
newOrder,19909,0,10331,1677391646
newOrder,21197,1,10331,1677391646
newOrder,12004,0,41323,1677391646
newOrder,24999,1,41323,1677391646
cancel,12004,,,1677392240
cancel,19909,,,1677392240
cancel,21197,,,1677392240
cancel,24999,,,1677392240
newOrder,19909,0,10324,1677392247
newOrder,21198,1,10324,1677392247
newOrder,12004,0,41296,1677392247
newOrder,24999,1,41296,1677392247
cancel,12004,,,1677392839
cancel,19909,,,1677392839
cancel,21198,,,1677392839
cancel,24999,,,1677392839
newOrder,19909,0,10322,1677392846
newOrder,21197,1,10322,1677392846
newOrder,12004,0,41289,1677392846
newOrder,24999,1,41289,1677392846
cancel,12004,,,1677393438
cancel,19909,,,1677393438
cancel,21197,,,1677393438
cancel,24999,,,1677393438
newOrder,19909,0,10315,1677393447
newOrder,21197,1,10315,1677393447
newOrder,12004,0,41262,1677393447
newOrder,24999,1,41262,1677393447
cancel,12004,,,1677394040
cancel,19909,,,1677394040
cancel,21197,,,1677394040
cancel,24999,,,1677394040
newOrder,19909,0,10310,1677394047
newOrder,21197,1,10310,1677394047
newOrder,12004,0,41241,1677394047
newOrder,24999,1,41241,1677394047
cancel,12004,,,1677394638
cancel,19909,,,1677394638
cancel,21197,,,1677394638
cancel,24999,,,1677394638
newOrder,19909,0,10306,1677394646
newOrder,21197,1,10306,1677394646
newOrder,12004,0,41225,1677394646
newOrder,24999,1,41225,1677394646
cancel,12004,,,1677395240
cancel,19909,,,1677395240
cancel,21197,,,1677395240
cancel,24999,,,1677395240
newOrder,19909,0,10303,1677395247
newOrder,21196,1,10303,1677395247
newOrder,12004,0,41210,1677395247
newOrder,24999,1,41210,1677395247
cancel,12004,,,1677395839
cancel,19909,,,1677395839
cancel,21196,,,1677395839
cancel,24999,,,1677395839
newOrder,19909,0,10321,1677395847
newOrder,21188,1,10321,1677395847
newOrder,12004,0,41282,1677395847
newOrder,24999,1,41282,1677395847
cancel,12004,,,1677396439
cancel,19909,,,1677396439
cancel,21188,,,1677396439
cancel,24999,,,1677396439
newOrder,19909,0,10293,1677396445
newOrder,21195,1,10293,1677396445
newOrder,12004,0,41174,1677396445
newOrder,24999,1,41174,1677396445
cancel,12004,,,1677397040
cancel,19909,,,1677397040
cancel,21195,,,1677397040
cancel,24999,,,1677397040
newOrder,19909,0,10288,1677397047
newOrder,21195,1,10288,1677397047
newOrder,12004,0,41152,1677397047
newOrder,24999,1,41152,1677397047
cancel,12004,,,1677397639
cancel,19909,,,1677397639
cancel,21195,,,1677397639
cancel,24999,,,1677397639
newOrder,19909,0,10230,1677397646
newOrder,21215,1,10230,1677397646
newOrder,12004,0,40919,1677397646
newOrder,24999,1,40919,1677397646
cancel,12004,,,1677398239
cancel,19909,,,1677398239
cancel,21215,,,1677398239
cancel,24999,,,1677398239
newOrder,19909,0,12827,1677398246
newOrder,20502,1,12827,1677398246
newOrder,11946,0,51307,1677398246
newOrder,24999,1,51307,1677398246
cancel,11946,,,1677398839
cancel,19909,,,1677398839
cancel,20502,,,1677398839
cancel,24999,,,1677398839
newOrder,19909,0,14592,1677398848
newOrder,20162,1,14592,1677398848
newOrder,11946,0,58367,1677398848
newOrder,24999,1,58367,1677398848
cancel,11946,,,1677399439
cancel,19909,,,1677399439
cancel,20162,,,1677399439
cancel,24999,,,1677399439
newOrder,19909,0,13968,1677399446
newOrder,20273,1,13968,1677399446
newOrder,11946,0,55873,1677399446
newOrder,24999,1,55873,1677399446
cancel,11946,,,1677400038
cancel,19909,,,1677400038
cancel,20273,,,1677400038
cancel,24999,,,1677400038
newOrder,19909,0,13962,1677400044
newOrder,20273,1,13962,1677400044
newOrder,11946,0,55848,1677400044
newOrder,24999,1,55848,1677400044
cancel,11946,,,1677400639
cancel,19909,,,1677400639
cancel,20273,,,1677400639
cancel,24999,,,1677400639
newOrder,19909,0,13955,1677400646
newOrder,20273,1,13955,1677400646
newOrder,11946,0,55822,1677400646
newOrder,24999,1,55822,1677400646
cancel,11946,,,1677401239
cancel,19909,,,1677401239
cancel,20273,,,1677401239
cancel,24999,,,1677401239
newOrder,19909,0,13949,1677401245
newOrder,20273,1,13949,1677401245
newOrder,11946,0,55796,1677401245
newOrder,24999,1,55796,1677401245
cancel,11946,,,1677401840
cancel,19909,,,1677401840
cancel,20273,,,1677401840
cancel,24999,,,1677401840
newOrder,19909,0,13953,1677401847
newOrder,20271,1,13953,1677401847
newOrder,11946,0,55811,1677401847
newOrder,24999,1,55811,1677401847
cancel,11946,,,1677402441
cancel,19909,,,1677402441
cancel,20271,,,1677402441
cancel,24999,,,1677402441
newOrder,19909,0,13946,1677402447
newOrder,20271,1,13946,1677402447
newOrder,11946,0,55786,1677402447
newOrder,24999,1,55786,1677402447
cancel,11946,,,1677403040
cancel,19909,,,1677403040
cancel,20271,,,1677403040
cancel,24999,,,1677403040
newOrder,19909,0,14541,1677403049
newOrder,20164,1,14541,1677403049
newOrder,11946,0,58162,1677403049
newOrder,24999,1,58162,1677403049
cancel,11946,,,1677403639
cancel,19909,,,1677403639
cancel,20164,,,1677403639
cancel,24999,,,1677403639
newOrder,19909,0,14629,1677403645
newOrder,20148,1,14629,1677403645
newOrder,11946,0,58518,1677403645
newOrder,24999,1,58518,1677403645
cancel,11946,,,1677404240
cancel,19909,,,1677404240
cancel,20148,,,1677404240
cancel,24999,,,1677404240
newOrder,19909,0,14623,1677404249
newOrder,20148,1,14623,1677404249
newOrder,11946,0,58493,1677404249
newOrder,24999,1,58493,1677404249
cancel,11946,,,1677404841
cancel,19909,,,1677404841
cancel,20148,,,1677404841
cancel,24999,,,1677404841
newOrder,19909,0,14617,1677404849
newOrder,20148,1,14617,1677404849
newOrder,11946,0,58469,1677404849
newOrder,24999,1,58469,1677404849
cancel,11946,,,1677405439
cancel,19909,,,1677405439
cancel,20148,,,1677405439
cancel,24999,,,1677405439
newOrder,19909,0,14611,1677405446
newOrder,20148,1,14611,1677405446
newOrder,11946,0,58444,1677405446
newOrder,24999,1,58444,1677405446
cancel,11946,,,1677407241
cancel,19909,,,1677407241
cancel,20148,,,1677407241
cancel,24999,,,1677407241
newOrder,19868,0,15183,1677407247
newOrder,20091,1,15183,1677407247
newOrder,11921,0,60734,1677407247
newOrder,24999,1,60734,1677407247
cancel,11921,,,1677407841
cancel,19868,,,1677407841
cancel,20091,,,1677407841
cancel,24999,,,1677407841
newOrder,19868,0,15178,1677407847
newOrder,20091,1,15178,1677407847
newOrder,11921,0,60711,1677407847
newOrder,24999,1,60711,1677407847
cancel,11921,,,1677408440
cancel,19868,,,1677408440
cancel,20091,,,1677408440
cancel,24999,,,1677408440
newOrder,19909,0,14786,1677408448
newOrder,20113,1,14786,1677408448
newOrder,11946,0,59145,1677408448
newOrder,24999,1,59145,1677408448
cancel,11946,,,1677409039
cancel,19909,,,1677409039
cancel,20113,,,1677409039
cancel,24999,,,1677409039
newOrder,19909,0,14773,1677409046
newOrder,20114,1,14773,1677409046
newOrder,11946,0,59093,1677409046
newOrder,24999,1,59093,1677409046
cancel,11946,,,1677409639
cancel,19909,,,1677409639
cancel,20114,,,1677409639
cancel,24999,,,1677409639
newOrder,19909,0,14767,1677409648
newOrder,20114,1,14767,1677409648
newOrder,11946,0,59068,1677409648
newOrder,24999,1,59068,1677409648
cancel,11946,,,1677410243
cancel,19909,,,1677410243
cancel,20114,,,1677410243
cancel,24999,,,1677410243
newOrder,19909,0,14761,1677410250
newOrder,20114,1,14761,1677410250
newOrder,11946,0,59043,1677410250
newOrder,24999,1,59043,1677410250
cancel,11946,,,1677410840
cancel,19909,,,1677410840
cancel,20114,,,1677410840
cancel,24999,,,1677410840
newOrder,19909,0,14754,1677410847
newOrder,20114,1,14754,1677410847
newOrder,11946,0,59018,1677410847
newOrder,24999,1,59018,1677410847
cancel,11946,,,1677411441
cancel,19909,,,1677411441
cancel,20114,,,1677411441
cancel,24999,,,1677411441
newOrder,19909,0,14748,1677411449
newOrder,20114,1,14748,1677411449
newOrder,11946,0,58992,1677411449
newOrder,24999,1,58992,1677411449
cancel,11946,,,1677412041
cancel,19909,,,1677412041
cancel,20114,,,1677412041
cancel,24999,,,1677412041
newOrder,19909,0,14800,1677412048
newOrder,20104,1,14800,1677412048
newOrder,11946,0,59199,1677412048
newOrder,24999,1,59199,1677412048
cancel,11946,,,1677412641
cancel,19909,,,1677412641
cancel,20104,,,1677412641
cancel,24999,,,1677412641
newOrder,19909,0,14793,1677412647
newOrder,20104,1,14793,1677412647
newOrder,11946,0,59173,1677412647
newOrder,24999,1,59173,1677412647
cancel,11946,,,1677413241
cancel,19909,,,1677413241
cancel,20104,,,1677413241
cancel,24999,,,1677413241
newOrder,19909,0,14787,1677413250
newOrder,20104,1,14787,1677413250
newOrder,11946,0,59148,1677413250
newOrder,24999,1,59148,1677413250