instruction,price,side,qty,time
cancel,12013,,,1684239355
cancel,18058,,,1684239355
cancel,19066,,,1684239355
cancel,24957,,,1684239355
newOrder,18038,0,9896,1684239385
newOrder,19066,1,9896,1684239385
newOrder,12172,0,28179,1684239385
newOrder,24957,1,28179,1684239385
cancel,12172,,,1684239954
cancel,18038,,,1684239954
cancel,19066,,,1684239954
cancel,24957,,,1684239954
newOrder,17939,0,9847,1684239984
newOrder,19066,1,9847,1684239984
newOrder,12172,0,15642,1684239984
newOrder,24957,1,15642,1684239984
cancel,12172,,,1684240554
cancel,17939,,,1684240554
cancel,19066,,,1684240554
cancel,24957,,,1684240554
newOrder,17802,0,9761,1684240585
newOrder,19066,1,9761,1684240585
newOrder,12001,0,35584,1684240585
newOrder,24999,1,35584,1684240585
cancel,12001,,,1684241153
cancel,17802,,,1684241153
cancel,19066,,,1684241153
cancel,24999,,,1684241153
newOrder,17832,0,9784,1684241181
newOrder,19066,1,9784,1684241181
cancel,17832,,,1684241754
cancel,19066,,,1684241754
newOrder,17832,0,9785,1684241783
newOrder,19066,1,9785,1684241783
newOrder,12172,0,28868,1684241783
newOrder,24957,1,28868,1684241783
cancel,12172,,,1684242356
cancel,17832,,,1684242356
cancel,19066,,,1684242356
cancel,24957,,,1684242356
newOrder,17832,0,9787,1684242387
newOrder,19066,1,9787,1684242387
newOrder,10699,0,50462,1684242387
newOrder,24999,1,50462,1684242387
cancel,10699,,,1684242954
cancel,17832,,,1684242954
cancel,19066,,,1684242954
cancel,24999,,,1684242954
newOrder,17832,0,9789,1684242982
newOrder,19066,1,9789,1684242982
newOrder,12172,0,25022,1684242982
newOrder,24957,1,25022,1684242982
cancel,12172,,,1684243554
cancel,17832,,,1684243554
cancel,19066,,,1684243554
cancel,24957,,,1684243554
newOrder,17832,0,9790,1684243583
newOrder,19066,1,9790,1684243583
newOrder,10699,0,42923,1684243583
newOrder,24999,1,42923,1684243583
cancel,10699,,,1684244154
cancel,17832,,,1684244154
cancel,19066,,,1684244154
cancel,24999,,,1684244154
newOrder,17832,0,9792,1684244184
newOrder,19066,1,9792,1684244184
newOrder,12001,0,33702,1684244184
newOrder,24957,1,33702,1684244184
cancel,12001,,,1684244754
cancel,17832,,,1684244754
cancel,19066,,,1684244754
cancel,24957,,,1684244754
newOrder,17832,0,9794,1684244784
newOrder,19066,1,9794,1684244784
newOrder,10699,0,42032,1684244784
newOrder,24999,1,42032,1684244784
cancel,10699,,,1684245355
cancel,17832,,,1684245355
cancel,19066,,,1684245355
cancel,24999,,,1684245355
newOrder,17832,0,9795,1684245387
newOrder,19066,1,9795,1684245387
newOrder,12175,0,11036,1684245387
newOrder,24957,1,11036,1684245387
cancel,12175,,,1684245954
cancel,17832,,,1684245954
cancel,19066,,,1684245954
cancel,24957,,,1684245954
newOrder,17844,0,9805,1684245983
newOrder,19066,1,9805,1684245983
newOrder,10706,0,48094,1684245983
newOrder,24999,1,48094,1684245983
cancel,10706,,,1684246553
cancel,17844,,,1684246553
cancel,19066,,,1684246553
cancel,24999,,,1684246553
newOrder,17844,0,9806,1684246581
newOrder,19066,1,9806,1684246581
newOrder,12174,0,12458,1684246581
newOrder,24957,1,12458,1684246581
cancel,12174,,,1684247154
cancel,17844,,,1684247154
cancel,19066,,,1684247154
cancel,24957,,,1684247154
newOrder,17844,0,9808,1684247184
newOrder,19066,1,9808,1684247184
newOrder,10706,0,37432,1684247184
newOrder,24999,1,37432,1684247184
cancel,10706,,,1684247753
cancel,17844,,,1684247753
cancel,19066,,,1684247753
cancel,24999,,,1684247753
newOrder,17860,0,9820,1684247784
newOrder,19066,1,9820,1684247784
newOrder,10716,0,48517,1684247784
newOrder,24999,1,48517,1684247784
cancel,10716,,,1684248354
cancel,17860,,,1684248354
cancel,19066,,,1684248354
cancel,24999,,,1684248354
newOrder,17860,0,9822,1684248384
newOrder,19066,1,9822,1684248384
newOrder,12172,0,20222,1684248384
newOrder,24957,1,20222,1684248384
cancel,12172,,,1684248954
cancel,17860,,,1684248954
cancel,19066,,,1684248954
cancel,24957,,,1684248954
newOrder,17732,0,9732,1684248984
newOrder,19066,1,9732,1684248984
newOrder,12172,0,25332,1684248984
newOrder,24957,1,25332,1684248984
cancel,12172,,,1684249554
cancel,17732,,,1684249554
cancel,19066,,,1684249554
cancel,24957,,,1684249554
newOrder,17770,0,9763,1684249581
newOrder,19066,1,9763,1684249581
cancel,17770,,,1684250154
cancel,19066,,,1684250154
newOrder,17770,0,9765,1684250184
newOrder,19066,1,9765,1684250184
newOrder,12172,0,20826,1684250184
newOrder,24957,1,20826,1684250184
cancel,12172,,,1684250754
cancel,17770,,,1684250754
cancel,19066,,,1684250754
cancel,24957,,,1684250754
newOrder,17770,0,9766,1684250784
newOrder,19066,1,9766,1684250784
newOrder,12172,0,19075,1684250784
newOrder,24957,1,19075,1684250784
cancel,12172,,,1684251354
cancel,17770,,,1684251354
cancel,19066,,,1684251354
cancel,24957,,,1684251354
newOrder,17770,0,9768,1684251385
newOrder,19066,1,9768,1684251385
newOrder,10662,0,47405,1684251385
newOrder,24999,1,47405,1684251385
cancel,10662,,,1684251954
cancel,17770,,,1684251954
cancel,19066,,,1684251954
cancel,24999,,,1684251954
newOrder,17770,0,9770,1684251983
newOrder,19066,1,9770,1684251983
newOrder,10662,0,51901,1684251983
newOrder,24999,1,51901,1684251983
cancel,10662,,,1684252554
cancel,17770,,,1684252554
cancel,19066,,,1684252554
cancel,24999,,,1684252554
newOrder,17770,0,9771,1684252584
newOrder,19066,1,9771,1684252584
newOrder,10662,0,38337,1684252584
newOrder,24999,1,38337,1684252584
cancel,10662,,,1684253153
cancel,17770,,,1684253153
cancel,19066,,,1684253153
cancel,24999,,,1684253153
newOrder,17770,0,9773,1684253182
newOrder,19066,1,9773,1684253182
newOrder,10662,0,46607,1684253182
newOrder,24999,1,46607,1684253182
cancel,10662,,,1684253754
cancel,17770,,,1684253754
cancel,19066,,,1684253754
cancel,24999,,,1684253754
newOrder,17770,0,9775,1684253783
newOrder,19066,1,9775,1684253783
newOrder,12172,0,28849,1684253783
newOrder,24957,1,28849,1684253783
cancel,12172,,,1684254354
cancel,17770,,,1684254354
cancel,19066,,,1684254354
cancel,24957,,,1684254354
newOrder,17770,0,9776,1684254384
newOrder,19066,1,9776,1684254384
newOrder,10662,0,47353,1684254384
newOrder,24999,1,47353,1684254384
cancel,10662,,,1684254954
cancel,17770,,,1684254954
cancel,19066,,,1684254954
cancel,24999,,,1684254954
newOrder,17770,0,9778,1684254983
newOrder,19066,1,9778,1684254983
newOrder,10662,0,36980,1684254983
newOrder,24999,1,36980,1684254983
cancel,10662,,,1684255554
cancel,17770,,,1684255554
cancel,19066,,,1684255554
cancel,24999,,,1684255554
newOrder,17770,0,9780,1684255584
newOrder,19066,1,9780,1684255584
newOrder,10662,0,41452,1684255584
newOrder,24999,1,41452,1684255584
cancel,10662,,,1684256154
cancel,17770,,,1684256154
cancel,19066,,,1684256154
cancel,24999,,,1684256154
newOrder,17770,0,9781,1684256181
newOrder,19066,1,9781,1684256181
cancel,17770,,,1684256754
cancel,19066,,,1684256754
newOrder,17770,0,9783,1684256782
newOrder,19066,1,9783,1684256782
newOrder,12172,0,22571,1684256782
newOrder,24957,1,22571,1684256782
cancel,12172,,,1684257354
cancel,17770,,,1684257354
cancel,19066,,,1684257354
cancel,24957,,,1684257354
newOrder,17770,0,9785,1684257383
newOrder,19066,1,9785,1684257383
newOrder,12172,0,16900,1684257383
newOrder,24957,1,16900,1684257383
cancel,12172,,,1684257954
cancel,17770,,,1684257954
cancel,19066,,,1684257954
cancel,24957,,,1684257954
newOrder,17770,0,9786,1684257984
newOrder,19066,1,9786,1684257984
newOrder,10662,0,51127,1684257984
newOrder,24999,1,51127,1684257984
cancel,10662,,,1684258554
cancel,17770,,,1684258554
cancel,19066,,,1684258554
cancel,24999,,,1684258554
newOrder,17770,0,9788,1684258583
newOrder,19066,1,9788,1684258583
newOrder,12172,0,18313,1684258583
newOrder,24957,1,18313,1684258583
cancel,12172,,,1684259154
cancel,17770,,,1684259154
cancel,19066,,,1684259154
cancel,24957,,,1684259154
newOrder,17770,0,9790,1684259183
newOrder,19066,1,9790,1684259183
newOrder,10662,0,38163,1684259183
newOrder,24999,1,38163,1684259183
cancel,10662,,,1684259754
cancel,17770,,,1684259754
cancel,19066,,,1684259754
cancel,24999,,,1684259754
newOrder,17770,0,9791,1684259782
newOrder,19066,1,9791,1684259782
newOrder,12172,0,22630,1684259782
newOrder,24957,1,22630,1684259782
cancel,12172,,,1684260354
cancel,17770,,,1684260354
cancel,19066,,,1684260354
cancel,24957,,,1684260354
newOrder,17770,0,9793,1684260383
newOrder,19066,1,9793,1684260383
newOrder,10662,0,50623,1684260383
newOrder,24999,1,50623,1684260383
cancel,10662,,,1684260954
cancel,17770,,,1684260954
cancel,19066,,,1684260954
cancel,24999,,,1684260954
newOrder,17770,0,9795,1684260981
newOrder,19066,1,9795,1684260981
cancel,17770,,,1684261554
cancel,19066,,,1684261554
newOrder,17770,0,9796,1684261580
newOrder,19066,1,9796,1684261580
cancel,17770,,,1684262153
cancel,19066,,,1684262153
newOrder,17770,0,9798,1684262182
newOrder,19066,1,9798,1684262182
newOrder,10662,0,39642,1684262182
newOrder,24999,1,39642,1684262182
cancel,10662,,,1684262755
cancel,17770,,,1684262755
cancel,19066,,,1684262755
cancel,24999,,,1684262755
newOrder,17770,0,9800,1684262783
newOrder,19066,1,9800,1684262783
cancel,17770,,,1684263354
cancel,19066,,,1684263354
newOrder,17770,0,9801,1684263381
newOrder,19066,1,9801,1684263381
cancel,17770,,,1684263953
cancel,19066,,,1684263953
newOrder,17770,0,9803,1684263981
newOrder,19066,1,9803,1684263981
newOrder,10662,0,43401,1684263981
newOrder,24999,1,43401,1684263981
cancel,10662,,,1684264553
cancel,17770,,,1684264553
cancel,19066,,,1684264553
cancel,24999,,,1684264553
newOrder,17770,0,9805,1684264582
newOrder,19066,1,9805,1684264582
newOrder,12172,0,28810,1684264582
newOrder,24957,1,28810,1684264582
cancel,12172,,,1684265154
cancel,17770,,,1684265154
cancel,19066,,,1684265154
cancel,24957,,,1684265154
newOrder,17770,0,9806,1684265182
newOrder,19066,1,9806,1684265182
newOrder,12172,0,22025,1684265182
newOrder,24957,1,22025,1684265182
cancel,12172,,,1684265754
cancel,17770,,,1684265754
cancel,19066,,,1684265754
cancel,24957,,,1684265754
newOrder,17770,0,9808,1684265779
newOrder,19066,1,9808,1684265779
cancel,17770,,,1684266353
cancel,19066,,,1684266353
newOrder,17770,0,9810,1684266383
newOrder,19066,1,9810,1684266383
newOrder,10662,0,46506,1684266383
newOrder,24999,1,46506,1684266383
cancel,10662,,,1684266954
cancel,17770,,,1684266954
cancel,19066,,,1684266954
cancel,24999,,,1684266954
newOrder,17770,0,9811,1684266984
newOrder,19066,1,9811,1684266984
newOrder,12174,0,13273,1684266984
newOrder,24957,1,13273,1684266984
cancel,12174,,,1684267554
cancel,17770,,,1684267554
cancel,19066,,,1684267554
cancel,24957,,,1684267554
newOrder,17770,0,9813,1684267581
newOrder,19066,1,9813,1684267581
cancel,17770,,,1684268154
cancel,19066,,,1684268154
newOrder,17770,0,9815,1684268183
newOrder,19066,1,9815,1684268183
newOrder,12172,0,17696,1684268183
newOrder,24957,1,17696,1684268183
cancel,12172,,,1684268754
cancel,17770,,,1684268754
cancel,19066,,,1684268754
cancel,24957,,,1684268754
newOrder,17770,0,9816,1684268783
newOrder,19066,1,9816,1684268783
cancel,17770,,,1684269353
cancel,19066,,,1684269353
newOrder,17723,0,9781,1684269382
newOrder,19066,1,9781,1684269382
newOrder,12175,0,7383,1684269382
cancel,12175,,,1684269954
cancel,17723,,,1684269954
cancel,19066,,,1684269954
newOrder,17723,0,9783,1684269984
newOrder,19066,1,9783,1684269984
newOrder,10634,0,41207,1684269984
newOrder,24999,1,41207,1684269984
cancel,10634,,,1684270554
cancel,17723,,,1684270554
cancel,19066,,,1684270554
cancel,24999,,,1684270554
newOrder,17723,0,9785,1684270582
newOrder,19066,1,9785,1684270582
newOrder,10634,0,50934,1684270582
newOrder,24999,1,50934,1684270582
cancel,10634,,,1684271154
cancel,17723,,,1684271154
cancel,19066,,,1684271154
cancel,24999,,,1684271154
newOrder,17724,0,9787,1684271184
newOrder,19066,1,9787,1684271184
newOrder,12175,0,6803,1684271184
cancel,12175,,,1684271754
cancel,17724,,,1684271754
cancel,19066,,,1684271754
newOrder,17723,0,9788,1684271782
newOrder,19066,1,9788,1684271782
newOrder,10634,0,44336,1684271782
newOrder,24999,1,44336,1684271782
cancel,10634,,,1684272354
cancel,17723,,,1684272354
cancel,19066,,,1684272354
cancel,24999,,,1684272354
newOrder,17723,0,9790,1684272382
newOrder,19066,1,9790,1684272382
newOrder,10634,0,44757,1684272382
newOrder,24999,1,44757,1684272382
cancel,10634,,,1684272955
cancel,17723,,,1684272955
cancel,19066,,,1684272955
cancel,24999,,,1684272955
newOrder,17775,0,9832,1684272983
newOrder,19066,1,9832,1684272983
newOrder,12175,0,11053,1684272983
newOrder,24957,1,11053,1684272983
cancel,12175,,,1684273554
cancel,17775,,,1684273554
cancel,19066,,,1684273554
cancel,24957,,,1684273554
newOrder,17775,0,9834,1684273583
newOrder,19066,1,9834,1684273583
newOrder,12174,0,13106,1684273583
newOrder,24957,1,13106,1684273583
cancel,12174,,,1684274154
cancel,17775,,,1684274154
cancel,19066,,,1684274154
cancel,24957,,,1684274154
newOrder,17775,0,9835,1684274183
newOrder,19066,1,9835,1684274183
newOrder,12172,0,23622,1684274183
newOrder,24957,1,23622,1684274183
cancel,12172,,,1684274755
cancel,17775,,,1684274755
cancel,19066,,,1684274755
cancel,24957,,,1684274755
newOrder,17775,0,9837,1684274784
newOrder,19066,1,9837,1684274784
newOrder,12172,0,16008,1684274784
newOrder,24957,1,16008,1684274784
cancel,12172,,,1684275354
cancel,17775,,,1684275354
cancel,19066,,,1684275354
cancel,24957,,,1684275354
newOrder,17775,0,9839,1684275383
newOrder,19066,1,9839,1684275383
newOrder,10665,0,35128,1684275383
newOrder,24999,1,35128,1684275383
cancel,10665,,,1684275954
cancel,17775,,,1684275954
cancel,19066,,,1684275954
cancel,24999,,,1684275954
newOrder,17775,0,9840,1684275985
newOrder,19066,1,9840,1684275985
newOrder,12126,0,31746,1684275985
newOrder,24957,1,31746,1684275985
cancel,12126,,,1684276554
cancel,17775,,,1684276554
cancel,19066,,,1684276554
cancel,24957,,,1684276554
newOrder,17775,0,9842,1684276582
newOrder,19066,1,9842,1684276582
newOrder,12175,0,9987,1684276582
cancel,12175,,,1684277154
cancel,17775,,,1684277154
cancel,19066,,,1684277154
newOrder,17775,0,9844,1684277182
newOrder,19066,1,9844,1684277182
newOrder,12172,0,23588,1684277182
newOrder,24957,1,23588,1684277182
cancel,12172,,,1684277754
cancel,17775,,,1684277754
cancel,19066,,,1684277754
cancel,24957,,,1684277754
newOrder,17775,0,9846,1684277782
newOrder,19066,1,9846,1684277782
newOrder,12175,0,11853,1684277782
newOrder,24957,1,11853,1684277782
cancel,12175,,,1684278353
cancel,17775,,,1684278353
cancel,19066,,,1684278353
cancel,24957,,,1684278353
newOrder,17780,0,9851,1684278382
newOrder,19066,1,9851,1684278382
newOrder,12172,0,19377,1684278382
newOrder,24957,1,19377,1684278382
cancel,12172,,,1684278954
cancel,17780,,,1684278954
cancel,19066,,,1684278954
cancel,24957,,,1684278954
newOrder,17744,0,9825,1684278982
newOrder,19066,1,9825,1684278982
newOrder,10646,0,51959,1684278982
newOrder,24999,1,51959,1684278982
cancel,10646,,,1684279554
cancel,17744,,,1684279554
cancel,19066,,,1684279554
cancel,24999,,,1684279554
newOrder,17744,0,9826,1684279583
newOrder,19066,1,9826,1684279583
newOrder,12172,0,26559,1684279583
newOrder,24957,1,26559,1684279583
cancel,12172,,,1684280154
cancel,17744,,,1684280154
cancel,19066,,,1684280154
cancel,24957,,,1684280154
newOrder,17744,0,9828,1684280183
newOrder,19066,1,9828,1684280183
newOrder,10646,0,49829,1684280183
newOrder,24999,1,49829,1684280183
cancel,10646,,,1684280754
cancel,17744,,,1684280754
cancel,19066,,,1684280754
cancel,24999,,,1684280754
newOrder,17744,0,9830,1684280783
newOrder,19066,1,9830,1684280783
newOrder,12175,0,8084,1684280783
cancel,12175,,,1684281354
cancel,17744,,,1684281354
cancel,19066,,,1684281354
newOrder,17747,0,9833,1684281383
newOrder,19066,1,9833,1684281383
newOrder,12175,0,10519,1684281383
newOrder,24957,1,10519,1684281383
cancel,12175,,,1684281953
cancel,17747,,,1684281953
cancel,19066,,,1684281953
cancel,24957,,,1684281953
newOrder,17747,0,9835,1684281983
newOrder,19066,1,9835,1684281983
newOrder,12172,0,25531,1684281983
newOrder,24957,1,25531,1684281983
cancel,12172,,,1684282554
cancel,17747,,,1684282554
cancel,19066,,,1684282554
cancel,24957,,,1684282554
newOrder,17747,0,9837,1684282584
newOrder,19066,1,9837,1684282584
newOrder,12172,0,23672,1684282584
newOrder,24957,1,23672,1684282584
cancel,12172,,,1684283154
cancel,17747,,,1684283154
cancel,19066,,,1684283154
cancel,24957,,,1684283154
newOrder,17761,0,9849,1684283181
newOrder,19066,1,9849,1684283181
newOrder,10656,0,40871,1684283181
newOrder,24999,1,40871,1684283181
cancel,10656,,,1684283754
cancel,17761,,,1684283754
cancel,19066,,,1684283754
cancel,24999,,,1684283754
newOrder,17761,0,9851,1684283784
newOrder,19066,1,9851,1684283784
newOrder,10656,0,43521,1684283784
newOrder,24999,1,43521,1684283784
cancel,10656,,,1684284354
cancel,17761,,,1684284354
cancel,19066,,,1684284354
cancel,24999,,,1684284354
newOrder,17761,0,9853,1684284383
newOrder,19066,1,9853,1684284383
newOrder,12172,0,23191,1684284383
newOrder,24957,1,23191,1684284383
cancel,12172,,,1684284954
cancel,17761,,,1684284954
cancel,19066,,,1684284954
cancel,24957,,,1684284954
newOrder,17761,0,9855,1684284983
newOrder,19066,1,9855,1684284983
newOrder,12172,0,26902,1684284983
newOrder,24957,1,26902,1684284983
cancel,12172,,,1684285556
cancel,17761,,,1684285556
cancel,19066,,,1684285556
cancel,24957,,,1684285556
newOrder,17761,0,9856,1684285584
newOrder,19066,1,9856,1684285584
newOrder,12175,0,10131,1684285584
newOrder,21899,1,10131,1684285584
cancel,12175,,,1684286154
cancel,17761,,,1684286154
cancel,19066,,,1684286154
cancel,21899,,,1684286154
newOrder,17761,0,9858,1684286181
newOrder,19066,1,9858,1684286181
newOrder,10656,0,33624,1684286181
newOrder,24957,1,33624,1684286181
cancel,10656,,,1684286754
cancel,17761,,,1684286754
cancel,19066,,,1684286754
cancel,24957,,,1684286754
newOrder,17761,0,9860,1684286784
newOrder,19066,1,9860,1684286784
newOrder,12175,0,10625,1684286784
newOrder,24957,1,10625,1684286784
cancel,12175,,,1684287353
cancel,17761,,,1684287353
cancel,19066,,,1684287353
cancel,24957,,,1684287353
newOrder,17761,0,9861,1684287383
newOrder,19066,1,9861,1684287383
newOrder,12172,0,19718,1684287383
newOrder,24957,1,19718,1684287383
cancel,12172,,,1684287954
cancel,17761,,,1684287954
cancel,19066,,,1684287954
cancel,24957,,,1684287954
newOrder,17761,0,9863,1684287985
newOrder,19066,1,9863,1684287985
newOrder,10656,0,33907,1684287985
newOrder,24957,1,33907,1684287985
cancel,10656,,,1684288553
cancel,17761,,,1684288553
cancel,19066,,,1684288553
cancel,24957,,,1684288553
newOrder,17761,0,9865,1684288582
newOrder,19066,1,9865,1684288582
newOrder,12172,0,28731,1684288582
newOrder,24957,1,28731,1684288582
cancel,12172,,,1684289154
cancel,17761,,,1684289154
cancel,19066,,,1684289154
cancel,24957,,,1684289154
newOrder,17761,0,9866,1684289183
newOrder,19066,1,9866,1684289183
newOrder,12172,0,26890,1684289183
newOrder,24957,1,26890,1684289183
cancel,12172,,,1684289754
cancel,17761,,,1684289754
cancel,19066,,,1684289754
cancel,24957,,,1684289754
newOrder,17761,0,9868,1684289783
newOrder,19066,1,9868,1684289783
newOrder,10656,0,37460,1684289783
newOrder,24999,1,37460,1684289783
cancel,10656,,,1684290353
cancel,17761,,,1684290353
cancel,19066,,,1684290353
cancel,24999,,,1684290353
newOrder,17731,0,9846,1684290381
newOrder,19066,1,9846,1684290381
cancel,17731,,,1684290954
cancel,19066,,,1684290954
newOrder,17739,0,9855,1684290980
newOrder,19066,1,9855,1684290980
newOrder,10644,0,46234,1684290980
newOrder,24999,1,46234,1684290980
cancel,10644,,,1684291553
cancel,17739,,,1684291553
cancel,19066,,,1684291553
cancel,24999,,,1684291553
newOrder,17739,0,9856,1684291581
newOrder,19066,1,9856,1684291581
cancel,17739,,,1684292154
cancel,19066,,,1684292154
newOrder,17739,0,9858,1684292184
newOrder,19066,1,9858,1684292184
newOrder,12172,0,25748,1684292184
newOrder,24957,1,25748,1684292184
cancel,12172,,,1684292753
cancel,17739,,,1684292753
cancel,19066,,,1684292753
cancel,24957,,,1684292753
newOrder,17739,0,9860,1684292782
newOrder,19066,1,9860,1684292782
newOrder,10644,0,46895,1684292782
newOrder,24999,1,46895,1684292782
cancel,10644,,,1684293353
cancel,17739,,,1684293353
cancel,19066,,,1684293353
cancel,24999,,,1684293353
newOrder,17739,0,9861,1684293383
newOrder,19066,1,9861,1684293383
newOrder,12175,0,11481,1684293383
newOrder,24957,1,11481,1684293383
cancel,12175,,,1684293953
cancel,17739,,,1684293953
cancel,19066,,,1684293953
cancel,24957,,,1684293953
newOrder,17739,0,9863,1684293981
newOrder,19066,1,9863,1684293981
newOrder,12172,0,27252,1684293981
newOrder,24957,1,27252,1684293981
cancel,12172,,,1684294553
cancel,17739,,,1684294553
cancel,19066,,,1684294553
cancel,24957,,,1684294553
newOrder,17739,0,9865,1684294582
newOrder,19066,1,9865,1684294582
newOrder,10644,0,43192,1684294582
newOrder,24999,1,43192,1684294582
cancel,10644,,,1684295153
cancel,17739,,,1684295153
cancel,19066,,,1684295153
cancel,24999,,,1684295153
newOrder,17739,0,9866,1684295180
newOrder,19066,1,9866,1684295180
newOrder,12175,0,9912,1684295180
cancel,12175,,,1684295753
cancel,17739,,,1684295753
cancel,19066,,,1684295753
newOrder,17739,0,9868,1684295783
newOrder,19066,1,9868,1684295783
newOrder,10644,0,49146,1684295783
newOrder,24999,1,49146,1684295783
cancel,10644,,,1684296355
cancel,17739,,,1684296355
cancel,19066,,,1684296355
cancel,24999,,,1684296355
newOrder,17750,0,9878,1684296385
newOrder,19066,1,9878,1684296385
newOrder,12172,0,26382,1684296385
newOrder,24957,1,26382,1684296385
cancel,12172,,,1684296953
cancel,17750,,,1684296953
cancel,19066,,,1684296953
cancel,24957,,,1684296953
newOrder,17750,0,9880,1684296984
newOrder,19066,1,9880,1684296984
newOrder,12013,0,32322,1684296984
newOrder,24957,1,32322,1684296984
cancel,12013,,,1684297554
cancel,17750,,,1684297554
cancel,19066,,,1684297554
cancel,24957,,,1684297554
newOrder,17750,0,9882,1684297583
newOrder,19066,1,9882,1684297583
newOrder,12172,0,18848,1684297583
newOrder,24957,1,18848,1684297583
cancel,12172,,,1684298154
cancel,17750,,,1684298154
cancel,19066,,,1684298154
cancel,24957,,,1684298154
newOrder,17750,0,9884,1684298182
newOrder,19066,1,9884,1684298182
newOrder,10650,0,37531,1684298182
newOrder,24999,1,37531,1684298182
cancel,10650,,,1684298754
cancel,17750,,,1684298754
cancel,19066,,,1684298754
cancel,24999,,,1684298754
newOrder,17750,0,9885,1684298785
newOrder,19066,1,9885,1684298785
newOrder,12175,0,11977,1684298785
newOrder,24957,1,11977,1684298785
cancel,12175,,,1684299355
cancel,17750,,,1684299355
cancel,19066,,,1684299355
cancel,24957,,,1684299355
newOrder,17750,0,9887,1684299382
newOrder,19066,1,9887,1684299382
newOrder,12175,0,10253,1684299382
newOrder,21899,1,10253,1684299382
cancel,12175,,,1684299954
cancel,17750,,,1684299954
cancel,19066,,,1684299954
cancel,21899,,,1684299954
newOrder,17750,0,9889,1684299983
newOrder,19066,1,9889,1684299983
newOrder,12162,0,31349,1684299983
newOrder,24957,1,31349,1684299983
cancel,12162,,,1684300554
cancel,17750,,,1684300554
cancel,19066,,,1684300554
cancel,24957,,,1684300554
newOrder,17750,0,9890,1684300582
newOrder,19066,1,9890,1684300582
newOrder,12162,0,29611,1684300582
newOrder,24957,1,29611,1684300582
cancel,12162,,,1684301154
cancel,17750,,,1684301154
cancel,19066,,,1684301154
cancel,24957,,,1684301154
newOrder,17750,0,9892,1684301184
newOrder,19066,1,9892,1684301184
newOrder,10650,0,34242,1684301184
newOrder,24957,1,34242,1684301184
cancel,10650,,,1684301754
cancel,17750,,,1684301754
cancel,19066,,,1684301754
cancel,24957,,,1684301754
newOrder,17750,0,9894,1684301783
newOrder,19066,1,9894,1684301783
newOrder,12175,0,12113,1684301783
newOrder,24957,1,12113,1684301783
cancel,12175,,,1684302354
cancel,17750,,,1684302354
cancel,19066,,,1684302354
cancel,24957,,,1684302354
newOrder,17750,0,9896,1684302382
newOrder,19066,1,9896,1684302382
newOrder,12172,0,12041,1684302382
newOrder,24957,1,12041,1684302382
cancel,12172,,,1684302953
cancel,17750,,,1684302953
cancel,19066,,,1684302953
cancel,24957,,,1684302953
newOrder,17750,0,9897,1684302982
newOrder,19066,1,9897,1684302982
newOrder,10650,0,47514,1684302982
newOrder,24999,1,47514,1684302982
cancel,10650,,,1684303554
cancel,17750,,,1684303554
cancel,19066,,,1684303554
cancel,24999,,,1684303554
newOrder,17750,0,9899,1684303583
newOrder,19066,1,9899,1684303583
newOrder,10650,0,47262,1684303583
newOrder,24999,1,47262,1684303583
cancel,10650,,,1684304154
cancel,17750,,,1684304154
cancel,19066,,,1684304154
cancel,24999,,,1684304154
newOrder,17750,0,9901,1684304183
newOrder,19066,1,9901,1684304183
newOrder,10650,0,44957,1684304183
newOrder,24999,1,44957,1684304183
cancel,10650,,,1684304753
cancel,17750,,,1684304753
cancel,19066,,,1684304753
cancel,24999,,,1684304753
newOrder,17764,0,9914,1684304783
newOrder,19066,1,9914,1684304783
newOrder,12172,0,28428,1684304783
newOrder,24957,1,28428,1684304783
cancel,12172,,,1684305353
cancel,17764,,,1684305353
cancel,19066,,,1684305353
cancel,24957,,,1684305353
newOrder,17764,0,9916,1684305383
newOrder,19066,1,9916,1684305383
newOrder,12172,0,26659,1684305383
newOrder,24957,1,26659,1684305383
cancel,12172,,,1684305954
cancel,17764,,,1684305954
cancel,19066,,,1684305954
cancel,24957,,,1684305954
newOrder,17741,0,9898,1684305982
newOrder,19066,1,9898,1684305982
newOrder,12126,0,33117,1684305982
newOrder,24957,1,33117,1684305982
cancel,12126,,,1684306555
cancel,17741,,,1684306555
cancel,19066,,,1684306555
cancel,24957,,,1684306555
newOrder,17741,0,9900,1684306583
newOrder,19066,1,9900,1684306583
newOrder,12174,0,15089,1684306583
newOrder,24957,1,15089,1684306583
cancel,12174,,,1684307154
cancel,17741,,,1684307154
cancel,19066,,,1684307154
cancel,24957,,,1684307154
newOrder,17741,0,9902,1684307183
newOrder,19066,1,9902,1684307183
newOrder,10644,0,40927,1684307183
newOrder,24999,1,40927,1684307183
cancel,10644,,,1684307754
cancel,17741,,,1684307754
cancel,19066,,,1684307754
cancel,24999,,,1684307754
newOrder,17758,0,9918,1684307782
newOrder,19066,1,9918,1684307782
newOrder,12172,0,26830,1684307782
newOrder,24957,1,26830,1684307782
cancel,12172,,,1684308354
cancel,17758,,,1684308354
cancel,19066,,,1684308354
cancel,24957,,,1684308354
newOrder,17758,0,9919,1684308384
newOrder,19066,1,9919,1684308384
newOrder,10655,0,49412,1684308384
newOrder,24999,1,49412,1684308384
cancel,10655,,,1684308953
cancel,17758,,,1684308953
cancel,19066,,,1684308953
cancel,24999,,,1684308953
newOrder,17758,0,9921,1684308982
newOrder,19066,1,9921,1684308982
newOrder,10655,0,43652,1684308982
newOrder,24999,1,43652,1684308982
cancel,10655,,,1684309554
cancel,17758,,,1684309554
cancel,19066,,,1684309554
cancel,24999,,,1684309554
newOrder,17758,0,9923,1684309586
newOrder,19066,1,9923,1684309586
newOrder,12172,0,17100,1684309586
newOrder,24957,1,17100,1684309586
cancel,12172,,,1684310154
cancel,17758,,,1684310154
cancel,19066,,,1684310154
cancel,24957,,,1684310154
newOrder,17758,0,9925,1684310181
newOrder,19066,1,9925,1684310181
cancel,17758,,,1684310754
cancel,19066,,,1684310754
newOrder,17758,0,9926,1684310778
newOrder,19066,1,9926,1684310778
cancel,17758,,,1684311356
cancel,19066,,,1684311356
newOrder,17758,0,9928,1684311385
newOrder,19066,1,9928,1684311385
newOrder,12162,0,30895,1684311385
newOrder,24957,1,30895,1684311385
cancel,12162,,,1684311954
cancel,17758,,,1684311954
cancel,19066,,,1684311954
cancel,24957,,,1684311954
newOrder,17758,0,9930,1684311982
newOrder,19066,1,9930,1684311982
newOrder,10655,0,51813,1684311982
newOrder,24999,1,51813,1684311982
cancel,10655,,,1684312553
cancel,17758,,,1684312553
cancel,19066,,,1684312553
cancel,24999,,,1684312553
newOrder,17758,0,9931,1684312582
newOrder,19066,1,9931,1684312582
newOrder,10655,0,43073,1684312582
newOrder,24999,1,43073,1684312582
cancel,10655,,,1684313154
cancel,17758,,,1684313154
cancel,19066,,,1684313154
cancel,24999,,,1684313154
newOrder,17758,0,9933,1684313183
newOrder,19066,1,9933,1684313183
newOrder,12176,0,22718,1684313183
newOrder,24957,1,22718,1684313183
cancel,12176,,,1684313754
cancel,17758,,,1684313754
cancel,19066,,,1684313754
cancel,24957,,,1684313754
newOrder,17758,0,9935,1684313783
newOrder,19066,1,9935,1684313783
newOrder,10655,0,51350,1684313783
newOrder,24999,1,51350,1684313783
cancel,10655,,,1684314354
cancel,17758,,,1684314354
cancel,19066,,,1684314354
cancel,24999,,,1684314354
newOrder,17758,0,9937,1684314384
newOrder,19066,1,9937,1684314384
newOrder,12178,0,11412,1684314384
newOrder,24957,1,11412,1684314384
cancel,12178,,,1684314954
cancel,17758,,,1684314954
cancel,19066,,,1684314954
cancel,24957,,,1684314954
newOrder,17758,0,9938,1684314982
newOrder,19066,1,9938,1684314982
newOrder,12176,0,23912,1684314982
newOrder,24957,1,23912,1684314982
cancel,12176,,,1684315554
cancel,17758,,,1684315554
cancel,19066,,,1684315554
cancel,24957,,,1684315554
newOrder,17758,0,9940,1684315583
newOrder,19066,1,9940,1684315583
newOrder,10655,0,51244,1684315583
newOrder,24999,1,51244,1684315583
cancel,10655,,,1684316155
cancel,17758,,,1684316155
cancel,19066,,,1684316155
cancel,24999,,,1684316155
newOrder,17758,0,9942,1684316182
newOrder,19066,1,9942,1684316182
newOrder,11438,0,35432,1684316182
newOrder,24999,1,35432,1684316182
cancel,11438,,,1684316754
cancel,17758,,,1684316754
cancel,19066,,,1684316754
cancel,24999,,,1684316754
newOrder,17758,0,9944,1684316783
newOrder,19066,1,9944,1684316783
newOrder,12176,0,16070,1684316783
newOrder,24957,1,16070,1684316783
cancel,12176,,,1684317354
cancel,17758,,,1684317354
cancel,19066,,,1684317354
cancel,24957,,,1684317354
newOrder,17758,0,9945,1684317382
newOrder,19066,1,9945,1684317382
newOrder,10655,0,42901,1684317382
newOrder,24999,1,42901,1684317382
cancel,10655,,,1684317953
cancel,17758,,,1684317953
cancel,19066,,,1684317953
cancel,24999,,,1684317953
newOrder,17758,0,9947,1684317981
newOrder,19066,1,9947,1684317981
newOrder,10655,0,53070,1684317981
newOrder,24999,1,53070,1684317981
cancel,10655,,,1684318554
cancel,17758,,,1684318554
cancel,19066,,,1684318554
cancel,24999,,,1684318554
newOrder,17758,0,9949,1684318582
newOrder,19066,1,9949,1684318582
newOrder,12177,0,15730,1684318582
newOrder,24957,1,15730,1684318582
cancel,12177,,,1684319153
cancel,17758,,,1684319153
cancel,19066,,,1684319153
cancel,24957,,,1684319153
newOrder,17758,0,9951,1684319182
newOrder,19066,1,9951,1684319182
newOrder,10655,0,36805,1684319182
newOrder,24999,1,36805,1684319182
cancel,10655,,,1684319754
cancel,17758,,,1684319754
cancel,19066,,,1684319754
cancel,24999,,,1684319754
newOrder,17758,0,9952,1684319783
newOrder,19066,1,9952,1684319783
newOrder,12177,0,14527,1684319783
newOrder,24957,1,14527,1684319783
cancel,12177,,,1684320354
cancel,17758,,,1684320354
cancel,19066,,,1684320354
cancel,24957,,,1684320354
newOrder,17758,0,9954,1684320389
newOrder,19066,1,9954,1684320389
newOrder,12176,0,16389,1684320389
newOrder,24957,1,16389,1684320389
cancel,12176,,,1684320953
cancel,17758,,,1684320953
cancel,19066,,,1684320953
cancel,24957,,,1684320953
newOrder,17758,0,9956,1684320984
newOrder,19066,1,9956,1684320984
newOrder,12176,0,22587,1684320984
newOrder,24957,1,22587,1684320984
cancel,12176,,,1684321554
cancel,17758,,,1684321554
cancel,19066,,,1684321554
cancel,24957,,,1684321554
newOrder,17758,0,9958,1684321584
newOrder,19066,1,9958,1684321584
newOrder,12176,0,21364,1684321584
newOrder,24957,1,21364,1684321584
cancel,12176,,,1684322153
cancel,17758,,,1684322153
cancel,19066,,,1684322153
cancel,24957,,,1684322153
newOrder,17758,0,9959,1684322184
newOrder,19066,1,9959,1684322184
newOrder,10655,0,50048,1684322184
newOrder,24999,1,50048,1684322184
cancel,10655,,,1684322754
cancel,17758,,,1684322754
cancel,19066,,,1684322754
cancel,24999,,,1684322754
newOrder,17758,0,9961,1684322785
newOrder,19066,1,9961,1684322785
newOrder,10655,0,45624,1684322785
newOrder,24999,1,45624,1684322785
cancel,10655,,,1684323351
cancel,17758,,,1684323351
cancel,19066,,,1684323351
cancel,24999,,,1684323351
newOrder,17742,0,9949,1684323391
newOrder,19066,1,9949,1684323391
newOrder,12177,0,13243,1684323391
newOrder,24957,1,13243,1684323391
cancel,12177,,,1684323954
cancel,17742,,,1684323954
cancel,19066,,,1684323954
cancel,24957,,,1684323954
newOrder,17766,0,9971,1684323986
newOrder,19066,1,9971,1684323986
newOrder,10659,0,50129,1684323986
newOrder,24999,1,50129,1684323986
cancel,10659,,,1684324554
cancel,17766,,,1684324554
cancel,19066,,,1684324554
cancel,24999,,,1684324554
newOrder,17746,0,9956,1684324584
newOrder,19066,1,9956,1684324584
newOrder,10647,0,44288,1684324584
newOrder,24999,1,44288,1684324584
cancel,10647,,,1684325155
cancel,17746,,,1684325155
cancel,19066,,,1684325155
cancel,24999,,,1684325155
newOrder,17710,0,9927,1684325184
newOrder,19066,1,9927,1684325184
newOrder,10626,0,42828,1684325184
newOrder,24999,1,42828,1684325184