instruction,price,side,qty,time
cancel,11818,,,1676117592
cancel,19697,,,1676117592
cancel,20203,,,1676117592
cancel,24999,,,1676117592
newOrder,19697,0,26784,1676117599
newOrder,20203,1,26784,1676117599
newOrder,11818,0,107136,1676117599
newOrder,24999,1,107136,1676117599
cancel,11818,,,1676118193
cancel,19697,,,1676118193
cancel,20203,,,1676118193
cancel,24999,,,1676118193
newOrder,19697,0,26787,1676118199
newOrder,20203,1,26787,1676118199
newOrder,11818,0,107147,1676118199
newOrder,24999,1,107147,1676118199
cancel,11818,,,1676118790
cancel,19697,,,1676118790
cancel,20203,,,1676118790
cancel,24999,,,1676118790
newOrder,19697,0,26790,1676118801
newOrder,20203,1,26790,1676118801
newOrder,11818,0,107158,1676118801
newOrder,24999,1,107158,1676118801
cancel,11818,,,1676119393
cancel,19697,,,1676119393
cancel,20203,,,1676119393
cancel,24999,,,1676119393
newOrder,19697,0,26792,1676119401
newOrder,20203,1,26792,1676119401
newOrder,11818,0,107170,1676119401
newOrder,24999,1,107170,1676119401
cancel,11818,,,1676119992
cancel,19697,,,1676119992
cancel,20203,,,1676119992
cancel,24999,,,1676119992
newOrder,19697,0,26795,1676119999
newOrder,20203,1,26795,1676119999
newOrder,11818,0,107181,1676119999
newOrder,24999,1,107181,1676119999
cancel,11818,,,1676120593
cancel,19697,,,1676120593
cancel,20203,,,1676120593
cancel,24999,,,1676120593
newOrder,19697,0,26798,1676120599
newOrder,20203,1,26798,1676120599
newOrder,11818,0,107192,1676120599
newOrder,24999,1,107192,1676120599
cancel,11818,,,1676121192
cancel,19697,,,1676121192
cancel,20203,,,1676121192
cancel,24999,,,1676121192
newOrder,19697,0,26801,1676121199
newOrder,20203,1,26801,1676121199
newOrder,11818,0,107204,1676121199
newOrder,24999,1,107204,1676121199
cancel,11818,,,1676121793
cancel,19697,,,1676121793
cancel,20203,,,1676121793
cancel,24999,,,1676121793
newOrder,19697,0,26804,1676121799
newOrder,20203,1,26804,1676121799
newOrder,11818,0,107215,1676121799
newOrder,24999,1,107215,1676121799
cancel,11818,,,1676122393
cancel,19697,,,1676122393
cancel,20203,,,1676122393
cancel,24999,,,1676122393
newOrder,19697,0,26807,1676122399
newOrder,20203,1,26807,1676122399
newOrder,11818,0,107226,1676122399
newOrder,24999,1,107226,1676122399
cancel,11818,,,1676122993
cancel,19697,,,1676122993
cancel,20203,,,1676122993
cancel,24999,,,1676122993
newOrder,19697,0,26809,1676122999
newOrder,20203,1,26809,1676122999
newOrder,11818,0,107237,1676122999
newOrder,24999,1,107237,1676122999
cancel,11818,,,1676123593
cancel,19697,,,1676123593
cancel,20203,,,1676123593
cancel,24999,,,1676123593
newOrder,19697,0,26812,1676123599
newOrder,20203,1,26812,1676123599
newOrder,11818,0,107249,1676123599
newOrder,24999,1,107249,1676123599
cancel,11818,,,1676124192
cancel,19697,,,1676124192
cancel,20203,,,1676124192
cancel,24999,,,1676124192
newOrder,19697,0,26815,1676124200
newOrder,20203,1,26815,1676124200
newOrder,11818,0,107260,1676124200
newOrder,24999,1,107260,1676124200
cancel,11818,,,1676124792
cancel,19697,,,1676124792
cancel,20203,,,1676124792
cancel,24999,,,1676124792
newOrder,19697,0,26818,1676124799
newOrder,20203,1,26818,1676124799
newOrder,11818,0,107271,1676124799
newOrder,24999,1,107271,1676124799
cancel,11818,,,1676125393
cancel,19697,,,1676125393
cancel,20203,,,1676125393
cancel,24999,,,1676125393
newOrder,19696,0,26823,1676125399
newOrder,20203,1,26823,1676125399
newOrder,11818,0,107291,1676125399
newOrder,24999,1,107291,1676125399
cancel,11818,,,1676125993
cancel,19696,,,1676125993
cancel,20203,,,1676125993
cancel,24999,,,1676125993
newOrder,19696,0,26825,1676125999
newOrder,20203,1,26825,1676125999
newOrder,11818,0,107299,1676125999
newOrder,24999,1,107299,1676125999
cancel,11818,,,1676126593
cancel,19696,,,1676126593
cancel,20203,,,1676126593
cancel,24999,,,1676126593
newOrder,19571,0,27098,1676126599
newOrder,20203,1,27098,1676126599
newOrder,11742,0,108391,1676126599
newOrder,24999,1,108391,1676126599
cancel,11742,,,1676127193
cancel,19571,,,1676127193
cancel,20203,,,1676127193
cancel,24999,,,1676127193
newOrder,19756,0,26698,1676127200
newOrder,20203,1,26698,1676127200
newOrder,11854,0,106793,1676127200
newOrder,24999,1,106793,1676127200
cancel,11854,,,1676127793
cancel,19756,,,1676127793
cancel,20203,,,1676127793
cancel,24999,,,1676127793
newOrder,19756,0,26701,1676127800
newOrder,20203,1,26701,1676127800
newOrder,11854,0,106805,1676127800
newOrder,24999,1,106805,1676127800
cancel,11854,,,1676128392
cancel,19756,,,1676128392
cancel,20203,,,1676128392
cancel,24999,,,1676128392
newOrder,19756,0,26704,1676128398
newOrder,20203,1,26704,1676128398
newOrder,11854,0,106816,1676128398
newOrder,24999,1,106816,1676128398
cancel,11854,,,1676128993
cancel,19756,,,1676128993
cancel,20203,,,1676128993
cancel,24999,,,1676128993
newOrder,19756,0,26707,1676129001
newOrder,20203,1,26707,1676129001
newOrder,11854,0,106827,1676129001
newOrder,24999,1,106827,1676129001
cancel,11854,,,1676129593
cancel,19756,,,1676129593
cancel,20203,,,1676129593
cancel,24999,,,1676129593
newOrder,19756,0,26709,1676129599
newOrder,20203,1,26709,1676129599
newOrder,11854,0,106838,1676129599
newOrder,24999,1,106838,1676129599
cancel,11854,,,1676130193
cancel,19756,,,1676130193
cancel,20203,,,1676130193
cancel,24999,,,1676130193
newOrder,19756,0,26712,1676130199
newOrder,20203,1,26712,1676130199
newOrder,11854,0,106849,1676130199
newOrder,24999,1,106849,1676130199
cancel,11854,,,1676130792
cancel,19756,,,1676130792
cancel,20203,,,1676130792
cancel,24999,,,1676130792
newOrder,19756,0,26715,1676130799
newOrder,20203,1,26715,1676130799
newOrder,11854,0,106860,1676130799
newOrder,24999,1,106860,1676130799
cancel,11854,,,1676131393
cancel,19756,,,1676131393
cancel,20203,,,1676131393
cancel,24999,,,1676131393
newOrder,19756,0,26718,1676131400
newOrder,20203,1,26718,1676131400
newOrder,11854,0,106871,1676131400
newOrder,24999,1,106871,1676131400
cancel,11854,,,1676131993
cancel,19756,,,1676131993
cancel,20203,,,1676131993
cancel,24999,,,1676131993
newOrder,19756,0,26721,1676132000
newOrder,20203,1,26721,1676132000
newOrder,11854,0,106882,1676132000
newOrder,24999,1,106882,1676132000
cancel,11854,,,1676132593
cancel,19756,,,1676132593
cancel,20203,,,1676132593
cancel,24999,,,1676132593
newOrder,19793,0,26641,1676132600
newOrder,20203,1,26641,1676132600
newOrder,11876,0,106564,1676132600
newOrder,24999,1,106564,1676132600
cancel,11876,,,1676133194
cancel,19793,,,1676133194
cancel,20203,,,1676133194
cancel,24999,,,1676133194
newOrder,19793,0,26644,1676133202
newOrder,20203,1,26644,1676133202
newOrder,11876,0,106575,1676133202
newOrder,24999,1,106575,1676133202
cancel,11876,,,1676133792
cancel,19793,,,1676133792
cancel,20203,,,1676133792
cancel,24999,,,1676133792
newOrder,19793,0,26646,1676133800
newOrder,20203,1,26646,1676133800
newOrder,11876,0,106586,1676133800
newOrder,24999,1,106586,1676133800
cancel,11876,,,1676134395
cancel,19793,,,1676134395
cancel,20203,,,1676134395
cancel,24999,,,1676134395
newOrder,19793,0,26649,1676134402
newOrder,20203,1,26649,1676134402
newOrder,11876,0,106597,1676134402
newOrder,24999,1,106597,1676134402
cancel,11876,,,1676134993
cancel,19793,,,1676134993
cancel,20203,,,1676134993
cancel,24999,,,1676134993
newOrder,19793,0,26652,1676135002
newOrder,20203,1,26652,1676135002
newOrder,11876,0,106608,1676135002
newOrder,24999,1,106608,1676135002
cancel,11876,,,1676135593
cancel,19793,,,1676135593
cancel,20203,,,1676135593
cancel,24999,,,1676135593
newOrder,19793,0,26655,1676135600
newOrder,20203,1,26655,1676135600
newOrder,11876,0,106619,1676135600
newOrder,24999,1,106619,1676135600
cancel,11876,,,1676136193
cancel,19793,,,1676136193
cancel,20203,,,1676136193
cancel,24999,,,1676136193
newOrder,19731,0,26797,1676136200
newOrder,20203,1,26797,1676136200
newOrder,11838,0,107187,1676136200
newOrder,24999,1,107187,1676136200
cancel,11838,,,1676136794
cancel,19731,,,1676136794
cancel,20203,,,1676136794
cancel,24999,,,1676136794
newOrder,19730,0,26802,1676136804
newOrder,20203,1,26802,1676136804
newOrder,11838,0,107209,1676136804
newOrder,24999,1,107209,1676136804
cancel,11838,,,1676137393
cancel,19730,,,1676137393
cancel,20203,,,1676137393
cancel,24999,,,1676137393
newOrder,19730,0,26805,1676137401
newOrder,20203,1,26805,1676137401
newOrder,11838,0,107220,1676137401
newOrder,24999,1,107220,1676137401
cancel,11838,,,1676137994
cancel,19730,,,1676137994
cancel,20203,,,1676137994
cancel,24999,,,1676137994
newOrder,19730,0,26808,1676138003
newOrder,20203,1,26808,1676138003
newOrder,11838,0,107232,1676138003
newOrder,24999,1,107232,1676138003
cancel,11838,,,1676138593
cancel,19730,,,1676138593
cancel,20203,,,1676138593
cancel,24999,,,1676138593
newOrder,19587,0,27125,1676139198
newOrder,20203,1,27125,1676139198
newOrder,11752,0,108501,1676139198
newOrder,24999,1,108501,1676139198
cancel,11752,,,1676139793
cancel,19587,,,1676139793
cancel,20203,,,1676139793
cancel,24999,,,1676139793
newOrder,19795,0,26668,1676139799
newOrder,20203,1,26668,1676139799
newOrder,11877,0,106673,1676139799
newOrder,24999,1,106673,1676139799
cancel,11877,,,1676140393
cancel,19795,,,1676140393
cancel,20203,,,1676140393
cancel,24999,,,1676140393
newOrder,19639,0,27018,1676140401
newOrder,20203,1,27018,1676140401
newOrder,11784,0,108072,1676140401
newOrder,24999,1,108072,1676140401
cancel,11784,,,1676140993
cancel,19639,,,1676140993
cancel,20203,,,1676140993
cancel,24999,,,1676140993
newOrder,19639,0,27022,1676141001
newOrder,20203,1,27022,1676141001
newOrder,11784,0,108086,1676141001
newOrder,24999,1,108086,1676141001
cancel,11784,,,1676141592
cancel,19639,,,1676141592
cancel,20203,,,1676141592
cancel,24999,,,1676141592
newOrder,19638,0,27026,1676141600
newOrder,20203,1,27026,1676141600
newOrder,11783,0,108104,1676141600
newOrder,24999,1,108104,1676141600
cancel,11783,,,1676142192
cancel,19638,,,1676142192
cancel,20203,,,1676142192
cancel,24999,,,1676142192
newOrder,19639,0,27027,1676142199
newOrder,20203,1,27027,1676142199
newOrder,11784,0,108109,1676142199
newOrder,24999,1,108109,1676142199
cancel,11784,,,1676142793
cancel,19639,,,1676142793
cancel,20203,,,1676142793
cancel,24999,,,1676142793
newOrder,19605,0,27105,1676142801
newOrder,20203,1,27105,1676142801
newOrder,11763,0,108420,1676142801
newOrder,24999,1,108420,1676142801
cancel,11763,,,1676143392
cancel,19605,,,1676143392
cancel,20203,,,1676143392
cancel,24999,,,1676143392
newOrder,19797,0,26657,1676143399
newOrder,20213,1,26657,1676143399
newOrder,11878,0,106627,1676143399
newOrder,24999,1,106627,1676143399
cancel,11878,,,1676143993
cancel,19797,,,1676143993
cancel,20213,,,1676143993
cancel,24999,,,1676143993
newOrder,19797,0,26660,1676143999
newOrder,20213,1,26660,1676143999
newOrder,11878,0,106638,1676143999
newOrder,24999,1,106638,1676143999
cancel,11878,,,1676144594
cancel,19797,,,1676144594
cancel,20213,,,1676144594
cancel,24999,,,1676144594
newOrder,19797,0,26662,1676144599
newOrder,20213,1,26662,1676144599
newOrder,11878,0,106649,1676144599
newOrder,24999,1,106649,1676144599
cancel,11878,,,1676145192
cancel,19797,,,1676145192
cancel,20213,,,1676145192
cancel,24999,,,1676145192
newOrder,19797,0,26665,1676145200
newOrder,20213,1,26665,1676145200
newOrder,11878,0,106660,1676145200
newOrder,24999,1,106660,1676145200
cancel,11878,,,1676145794
cancel,19797,,,1676145794
cancel,20213,,,1676145794
cancel,24999,,,1676145794
newOrder,19797,0,26668,1676145802
newOrder,20213,1,26668,1676145802
newOrder,11878,0,106671,1676145802
newOrder,24999,1,106671,1676145802
cancel,11878,,,1676146394
cancel,19797,,,1676146394
cancel,20213,,,1676146394
cancel,24999,,,1676146394
newOrder,19797,0,26671,1676146401
newOrder,20213,1,26671,1676146401
newOrder,11878,0,106682,1676146401
newOrder,24999,1,106682,1676146401
cancel,11878,,,1676146999
cancel,19797,,,1676146999
cancel,20213,,,1676146999
cancel,24999,,,1676146999
newOrder,19682,0,26957,1676147006
newOrder,20203,1,26957,1676147006
newOrder,11809,0,107828,1676147006
newOrder,24999,1,107828,1676147006
cancel,11809,,,1676147594
cancel,19682,,,1676147594
cancel,20203,,,1676147594
cancel,24999,,,1676147594
newOrder,19797,0,26639,1676147604
newOrder,20229,1,26639,1676147604
newOrder,11878,0,106554,1676147604
newOrder,24999,1,106554,1676147604
cancel,11878,,,1676148193
cancel,19797,,,1676148193
cancel,20229,,,1676148193
cancel,24999,,,1676148193
newOrder,19797,0,26641,1676148200
newOrder,20229,1,26641,1676148200
newOrder,11878,0,106565,1676148200
newOrder,24999,1,106565,1676148200
cancel,11878,,,1676148793
cancel,19797,,,1676148793
cancel,20229,,,1676148793
cancel,24999,,,1676148793
newOrder,19797,0,26616,1676148799
newOrder,20242,1,26616,1676148799
newOrder,11878,0,106463,1676148799
newOrder,24999,1,106463,1676148799
cancel,11878,,,1676149394
cancel,19797,,,1676149394
cancel,20242,,,1676149394
cancel,24999,,,1676149394
newOrder,19797,0,26618,1676149404
newOrder,20242,1,26618,1676149404
newOrder,11878,0,106474,1676149404
newOrder,24999,1,106474,1676149404
cancel,11878,,,1676149993
cancel,19797,,,1676149993
cancel,20242,,,1676149993
cancel,24999,,,1676149993
newOrder,19797,0,26621,1676150000
newOrder,20242,1,26621,1676150000
newOrder,11878,0,106485,1676150000
newOrder,24999,1,106485,1676150000
cancel,11878,,,1676150592
cancel,19797,,,1676150592
cancel,20242,,,1676150592
cancel,24999,,,1676150592
newOrder,19797,0,26624,1676150601
newOrder,20242,1,26624,1676150601
newOrder,11878,0,106496,1676150601
newOrder,24999,1,106496,1676150601
cancel,11878,,,1676151191
cancel,19797,,,1676151191
cancel,20242,,,1676151191
cancel,24999,,,1676151191
newOrder,19797,0,26627,1676151200
newOrder,20242,1,26627,1676151200
newOrder,11878,0,106506,1676151200
newOrder,24999,1,106506,1676151200
cancel,11878,,,1676151792
cancel,19797,,,1676151792
cancel,20242,,,1676151792
cancel,24999,,,1676151792
newOrder,19797,0,26629,1676151799
newOrder,20242,1,26629,1676151799
newOrder,11878,0,106517,1676151799
newOrder,24999,1,106517,1676151799
cancel,11878,,,1676152393
cancel,19797,,,1676152393
cancel,20242,,,1676152393
cancel,24999,,,1676152393
newOrder,19797,0,26632,1676152406
newOrder,20242,1,26632,1676152406
newOrder,11878,0,106528,1676152406
newOrder,24999,1,106528,1676152406
cancel,11878,,,1676152992
cancel,19797,,,1676152992
cancel,20242,,,1676152992
cancel,24999,,,1676152992
newOrder,19797,0,26635,1676152999
newOrder,20242,1,26635,1676152999
newOrder,11878,0,106539,1676152999
newOrder,24999,1,106539,1676152999
cancel,11878,,,1676153593
cancel,19797,,,1676153593
cancel,20242,,,1676153593
cancel,24999,,,1676153593
newOrder,19797,0,26638,1676153605
newOrder,20242,1,26638,1676153605
newOrder,11878,0,106550,1676153605
newOrder,24999,1,106550,1676153605
cancel,11878,,,1676154193
cancel,19797,,,1676154193
cancel,20242,,,1676154193
cancel,24999,,,1676154193
newOrder,19797,0,26640,1676154201
newOrder,20242,1,26640,1676154201
newOrder,11878,0,106561,1676154201
newOrder,24999,1,106561,1676154201
cancel,11878,,,1676154793
cancel,19797,,,1676154793
cancel,20242,,,1676154793
cancel,24999,,,1676154793
newOrder,19797,0,26643,1676154799
newOrder,20242,1,26643,1676154799
newOrder,11878,0,106572,1676154799
newOrder,24999,1,106572,1676154799
cancel,11878,,,1676155392
cancel,19797,,,1676155392
cancel,20242,,,1676155392
cancel,24999,,,1676155392
newOrder,19797,0,26646,1676155399
newOrder,20242,1,26646,1676155399
newOrder,11878,0,106583,1676155399
newOrder,24999,1,106583,1676155399
cancel,11878,,,1676155992
cancel,19797,,,1676155992
cancel,20242,,,1676155992
cancel,24999,,,1676155992
newOrder,19797,0,26649,1676156000
newOrder,20242,1,26649,1676156000
newOrder,11878,0,106594,1676156000
newOrder,24999,1,106594,1676156000
cancel,11878,,,1676156592
cancel,19797,,,1676156592
cancel,20242,,,1676156592
cancel,24999,,,1676156592
newOrder,19797,0,26651,1676156599
newOrder,20242,1,26651,1676156599
newOrder,11878,0,106605,1676156599
newOrder,24999,1,106605,1676156599
cancel,11878,,,1676157192
cancel,19797,,,1676157192
cancel,20242,,,1676157192
cancel,24999,,,1676157192
newOrder,19797,0,26654,1676157201
newOrder,20242,1,26654,1676157201
newOrder,11878,0,106616,1676157201
newOrder,24999,1,106616,1676157201
cancel,11878,,,1676157793
cancel,19797,,,1676157793
cancel,20242,,,1676157793
cancel,24999,,,1676157793
newOrder,19797,0,26657,1676157800
newOrder,20242,1,26657,1676157800
newOrder,11878,0,106627,1676157800
newOrder,24999,1,106627,1676157800
cancel,11878,,,1676158392
cancel,19797,,,1676158392
cancel,20242,,,1676158392
cancel,24999,,,1676158392
newOrder,19797,0,26660,1676158402
newOrder,20242,1,26660,1676158402
newOrder,11878,0,106638,1676158402
newOrder,24999,1,106638,1676158402
cancel,11878,,,1676158992
cancel,19797,,,1676158992
cancel,20242,,,1676158992
cancel,24999,,,1676158992
newOrder,19797,0,26662,1676158999
newOrder,20242,1,26662,1676158999
newOrder,11878,0,106649,1676158999
newOrder,24999,1,106649,1676158999
cancel,11878,,,1676159594
cancel,19797,,,1676159594
cancel,20242,,,1676159594
cancel,24999,,,1676159594
newOrder,19797,0,26665,1676159600
newOrder,20242,1,26665,1676159600
newOrder,11878,0,106660,1676159600
newOrder,24999,1,106660,1676159600
cancel,11878,,,1676160192
cancel,19797,,,1676160192
cancel,20242,,,1676160192
cancel,24999,,,1676160192
newOrder,19797,0,26668,1676160198
newOrder,20242,1,26668,1676160198
newOrder,11878,0,106671,1676160198
newOrder,24999,1,106671,1676160198
cancel,11878,,,1676160794
cancel,19797,,,1676160794
cancel,20242,,,1676160794
cancel,24999,,,1676160794
newOrder,19797,0,26671,1676160801
newOrder,20242,1,26671,1676160801
newOrder,11878,0,106682,1676160801
newOrder,24999,1,106682,1676160801
cancel,11878,,,1676161392
cancel,19797,,,1676161392
cancel,20242,,,1676161392
cancel,24999,,,1676161392
newOrder,19797,0,26673,1676161399
newOrder,20242,1,26673,1676161399
newOrder,11878,0,106693,1676161399
newOrder,24999,1,106693,1676161399
cancel,11878,,,1676161993
cancel,19797,,,1676161993
cancel,20242,,,1676161993
cancel,24999,,,1676161993
newOrder,19797,0,26676,1676161999
newOrder,20242,1,26676,1676161999
newOrder,11878,0,106704,1676161999
newOrder,24999,1,106704,1676161999
cancel,11878,,,1676162593
cancel,19797,,,1676162593
cancel,20242,,,1676162593
cancel,24999,,,1676162593
newOrder,19797,0,26679,1676162601
newOrder,20242,1,26679,1676162601
newOrder,11878,0,106715,1676162601
newOrder,24999,1,106715,1676162601
cancel,11878,,,1676163193
cancel,19797,,,1676163193
cancel,20242,,,1676163193
cancel,24999,,,1676163193
newOrder,19797,0,26682,1676163203
newOrder,20242,1,26682,1676163203
newOrder,11878,0,106726,1676163203
newOrder,24999,1,106726,1676163203
cancel,11878,,,1676163792
cancel,19797,,,1676163792
cancel,20242,,,1676163792
cancel,24999,,,1676163792
newOrder,19797,0,26684,1676163798
newOrder,20242,1,26684,1676163798
newOrder,11878,0,106737,1676163798
newOrder,24999,1,106737,1676163798
cancel,11878,,,1676164392
cancel,19797,,,1676164392
cancel,20242,,,1676164392
cancel,24999,,,1676164392
newOrder,19797,0,26687,1676164436
newOrder,20242,1,26687,1676164436
newOrder,11878,0,106749,1676164436
newOrder,24999,1,106749,1676164436
cancel,11878,,,1676164992
cancel,19797,,,1676164992
cancel,20242,,,1676164992
cancel,24999,,,1676164992
newOrder,19797,0,26690,1676164999
newOrder,20242,1,26690,1676164999
newOrder,11878,0,106759,1676164999
newOrder,24999,1,106759,1676164999
cancel,11878,,,1676165592
cancel,19797,,,1676165592
cancel,20242,,,1676165592
cancel,24999,,,1676165592
newOrder,19797,0,26693,1676165602
newOrder,20242,1,26693,1676165602
newOrder,11878,0,106771,1676165602
newOrder,24999,1,106771,1676165602
cancel,11878,,,1676166193
cancel,19797,,,1676166193
cancel,20242,,,1676166193
cancel,24999,,,1676166193
newOrder,19797,0,26695,1676166200
newOrder,20242,1,26695,1676166200
newOrder,11878,0,106781,1676166200
newOrder,24999,1,106781,1676166200
cancel,11878,,,1676166793
cancel,19797,,,1676166793
cancel,20242,,,1676166793
cancel,24999,,,1676166793
newOrder,19797,0,26698,1676166800
newOrder,20242,1,26698,1676166800
newOrder,11878,0,106793,1676166800
newOrder,24999,1,106793,1676166800
cancel,11878,,,1676167394
cancel,19797,,,1676167394
cancel,20242,,,1676167394
cancel,24999,,,1676167394
newOrder,19797,0,26701,1676167400
newOrder,20242,1,26701,1676167400
newOrder,11878,0,106804,1676167400
newOrder,24999,1,106804,1676167400
cancel,11878,,,1676167993
cancel,19797,,,1676167993
cancel,20242,,,1676167993
cancel,24999,,,1676167993
newOrder,19797,0,26704,1676167999
newOrder,20242,1,26704,1676167999
newOrder,11878,0,106815,1676167999
newOrder,24999,1,106815,1676167999
cancel,11878,,,1676168592
cancel,19797,,,1676168592
cancel,20242,,,1676168592
cancel,24999,,,1676168592
newOrder,19797,0,26706,1676168599
newOrder,20242,1,26706,1676168599
newOrder,11878,0,106826,1676168599
newOrder,24999,1,106826,1676168599
cancel,11878,,,1676169192
cancel,19797,,,1676169192
cancel,20242,,,1676169192
cancel,24999,,,1676169192
newOrder,19797,0,26709,1676169200
newOrder,20242,1,26709,1676169200
newOrder,11878,0,106837,1676169200
newOrder,24999,1,106837,1676169200
cancel,11878,,,1676169792
cancel,19797,,,1676169792
cancel,20242,,,1676169792
cancel,24999,,,1676169792
newOrder,19797,0,26712,1676169802
newOrder,20242,1,26712,1676169802
newOrder,11878,0,106848,1676169802
newOrder,24999,1,106848,1676169802
cancel,11878,,,1676170392
cancel,19797,,,1676170392
cancel,20242,,,1676170392
cancel,24999,,,1676170392
newOrder,19797,0,26715,1676170399
newOrder,20242,1,26715,1676170399
newOrder,11878,0,106859,1676170399
newOrder,24999,1,106859,1676170399
cancel,11878,,,1676170992
cancel,19797,,,1676170992
cancel,20242,,,1676170992
cancel,24999,,,1676170992
newOrder,19797,0,26717,1676170999
newOrder,20242,1,26717,1676170999
newOrder,11878,0,106870,1676170999
newOrder,24999,1,106870,1676170999
cancel,11878,,,1676171593
cancel,19797,,,1676171593
cancel,20242,,,1676171593
cancel,24999,,,1676171593
newOrder,19797,0,26720,1676171599
newOrder,20242,1,26720,1676171599
newOrder,11878,0,106881,1676171599
newOrder,24999,1,106881,1676171599
cancel,11878,,,1676172193
cancel,19797,,,1676172193
cancel,20242,,,1676172193
cancel,24999,,,1676172193
newOrder,19797,0,26723,1676172199
newOrder,20242,1,26723,1676172199
newOrder,11878,0,106892,1676172199
newOrder,24999,1,106892,1676172199
cancel,11878,,,1676172793
cancel,19797,,,1676172793
cancel,20242,,,1676172793
cancel,24999,,,1676172793
newOrder,19797,0,26726,1676172799
newOrder,20242,1,26726,1676172799
newOrder,11878,0,106903,1676172799
newOrder,24999,1,106903,1676172799
cancel,11878,,,1676173393
cancel,19797,,,1676173393
cancel,20242,,,1676173393
cancel,24999,,,1676173393
newOrder,19797,0,26729,1676173402
newOrder,20242,1,26729,1676173402
newOrder,11878,0,106914,1676173402
newOrder,24999,1,106914,1676173402
cancel,11878,,,1676173992
cancel,19797,,,1676173992
cancel,20242,,,1676173992
cancel,24999,,,1676173992
newOrder,19797,0,26731,1676173999
newOrder,20242,1,26731,1676173999
newOrder,11878,0,106925,1676173999
newOrder,24999,1,106925,1676173999
cancel,11878,,,1676174593
cancel,19797,,,1676174593
cancel,20242,,,1676174593
cancel,24999,,,1676174593
newOrder,19797,0,26734,1676174601
newOrder,20242,1,26734,1676174601
newOrder,11878,0,106936,1676174601
newOrder,24999,1,106936,1676174601
cancel,11878,,,1676175195
cancel,19797,,,1676175195
cancel,20242,,,1676175195
cancel,24999,,,1676175195
newOrder,19797,0,26737,1676175203
newOrder,20242,1,26737,1676175203
newOrder,11878,0,106948,1676175203
newOrder,24999,1,106948,1676175203
cancel,11878,,,1676175793
cancel,19797,,,1676175793
cancel,20242,,,1676175793
cancel,24999,,,1676175793
newOrder,19797,0,26740,1676175799
newOrder,20242,1,26740,1676175799
newOrder,11878,0,106959,1676175799
newOrder,24999,1,106959,1676175799
cancel,11878,,,1676176392
cancel,19797,,,1676176392
cancel,20242,,,1676176392
cancel,24999,,,1676176392
newOrder,19797,0,26742,1676176401
newOrder,20242,1,26742,1676176401
newOrder,11878,0,106970,1676176401
newOrder,24999,1,106970,1676176401
cancel,11878,,,1676176992
cancel,19797,,,1676176992
cancel,20242,,,1676176992
cancel,24999,,,1676176992
newOrder,19797,0,26745,1676177000
newOrder,20242,1,26745,1676177000
newOrder,11878,0,106981,1676177000
newOrder,24999,1,106981,1676177000
cancel,11878,,,1676177593
cancel,19797,,,1676177593
cancel,20242,,,1676177593
cancel,24999,,,1676177593
newOrder,19797,0,26748,1676177600
newOrder,20242,1,26748,1676177600
newOrder,11878,0,106992,1676177600
newOrder,24999,1,106992,1676177600
cancel,11878,,,1676178194
cancel,19797,,,1676178194
cancel,20242,,,1676178194
cancel,24999,,,1676178194
newOrder,19797,0,26751,1676178201
newOrder,20242,1,26751,1676178201
newOrder,11878,0,107003,1676178201
newOrder,24999,1,107003,1676178201
cancel,11878,,,1676178793
cancel,19797,,,1676178793
cancel,20242,,,1676178793
cancel,24999,,,1676178793
newOrder,19797,0,26754,1676178801
newOrder,20242,1,26754,1676178801
newOrder,11878,0,107014,1676178801
newOrder,24999,1,107014,1676178801
cancel,11878,,,1676179393
cancel,19797,,,1676179393
cancel,20242,,,1676179393
cancel,24999,,,1676179393
newOrder,19797,0,26756,1676179400
newOrder,20242,1,26756,1676179400
newOrder,11878,0,107025,1676179400
newOrder,24999,1,107025,1676179400
cancel,11878,,,1676179992
cancel,19797,,,1676179992
cancel,20242,,,1676179992
cancel,24999,,,1676179992
newOrder,19797,0,26759,1676180000
newOrder,20242,1,26759,1676180000
newOrder,11878,0,107036,1676180000
newOrder,24999,1,107036,1676180000
cancel,11878,,,1676180593
cancel,19797,,,1676180593
cancel,20242,,,1676180593
cancel,24999,,,1676180593
newOrder,19797,0,26762,1676180599
newOrder,20242,1,26762,1676180599
newOrder,11878,0,107047,1676180599
newOrder,24999,1,107047,1676180599
cancel,11878,,,1676181194
cancel,19797,,,1676181194
cancel,20242,,,1676181194
cancel,24999,,,1676181194
newOrder,19797,0,26765,1676181203
newOrder,20242,1,26765,1676181203
newOrder,11878,0,107059,1676181203
newOrder,24999,1,107059,1676181203
cancel,11878,,,1676181793
cancel,19797,,,1676181793
cancel,20242,,,1676181793
cancel,24999,,,1676181793
newOrder,19797,0,26767,1676181799
newOrder,20242,1,26767,1676181799
newOrder,11878,0,107070,1676181799
newOrder,24999,1,107070,1676181799
cancel,11878,,,1676182392
cancel,19797,,,1676182392
cancel,20242,,,1676182392
cancel,24999,,,1676182392
newOrder,19797,0,26770,1676182400
newOrder,20242,1,26770,1676182400
newOrder,11878,0,107081,1676182400
newOrder,24999,1,107081,1676182400
cancel,11878,,,1676182993
cancel,19797,,,1676182993
cancel,20242,,,1676182993
cancel,24999,,,1676182993
newOrder,19797,0,26773,1676183000
newOrder,20242,1,26773,1676183000
newOrder,11878,0,107092,1676183000
newOrder,24999,1,107092,1676183000
cancel,11878,,,1676183592
cancel,19797,,,1676183592
cancel,20242,,,1676183592
cancel,24999,,,1676183592
newOrder,19797,0,26776,1676183598
newOrder,20242,1,26776,1676183598
newOrder,11878,0,107103,1676183598
newOrder,24999,1,107103,1676183598
cancel,11878,,,1676184193
cancel,19797,,,1676184193
cancel,20242,,,1676184193
cancel,24999,,,1676184193
newOrder,19797,0,26779,1676184200
newOrder,20242,1,26779,1676184200
newOrder,11878,0,107114,1676184200
newOrder,24999,1,107114,1676184200
cancel,11878,,,1676184793
cancel,19797,,,1676184793
cancel,20242,,,1676184793
cancel,24999,,,1676184793
newOrder,19797,0,26781,1676184800
newOrder,20242,1,26781,1676184800
newOrder,11878,0,107125,1676184800
newOrder,24999,1,107125,1676184800
cancel,11878,,,1676185393
cancel,19797,,,1676185393
cancel,20242,,,1676185393
cancel,24999,,,1676185393
newOrder,19797,0,26784,1676185401
newOrder,20242,1,26784,1676185401
newOrder,11878,0,107137,1676185401
newOrder,24999,1,107137,1676185401
cancel,11878,,,1676185993
cancel,19797,,,1676185993
cancel,20242,,,1676185993
cancel,24999,,,1676185993
newOrder,19797,0,26787,1676186001
newOrder,20242,1,26787,1676186001
newOrder,11878,0,107148,1676186001
newOrder,24999,1,107148,1676186001
cancel,11878,,,1676186593
cancel,19797,,,1676186593
cancel,20242,,,1676186593
cancel,24999,,,1676186593
newOrder,19797,0,26790,1676186601
newOrder,20242,1,26790,1676186601
newOrder,11878,0,107159,1676186601
newOrder,24999,1,107159,1676186601
cancel,11878,,,1676187193
cancel,19797,,,1676187193
cancel,20242,,,1676187193
cancel,24999,,,1676187193
newOrder,19797,0,26793,1676187200
newOrder,20242,1,26793,1676187200
newOrder,11878,0,107170,1676187200
newOrder,24999,1,107170,1676187200
cancel,11878,,,1676187793
cancel,19797,,,1676187793
cancel,20242,,,1676187793
cancel,24999,,,1676187793
newOrder,19797,0,26795,1676187800
newOrder,20242,1,26795,1676187800
newOrder,11878,0,107181,1676187800
newOrder,24999,1,107181,1676187800
cancel,11878,,,1676188393
cancel,19797,,,1676188393
cancel,20242,,,1676188393
cancel,24999,,,1676188393
newOrder,19797,0,26798,1676188400
newOrder,20242,1,26798,1676188400
newOrder,11878,0,107192,1676188400
newOrder,24999,1,107192,1676188400
cancel,11878,,,1676188993
cancel,19797,,,1676188993
cancel,20242,,,1676188993
cancel,24999,,,1676188993
newOrder,19797,0,26801,1676189000
newOrder,20242,1,26801,1676189000
newOrder,11878,0,107204,1676189000
newOrder,24999,1,107204,1676189000
cancel,11878,,,1676189593
cancel,19797,,,1676189593
cancel,20242,,,1676189593
cancel,24999,,,1676189593
newOrder,19797,0,26804,1676189599
newOrder,20242,1,26804,1676189599
newOrder,11878,0,107215,1676189599
newOrder,24999,1,107215,1676189599
cancel,11878,,,1676190192
cancel,19797,,,1676190192
cancel,20242,,,1676190192
cancel,24999,,,1676190192
newOrder,19797,0,26806,1676190198
newOrder,20242,1,26806,1676190198
newOrder,11878,0,107226,1676190198
newOrder,24999,1,107226,1676190198
cancel,11878,,,1676190793
cancel,19797,,,1676190793
cancel,20242,,,1676190793
cancel,24999,,,1676190793
newOrder,19797,0,26809,1676190800
newOrder,20242,1,26809,1676190800
newOrder,11878,0,107237,1676190800
newOrder,24999,1,107237,1676190800
cancel,11878,,,1676191392
cancel,19797,,,1676191392
cancel,20242,,,1676191392
cancel,24999,,,1676191392
newOrder,19764,0,26981,1676191401
newOrder,20203,1,26981,1676191401
newOrder,11859,0,107926,1676191401
newOrder,24999,1,107926,1676191401
cancel,11859,,,1676191993
cancel,19764,,,1676191993
cancel,20203,,,1676191993
cancel,24999,,,1676191993
newOrder,19764,0,26984,1676192000
newOrder,20203,1,26984,1676192000
newOrder,11859,0,107937,1676192000
newOrder,24999,1,107937,1676192000
cancel,11859,,,1676192593
cancel,19764,,,1676192593
cancel,20203,,,1676192593
cancel,24999,,,1676192593
newOrder,19764,0,26987,1676192599
newOrder,20203,1,26987,1676192599
newOrder,11859,0,107949,1676192599
newOrder,24999,1,107949,1676192599
cancel,11859,,,1676193193
cancel,19764,,,1676193193
cancel,20203,,,1676193193
cancel,24999,,,1676193193
newOrder,19764,0,26990,1676193200
newOrder,20203,1,26990,1676193200
newOrder,11859,0,107960,1676193200
newOrder,24999,1,107960,1676193200
cancel,11859,,,1676193792
cancel,19764,,,1676193792
cancel,20203,,,1676193792
cancel,24999,,,1676193792
newOrder,19764,0,26993,1676193800
newOrder,20203,1,26993,1676193800
newOrder,11859,0,107972,1676193800
newOrder,24999,1,107972,1676193800
cancel,11859,,,1676194392
cancel,19764,,,1676194392
cancel,20203,,,1676194392
cancel,24999,,,1676194392
newOrder,19764,0,26996,1676194399
newOrder,20203,1,26996,1676194399
newOrder,11859,0,107983,1676194399
newOrder,24999,1,107983,1676194399
cancel,11859,,,1676194993
cancel,19764,,,1676194993
cancel,20203,,,1676194993
cancel,24999,,,1676194993
newOrder,19764,0,27002,1676195597
newOrder,20203,1,27002,1676195597
newOrder,11859,0,108006,1676195597
newOrder,24999,1,108006,1676195597
cancel,11859,,,1676196193
cancel,19764,,,1676196193
cancel,20203,,,1676196193
cancel,24999,,,1676196193
newOrder,19764,0,27004,1676196200
newOrder,20203,1,27004,1676196200
newOrder,11859,0,108018,1676196200
newOrder,24999,1,108018,1676196200
cancel,11859,,,1676196793
cancel,19764,,,1676196793
cancel,20203,,,1676196793
cancel,24999,,,1676196793
newOrder,19764,0,27007,1676196799
newOrder,20203,1,27007,1676196799
newOrder,11859,0,108029,1676196799
newOrder,24999,1,108029,1676196799
cancel,11859,,,1676197170
cancel,19764,,,1676197170
cancel,20203,,,1676197170
cancel,24999,,,1676197170
newOrder,19777,0,26440,1676197176
newOrder,20428,1,26440,1676197176
newOrder,11866,0,105761,1676197176
newOrder,24999,1,105761,1676197176
cancel,11866,,,1676197392
cancel,19777,,,1676197392
cancel,20428,,,1676197392
cancel,24999,,,1676197392
newOrder,19764,0,27010,1676197400
newOrder,20203,1,27010,1676197400
newOrder,11859,0,108041,1676197400
newOrder,24999,1,108041,1676197400
cancel,11859,,,1676197993
cancel,19764,,,1676197993
cancel,20203,,,1676197993
cancel,24999,,,1676197993
newOrder,19764,0,27013,1676197999
newOrder,20203,1,27013,1676197999
newOrder,11859,0,108052,1676197999
newOrder,24999,1,108052,1676197999
cancel,11859,,,1676198593
cancel,19764,,,1676198593
cancel,20203,,,1676198593
cancel,24999,,,1676198593
newOrder,19764,0,27016,1676198599
newOrder,20203,1,27016,1676198599
newOrder,11859,0,108064,1676198599
newOrder,24999,1,108064,1676198599
cancel,11859,,,1676199192
cancel,19764,,,1676199192
cancel,20203,,,1676199192
cancel,24999,,,1676199192
newOrder,19764,0,27019,1676199200
newOrder,20203,1,27019,1676199200
newOrder,11859,0,108075,1676199200
newOrder,24999,1,108075,1676199200
cancel,11859,,,1676199793
cancel,19764,,,1676199793
cancel,20203,,,1676199793
cancel,24999,,,1676199793
newOrder,19764,0,27022,1676199799
newOrder,20203,1,27022,1676199799
newOrder,11859,0,108087,1676199799
newOrder,24999,1,108087,1676199799
cancel,11859,,,1676200393
cancel,19764,,,1676200393
cancel,20203,,,1676200393
cancel,24999,,,1676200393
newOrder,19764,0,27025,1676200399
newOrder,20203,1,27025,1676200399
newOrder,11859,0,108098,1676200399
newOrder,24999,1,108098,1676200399
cancel,11859,,,1676200993
cancel,19764,,,1676200993
cancel,20203,,,1676200993
cancel,24999,,,1676200993
newOrder,19764,0,27027,1676200999
newOrder,20203,1,27027,1676200999
newOrder,11859,0,108110,1676200999
newOrder,24999,1,108110,1676200999
cancel,11859,,,1676201593
cancel,19764,,,1676201593
cancel,20203,,,1676201593
cancel,24999,,,1676201593
newOrder,19764,0,27030,1676201601
newOrder,20203,1,27030,1676201601
newOrder,11859,0,108121,1676201601
newOrder,24999,1,108121,1676201601
cancel,11859,,,1676202192
cancel,19764,,,1676202192
cancel,20203,,,1676202192
cancel,24999,,,1676202192
newOrder,19614,0,27380,1676202200
newOrder,20203,1,27380,1676202200
newOrder,11768,0,109520,1676202200
newOrder,24999,1,109520,1676202200
cancel,11768,,,1676202792
cancel,19614,,,1676202792
cancel,20203,,,1676202792
cancel,24999,,,1676202792
newOrder,19797,0,26954,1676202800
newOrder,20204,1,26954,1676202800
newOrder,11878,0,107814,1676202800
newOrder,24999,1,107814,1676202800
cancel,11878,,,1676203393
cancel,19797,,,1676203393
cancel,20204,,,1676203393
cancel,24999,,,1676203393
newOrder,19797,0,26956,1676203399
newOrder,20204,1,26956,1676203399
newOrder,11878,0,107826,1676203399
newOrder,24999,1,107826,1676203399