instruction,price,side,qty,time
cancel,13006,,,1680009345
cancel,19916,,,1680009345
cancel,20915,,,1680009345
cancel,24999,,,1680009345
newOrder,19916,0,25413,1680009371
newOrder,20915,1,25413,1680009371
newOrder,11950,0,41679,1680009371
newOrder,24999,1,41679,1680009371
cancel,11950,,,1680009944
cancel,19916,,,1680009944
cancel,20915,,,1680009944
cancel,24999,,,1680009944
newOrder,19916,0,25428,1680009971
newOrder,20915,1,25428,1680009971
newOrder,11950,0,93447,1680009971
newOrder,24999,1,93447,1680009971
cancel,11950,,,1680010545
cancel,19916,,,1680010545
cancel,20915,,,1680010545
cancel,24999,,,1680010545
newOrder,19916,0,25443,1680010571
newOrder,20915,1,25443,1680010571
newOrder,11950,0,90750,1680010571
newOrder,24999,1,90750,1680010571
cancel,11950,,,1680011145
cancel,19916,,,1680011145
cancel,20915,,,1680011145
cancel,24999,,,1680011145
newOrder,19916,0,25458,1680011172
newOrder,20915,1,25458,1680011172
newOrder,11950,0,113957,1680011172
newOrder,24999,1,113957,1680011172
cancel,11950,,,1680011745
cancel,19916,,,1680011745
cancel,20915,,,1680011745
cancel,24999,,,1680011745
newOrder,19916,0,27882,1680011772
newOrder,20522,1,27882,1680011772
newOrder,13006,0,20764,1680011772
newOrder,22584,1,20764,1680011772
cancel,13006,,,1680012345
cancel,19916,,,1680012345
cancel,20522,,,1680012345
cancel,22584,,,1680012345
newOrder,19916,0,27739,1680012374
newOrder,20555,1,27739,1680012374
newOrder,11950,0,137004,1680012374
newOrder,24999,1,137004,1680012374
cancel,11950,,,1680012945
cancel,19916,,,1680012945
cancel,20555,,,1680012945
cancel,24999,,,1680012945
newOrder,19916,0,27802,1680012971
newOrder,20546,1,27802,1680012971
newOrder,13006,0,17530,1680012971
newOrder,22584,1,17530,1680012971
cancel,13006,,,1680013545
cancel,19916,,,1680013545
cancel,20546,,,1680013545
cancel,22584,,,1680013545
newOrder,19916,0,27827,1680013575
newOrder,20545,1,27827,1680013575
newOrder,11950,0,132143,1680013575
newOrder,24999,1,132143,1680013575
cancel,11950,,,1680014145
cancel,19916,,,1680014145
cancel,20545,,,1680014145
cancel,24999,,,1680014145
newOrder,19916,0,27850,1680014172
newOrder,20544,1,27850,1680014172
newOrder,11950,0,115525,1680014172
newOrder,24999,1,115525,1680014172
cancel,11950,,,1680014745
cancel,19916,,,1680014745
cancel,20544,,,1680014745
cancel,24999,,,1680014745
newOrder,19916,0,27874,1680014772
newOrder,20544,1,27874,1680014772
newOrder,11950,0,64823,1680014772
newOrder,24999,1,64823,1680014772
cancel,11950,,,1680015346
cancel,19916,,,1680015346
cancel,20544,,,1680015346
cancel,24999,,,1680015346
newOrder,19916,0,27893,1680015387
newOrder,20544,1,27893,1680015387
newOrder,11950,0,90466,1680015387
newOrder,24999,1,90466,1680015387
cancel,11950,,,1680015944
cancel,19916,,,1680015944
cancel,20544,,,1680015944
cancel,24999,,,1680015944
newOrder,19916,0,27918,1680015974
newOrder,20543,1,27918,1680015974
newOrder,13006,0,37867,1680015974
newOrder,24999,1,37867,1680015974
cancel,13006,,,1680016545
cancel,19916,,,1680016545
cancel,20543,,,1680016545
cancel,24999,,,1680016545
newOrder,19916,0,27931,1680016572
newOrder,20545,1,27931,1680016572
newOrder,13006,0,20913,1680016572
newOrder,22584,1,20913,1680016572
cancel,13006,,,1680017144
cancel,19916,,,1680017144
cancel,20545,,,1680017144
cancel,22584,,,1680017144
newOrder,19916,0,27936,1680017170
newOrder,20547,1,27936,1680017170
newOrder,13006,0,27791,1680017170
newOrder,22584,1,27791,1680017170
cancel,13006,,,1680017747
cancel,19916,,,1680017747
cancel,20547,,,1680017747
cancel,22584,,,1680017747
newOrder,19916,0,27967,1680017779
newOrder,20546,1,27967,1680017779
newOrder,11950,0,99237,1680017779
newOrder,24999,1,99237,1680017779
cancel,11950,,,1680018345
cancel,19916,,,1680018345
cancel,20546,,,1680018345
cancel,24999,,,1680018345
newOrder,19797,0,29542,1680018374
newOrder,20084,1,29542,1680018374
newOrder,13006,0,27071,1680018374
newOrder,22584,1,27071,1680018374
cancel,13006,,,1680018946
cancel,19797,,,1680018946
cancel,20084,,,1680018946
cancel,22584,,,1680018946
newOrder,19797,0,29565,1680018973
newOrder,20084,1,29565,1680018973
newOrder,13006,0,36224,1680018973
newOrder,24999,1,36224,1680018973
cancel,13006,,,1680019546
cancel,19797,,,1680019546
cancel,20084,,,1680019546
cancel,24999,,,1680019546
newOrder,19797,0,29589,1680019573
newOrder,20084,1,29589,1680019573
newOrder,11878,0,113628,1680019573
newOrder,24999,1,113628,1680019573
cancel,11878,,,1680020145
cancel,19797,,,1680020145
cancel,20084,,,1680020145
cancel,24999,,,1680020145
newOrder,19797,0,29612,1680020172
newOrder,20084,1,29612,1680020172
newOrder,11878,0,71874,1680020172
newOrder,24999,1,71874,1680020172
cancel,11878,,,1680020745
cancel,19797,,,1680020745
cancel,20084,,,1680020745
cancel,24999,,,1680020745
newOrder,19797,0,29635,1680020771
newOrder,20084,1,29635,1680020771
newOrder,11878,0,157729,1680020771
newOrder,24999,1,157729,1680020771
cancel,11878,,,1680021345
cancel,19797,,,1680021345
cancel,20084,,,1680021345
cancel,24999,,,1680021345
newOrder,19797,0,29659,1680021371
newOrder,20084,1,29659,1680021371
newOrder,13006,0,18037,1680021371
newOrder,22584,1,18037,1680021371
cancel,13006,,,1680021944
cancel,19797,,,1680021944
cancel,20084,,,1680021944
cancel,22584,,,1680021944
newOrder,19797,0,29683,1680021973
newOrder,20084,1,29683,1680021973
newOrder,11878,0,82835,1680021973
newOrder,24999,1,82835,1680021973
cancel,11878,,,1680022545
cancel,19797,,,1680022545
cancel,20084,,,1680022545
cancel,24999,,,1680022545
newOrder,19797,0,29706,1680022578
newOrder,20084,1,29706,1680022578
newOrder,11878,0,80616,1680022578
newOrder,24999,1,80616,1680022578
cancel,11878,,,1680023145
cancel,19797,,,1680023145
cancel,20084,,,1680023145
cancel,24999,,,1680023145
newOrder,19797,0,29730,1680023171
newOrder,20084,1,29730,1680023171
newOrder,11878,0,104178,1680023171
newOrder,24999,1,104178,1680023171
cancel,11878,,,1680023745
cancel,19797,,,1680023745
cancel,20084,,,1680023745
cancel,24999,,,1680023745
newOrder,19797,0,29754,1680023774
newOrder,20084,1,29754,1680023774
newOrder,13006,0,28226,1680023774
newOrder,22584,1,28226,1680023774
cancel,13006,,,1680024345
cancel,19797,,,1680024345
cancel,20084,,,1680024345
cancel,22584,,,1680024345
newOrder,19825,0,29774,1680024374
newOrder,20084,1,29774,1680024374
newOrder,13006,0,32339,1680024374
newOrder,24999,1,32339,1680024374
cancel,13006,,,1680024945
cancel,19825,,,1680024945
cancel,20084,,,1680024945
cancel,24999,,,1680024945
newOrder,19825,0,29798,1680024971
newOrder,20084,1,29798,1680024971
newOrder,11895,0,73292,1680024971
newOrder,24999,1,73292,1680024971
cancel,11895,,,1680025545
cancel,19825,,,1680025545
cancel,20084,,,1680025545
cancel,24999,,,1680025545
newOrder,19825,0,29822,1680025571
newOrder,20084,1,29822,1680025571
newOrder,11895,0,98784,1680025571
newOrder,24999,1,98784,1680025571
cancel,11895,,,1680026144
cancel,19825,,,1680026144
cancel,20084,,,1680026144
cancel,24999,,,1680026144
newOrder,19826,0,29846,1680026171
newOrder,20084,1,29846,1680026171
newOrder,11896,0,72106,1680026171
newOrder,24999,1,72106,1680026171
cancel,11896,,,1680026745
cancel,19826,,,1680026745
cancel,20084,,,1680026745
cancel,24999,,,1680026745
newOrder,19826,0,29870,1680026770
newOrder,20084,1,29870,1680026770
newOrder,13006,0,28953,1680026770
newOrder,22584,1,28953,1680026770
cancel,13006,,,1680027345
cancel,19826,,,1680027345
cancel,20084,,,1680027345
cancel,22584,,,1680027345
newOrder,19826,0,29894,1680027371
newOrder,20084,1,29894,1680027371
newOrder,11896,0,94666,1680027371
newOrder,24999,1,94666,1680027371
cancel,11896,,,1680027944
cancel,19826,,,1680027944
cancel,20084,,,1680027944
cancel,24999,,,1680027944
newOrder,19826,0,29918,1680027972
newOrder,20084,1,29918,1680027972
newOrder,11896,0,117922,1680027972
newOrder,24999,1,117922,1680027972
cancel,11896,,,1680028545
cancel,19826,,,1680028545
cancel,20084,,,1680028545
cancel,24999,,,1680028545
newOrder,19826,0,29943,1680028573
newOrder,20084,1,29943,1680028573
newOrder,11896,0,140015,1680028573
newOrder,24999,1,140015,1680028573
cancel,11896,,,1680029145
cancel,19826,,,1680029145
cancel,20084,,,1680029145
cancel,24999,,,1680029145
newOrder,19826,0,29967,1680029173
newOrder,20084,1,29967,1680029173
newOrder,11896,0,85195,1680029173
newOrder,24999,1,85195,1680029173
cancel,11896,,,1680029745
cancel,19826,,,1680029745
cancel,20084,,,1680029745
cancel,24999,,,1680029745
newOrder,19818,0,29993,1680029772
newOrder,20084,1,29993,1680029772
newOrder,11891,0,102566,1680029772
newOrder,24999,1,102566,1680029772
cancel,11891,,,1680030346
cancel,19818,,,1680030346
cancel,20084,,,1680030346
cancel,24999,,,1680030346
newOrder,19818,0,30018,1680030381
newOrder,20084,1,30018,1680030381
newOrder,11891,0,66205,1680030381
newOrder,24999,1,66205,1680030381
cancel,11891,,,1680030946
cancel,19818,,,1680030946
cancel,20084,,,1680030946
cancel,24999,,,1680030946
newOrder,19818,0,30043,1680030973
newOrder,20084,1,30043,1680030973
newOrder,13006,0,34697,1680030973
newOrder,24999,1,34697,1680030973
cancel,13006,,,1680031545
cancel,19818,,,1680031545
cancel,20084,,,1680031545
cancel,24999,,,1680031545
newOrder,19818,0,30067,1680031572
newOrder,20084,1,30067,1680031572
newOrder,11891,0,113139,1680031572
newOrder,24999,1,113139,1680031572
cancel,11891,,,1680032145
cancel,19818,,,1680032145
cancel,20084,,,1680032145
cancel,24999,,,1680032145
newOrder,19818,0,30092,1680032171
newOrder,20084,1,30092,1680032171
newOrder,11891,0,73961,1680032171
newOrder,24999,1,73961,1680032171
cancel,11891,,,1680032745
cancel,19818,,,1680032745
cancel,20084,,,1680032745
cancel,24999,,,1680032745
newOrder,19818,0,30117,1680032773
newOrder,20084,1,30117,1680032773
newOrder,11891,0,145894,1680032773
newOrder,24999,1,145894,1680032773
cancel,11891,,,1680033345
cancel,19818,,,1680033345
cancel,20084,,,1680033345
cancel,24999,,,1680033345
newOrder,19818,0,30142,1680033374
newOrder,20084,1,30142,1680033374
newOrder,11891,0,65589,1680033374
newOrder,24999,1,65589,1680033374
cancel,11891,,,1680033944
cancel,19818,,,1680033944
cancel,20084,,,1680033944
cancel,24999,,,1680033944
newOrder,19818,0,30167,1680033971
newOrder,20084,1,30167,1680033971
newOrder,11891,0,144640,1680033971
newOrder,24999,1,144640,1680033971
cancel,11891,,,1680034544
cancel,19818,,,1680034544
cancel,20084,,,1680034544
cancel,24999,,,1680034544
newOrder,19818,0,30192,1680034574
newOrder,20084,1,30192,1680034574
newOrder,11891,0,68415,1680034574
newOrder,24999,1,68415,1680034574
cancel,11891,,,1680035145
cancel,19818,,,1680035145
cancel,20084,,,1680035145
cancel,24999,,,1680035145
newOrder,19818,0,30217,1680035174
newOrder,20084,1,30217,1680035174
newOrder,11891,0,120896,1680035174
newOrder,24999,1,120896,1680035174
cancel,11891,,,1680035745
cancel,19818,,,1680035745
cancel,20084,,,1680035745
cancel,24999,,,1680035745
newOrder,19915,0,30177,1680035772
newOrder,20084,1,30177,1680035772
newOrder,11949,0,123827,1680035772
newOrder,24999,1,123827,1680035772
cancel,11949,,,1680036345
cancel,19915,,,1680036345
cancel,20084,,,1680036345
cancel,24999,,,1680036345
newOrder,19915,0,30202,1680036371
newOrder,20084,1,30202,1680036371
newOrder,13006,0,21331,1680036371
newOrder,22584,1,21331,1680036371
cancel,13006,,,1680036944
cancel,19915,,,1680036944
cancel,20084,,,1680036944
cancel,22584,,,1680036944
newOrder,19915,0,30227,1680036971
newOrder,20084,1,30227,1680036971
newOrder,13006,0,33969,1680036971
newOrder,24999,1,33969,1680036971
cancel,13006,,,1680037546
cancel,19915,,,1680037546
cancel,20084,,,1680037546
cancel,24999,,,1680037546
newOrder,19915,0,30253,1680037573
newOrder,20084,1,30253,1680037573
newOrder,13006,0,35321,1680037573
newOrder,24999,1,35321,1680037573
cancel,13006,,,1680038145
cancel,19915,,,1680038145
cancel,20084,,,1680038145
cancel,24999,,,1680038145
newOrder,19915,0,30278,1680038171
newOrder,20084,1,30278,1680038171
newOrder,11949,0,106611,1680038171
newOrder,24999,1,106611,1680038171
cancel,11949,,,1680038745
cancel,19915,,,1680038745
cancel,20084,,,1680038745
cancel,24999,,,1680038745
newOrder,19915,0,30304,1680038773
newOrder,20084,1,30304,1680038773
newOrder,11949,0,55180,1680038773
newOrder,24999,1,55180,1680038773
cancel,11949,,,1680039344
cancel,19915,,,1680039344
cancel,20084,,,1680039344
cancel,24999,,,1680039344
newOrder,19915,0,30329,1680039371
newOrder,20084,1,30329,1680039371
newOrder,11949,0,93202,1680039371
newOrder,24999,1,93202,1680039371
cancel,11949,,,1680039945
cancel,19915,,,1680039945
cancel,20084,,,1680039945
cancel,24999,,,1680039945
newOrder,19915,0,30355,1680039971
newOrder,20084,1,30355,1680039971
newOrder,13006,0,22738,1680039971
newOrder,22584,1,22738,1680039971
cancel,13006,,,1680040545
cancel,19915,,,1680040545
cancel,20084,,,1680040545
cancel,22584,,,1680040545
newOrder,19915,0,30381,1680040570
newOrder,20084,1,30381,1680040570
newOrder,11949,0,75827,1680040570
newOrder,24999,1,75827,1680040570
cancel,11949,,,1680041144
cancel,19915,,,1680041144
cancel,20084,,,1680041144
cancel,24999,,,1680041144
newOrder,19915,0,30407,1680041171
newOrder,20084,1,30407,1680041171
newOrder,11949,0,85624,1680041171
newOrder,24999,1,85624,1680041171
cancel,11949,,,1680041744
cancel,19915,,,1680041744
cancel,20084,,,1680041744
cancel,24999,,,1680041744
newOrder,19915,0,30433,1680041771
newOrder,20084,1,30433,1680041771
newOrder,11949,0,123667,1680041771
newOrder,24999,1,123667,1680041771
cancel,11949,,,1680042345
cancel,19915,,,1680042345
cancel,20084,,,1680042345
cancel,24999,,,1680042345
newOrder,19782,0,30522,1680042371
newOrder,20084,1,30522,1680042371
newOrder,11869,0,128798,1680042371
newOrder,24999,1,128798,1680042371
newOrder,19781,0,30626,1680044772
newOrder,20084,1,30626,1680044772
newOrder,11869,0,100867,1680044772
newOrder,24999,1,100867,1680044772
cancel,11869,,,1680045346
cancel,19781,,,1680045346
cancel,20084,,,1680045346
cancel,24999,,,1680045346
newOrder,19781,0,30652,1680045372
newOrder,20084,1,30652,1680045372
newOrder,11868,0,152622,1680045372
newOrder,24999,1,152622,1680045372
cancel,11868,,,1680045945
cancel,19781,,,1680045945
cancel,20084,,,1680045945
cancel,24999,,,1680045945
newOrder,19780,0,30679,1680045972
newOrder,20084,1,30679,1680045972
newOrder,13006,0,23955,1680045972
newOrder,22584,1,23955,1680045972
cancel,13006,,,1680046546
cancel,19780,,,1680046546
cancel,20084,,,1680046546
cancel,22584,,,1680046546
newOrder,19779,0,30705,1680046573
newOrder,20084,1,30705,1680046573
newOrder,11868,0,72657,1680046573
newOrder,24999,1,72657,1680046573
cancel,11868,,,1680047145
cancel,19779,,,1680047145
cancel,20084,,,1680047145
cancel,24999,,,1680047145
newOrder,19779,0,30731,1680047170
newOrder,20084,1,30731,1680047170
newOrder,11868,0,87072,1680047170
newOrder,24999,1,87072,1680047170
cancel,11868,,,1680047745
cancel,19779,,,1680047745
cancel,20084,,,1680047745
cancel,24999,,,1680047745
newOrder,19779,0,30758,1680047772
newOrder,20084,1,30758,1680047772
newOrder,11867,0,90284,1680047772
newOrder,24999,1,90284,1680047772
cancel,11867,,,1680048344
cancel,19779,,,1680048344
cancel,20084,,,1680048344
cancel,24999,,,1680048344
newOrder,19788,0,30787,1680048372
newOrder,20084,1,30787,1680048372
newOrder,11873,0,141605,1680048372
newOrder,24999,1,141605,1680048372
cancel,11873,,,1680048945
cancel,19788,,,1680048945
cancel,20084,,,1680048945
cancel,24999,,,1680048945
newOrder,19788,0,30814,1680048974
newOrder,20084,1,30814,1680048974
newOrder,11873,0,81778,1680048974
newOrder,24999,1,81778,1680048974
cancel,11873,,,1680049545
cancel,19788,,,1680049545
cancel,20084,,,1680049545
cancel,24999,,,1680049545
newOrder,19789,0,30841,1680049571
newOrder,20084,1,30841,1680049571
newOrder,11874,0,99083,1680049571
newOrder,24999,1,99083,1680049571
cancel,11874,,,1680050145
cancel,19789,,,1680050145
cancel,20084,,,1680050145
cancel,24999,,,1680050145
newOrder,19793,0,30868,1680050172
newOrder,20084,1,30868,1680050172
newOrder,11876,0,48061,1680050172
newOrder,24999,1,48061,1680050172
cancel,11876,,,1680050744
cancel,19793,,,1680050744
cancel,20084,,,1680050744
cancel,24999,,,1680050744
newOrder,19794,0,30895,1680050771
newOrder,20084,1,30895,1680050771
newOrder,11877,0,126766,1680050771
newOrder,24999,1,126766,1680050771
cancel,11877,,,1680051344
cancel,19794,,,1680051344
cancel,20084,,,1680051344
cancel,24999,,,1680051344
newOrder,19795,0,30923,1680051371
newOrder,20084,1,30923,1680051371
newOrder,11877,0,93597,1680051371
newOrder,24999,1,93597,1680051371
cancel,11877,,,1680051945
cancel,19795,,,1680051945
cancel,20084,,,1680051945
cancel,24999,,,1680051945
newOrder,19795,0,30950,1680051971
newOrder,20084,1,30950,1680051971
newOrder,11877,0,130050,1680051971
newOrder,24999,1,130050,1680051971
cancel,11877,,,1680052545
cancel,19795,,,1680052545
cancel,20084,,,1680052545
cancel,24999,,,1680052545
newOrder,19795,0,30977,1680052572
newOrder,20084,1,30977,1680052572
newOrder,11877,0,131296,1680052572
newOrder,24999,1,131296,1680052572
cancel,11877,,,1680053145
cancel,19795,,,1680053145
cancel,20084,,,1680053145
cancel,24999,,,1680053145
newOrder,19795,0,31004,1680053171
newOrder,20084,1,31004,1680053171
newOrder,11877,0,49377,1680053171
newOrder,24999,1,49377,1680053171
cancel,11877,,,1680053745
cancel,19795,,,1680053745
cancel,20084,,,1680053745
cancel,24999,,,1680053745
newOrder,19795,0,31032,1680053772
newOrder,20084,1,31032,1680053772
newOrder,11877,0,129390,1680053772
newOrder,24999,1,129390,1680053772
cancel,11877,,,1680054345
cancel,19795,,,1680054345
cancel,20084,,,1680054345
cancel,24999,,,1680054345
newOrder,19795,0,31059,1680054372
newOrder,20084,1,31059,1680054372
newOrder,13006,0,34809,1680054372
newOrder,24999,1,34809,1680054372
cancel,13006,,,1680054947
cancel,19795,,,1680054947
cancel,20084,,,1680054947
cancel,24999,,,1680054947
newOrder,19797,0,31087,1680054973
newOrder,20084,1,31087,1680054973
newOrder,11878,0,148741,1680054973
newOrder,24999,1,148741,1680054973
cancel,11878,,,1680055545
cancel,19797,,,1680055545
cancel,20084,,,1680055545
cancel,24999,,,1680055545
newOrder,19797,0,31115,1680055572
newOrder,20084,1,31115,1680055572
newOrder,13006,0,41517,1680055572
newOrder,24999,1,41517,1680055572
cancel,13006,,,1680056145
cancel,19797,,,1680056145
cancel,20084,,,1680056145
cancel,24999,,,1680056145
newOrder,19797,0,31142,1680056171
newOrder,20084,1,31142,1680056171
newOrder,11878,0,119523,1680056171
newOrder,24999,1,119523,1680056171
cancel,11878,,,1680056745
cancel,19797,,,1680056745
cancel,20084,,,1680056745
cancel,24999,,,1680056745
newOrder,19796,0,31170,1680056771
newOrder,20084,1,31170,1680056771
newOrder,13006,0,24517,1680056771
newOrder,22584,1,24517,1680056771
cancel,13006,,,1680057345
cancel,19796,,,1680057345
cancel,20084,,,1680057345
cancel,22584,,,1680057345
newOrder,19796,0,31198,1680057371
newOrder,20084,1,31198,1680057371
newOrder,11878,0,52653,1680057371
newOrder,24999,1,52653,1680057371
cancel,11878,,,1680057944
cancel,19796,,,1680057944
cancel,20084,,,1680057944
cancel,24999,,,1680057944
newOrder,19796,0,31226,1680057971
newOrder,20084,1,31226,1680057971
newOrder,11878,0,56036,1680057971
newOrder,24999,1,56036,1680057971
cancel,11878,,,1680058544
cancel,19796,,,1680058544
cancel,20084,,,1680058544
cancel,24999,,,1680058544
newOrder,19796,0,31254,1680058574
newOrder,20084,1,31254,1680058574
newOrder,11878,0,135340,1680058574
newOrder,24999,1,135340,1680058574
cancel,11878,,,1680059146
cancel,19796,,,1680059146
cancel,20084,,,1680059146
cancel,24999,,,1680059146
newOrder,19796,0,31282,1680059173
newOrder,20084,1,31282,1680059173
newOrder,11878,0,140956,1680059173
newOrder,24999,1,140956,1680059173
cancel,11878,,,1680059745
cancel,19796,,,1680059745
cancel,20084,,,1680059745
cancel,24999,,,1680059745
newOrder,19796,0,31311,1680059771
newOrder,20084,1,31311,1680059771
newOrder,13006,0,31426,1680059771
newOrder,24999,1,31426,1680059771
cancel,13006,,,1680060345
cancel,19796,,,1680060345
cancel,20084,,,1680060345
cancel,24999,,,1680060345
newOrder,19795,0,31339,1680060372
newOrder,20084,1,31339,1680060372
newOrder,11877,0,116292,1680060372
newOrder,24999,1,116292,1680060372
cancel,11877,,,1680060945
cancel,19795,,,1680060945
cancel,20084,,,1680060945
cancel,24999,,,1680060945
newOrder,19796,0,31367,1680060972
newOrder,20084,1,31367,1680060972
newOrder,11878,0,144235,1680060972
newOrder,24999,1,144235,1680060972
cancel,11878,,,1680061545
cancel,19796,,,1680061545
cancel,20084,,,1680061545
cancel,24999,,,1680061545
newOrder,19795,0,31396,1680061572
newOrder,20084,1,31396,1680061572
newOrder,11877,0,109332,1680061572
newOrder,24999,1,109332,1680061572
cancel,11877,,,1680062144
cancel,19795,,,1680062144
cancel,20084,,,1680062144
cancel,24999,,,1680062144
newOrder,19795,0,31424,1680062170
newOrder,20084,1,31424,1680062170
newOrder,11877,0,91910,1680062170
newOrder,24999,1,91910,1680062170
cancel,11877,,,1680062745
cancel,19795,,,1680062745
cancel,20084,,,1680062745
cancel,24999,,,1680062745
newOrder,19795,0,31453,1680062772
newOrder,20084,1,31453,1680062772
newOrder,11877,0,62247,1680062772
newOrder,24999,1,62247,1680062772
cancel,11877,,,1680063344
cancel,19795,,,1680063344
cancel,20084,,,1680063344
cancel,24999,,,1680063344
newOrder,19796,0,31482,1680063370
newOrder,20084,1,31482,1680063370
newOrder,11877,0,148075,1680063370
newOrder,24999,1,148075,1680063370
cancel,11877,,,1680063945
cancel,19796,,,1680063945
cancel,20084,,,1680063945
cancel,24999,,,1680063945
newOrder,19796,0,31511,1680063971
newOrder,20084,1,31511,1680063971
newOrder,11877,0,78743,1680063971
newOrder,24999,1,78743,1680063971
cancel,11877,,,1680064545
cancel,19796,,,1680064545
cancel,20084,,,1680064545
cancel,24999,,,1680064545
newOrder,19796,0,31540,1680064571
newOrder,20084,1,31540,1680064571
newOrder,11877,0,64062,1680064571
newOrder,24999,1,64062,1680064571
cancel,11877,,,1680065145
cancel,19796,,,1680065145
cancel,20084,,,1680065145
cancel,24999,,,1680065145
newOrder,19796,0,31569,1680065173
newOrder,20084,1,31569,1680065173
newOrder,11877,0,60886,1680065173
newOrder,24999,1,60886,1680065173
cancel,11877,,,1680065745
cancel,19796,,,1680065745
cancel,20084,,,1680065745
cancel,24999,,,1680065745
newOrder,19795,0,31598,1680065771
newOrder,20084,1,31598,1680065771
newOrder,11877,0,81104,1680065771
newOrder,24999,1,81104,1680065771
cancel,11877,,,1680066344
cancel,19795,,,1680066344
cancel,20084,,,1680066344
cancel,24999,,,1680066344
newOrder,19795,0,31627,1680066372
newOrder,20084,1,31627,1680066372
newOrder,13003,0,47654,1680066372
newOrder,24999,1,47654,1680066372
cancel,13003,,,1680066944
cancel,19795,,,1680066944
cancel,20084,,,1680066944
cancel,24999,,,1680066944
newOrder,19880,0,31632,1680066972
newOrder,20084,1,31632,1680066972
newOrder,11928,0,111649,1680066972
newOrder,24999,1,111649,1680066972
cancel,11928,,,1680067545
cancel,19880,,,1680067545
cancel,20084,,,1680067545
cancel,24999,,,1680067545
newOrder,19880,0,31662,1680067575
newOrder,20084,1,31662,1680067575
newOrder,11928,0,108391,1680067575
newOrder,24999,1,108391,1680067575
cancel,11928,,,1680068144
cancel,19880,,,1680068144
cancel,20084,,,1680068144
cancel,24999,,,1680068144
newOrder,19880,0,31691,1680068170
newOrder,20084,1,31691,1680068170
newOrder,11928,0,92055,1680068170
newOrder,24999,1,92055,1680068170
cancel,11928,,,1680068745
cancel,19880,,,1680068745
cancel,20084,,,1680068745
cancel,24999,,,1680068745
newOrder,19880,0,31721,1680068772
newOrder,20084,1,31721,1680068772
newOrder,11928,0,137467,1680068772
newOrder,24999,1,137467,1680068772
cancel,11928,,,1680069345
cancel,19880,,,1680069345
cancel,20084,,,1680069345
cancel,24999,,,1680069345
newOrder,19880,0,31751,1680069372
newOrder,20084,1,31751,1680069372
newOrder,11928,0,57221,1680069372
newOrder,24999,1,57221,1680069372
cancel,11928,,,1680069945
cancel,19880,,,1680069945
cancel,20084,,,1680069945
cancel,24999,,,1680069945
newOrder,19880,0,31781,1680069971
newOrder,20084,1,31781,1680069971
newOrder,11928,0,142441,1680069971
newOrder,24999,1,142441,1680069971
cancel,11928,,,1680070545
cancel,19880,,,1680070545
cancel,20084,,,1680070545
cancel,24999,,,1680070545
newOrder,19880,0,31811,1680070571
newOrder,20084,1,31811,1680070571
newOrder,11928,0,150201,1680070571
newOrder,24999,1,150201,1680070571
cancel,11928,,,1680071144
cancel,19880,,,1680071144
cancel,20084,,,1680071144
cancel,24999,,,1680071144
newOrder,19880,0,31841,1680071172
newOrder,20084,1,31841,1680071172
newOrder,11928,0,54480,1680071172
newOrder,24999,1,54480,1680071172
cancel,11928,,,1680071744
cancel,19880,,,1680071744
cancel,20084,,,1680071744
cancel,24999,,,1680071744
newOrder,19880,0,31871,1680071772
newOrder,20084,1,31871,1680071772
newOrder,11928,0,146897,1680071772
newOrder,24999,1,146897,1680071772
cancel,11928,,,1680072345
cancel,19880,,,1680072345
cancel,20084,,,1680072345
cancel,24999,,,1680072345
newOrder,19762,0,31908,1680072372
newOrder,20084,1,31908,1680072372
newOrder,11857,0,111948,1680072372
newOrder,24999,1,111948,1680072372
cancel,11857,,,1680072945
cancel,19762,,,1680072945
cancel,20084,,,1680072945
cancel,24999,,,1680072945
newOrder,19763,0,31939,1680072972
newOrder,20084,1,31939,1680072972
newOrder,13006,0,25399,1680072972
newOrder,22584,1,25399,1680072972
cancel,13006,,,1680073546
cancel,19763,,,1680073546
cancel,20084,,,1680073546
cancel,22584,,,1680073546
newOrder,19763,0,31969,1680073572
newOrder,20084,1,31969,1680073572
newOrder,11858,0,162261,1680073572
newOrder,24999,1,162261,1680073572
cancel,11858,,,1680074145
cancel,19763,,,1680074145
cancel,20084,,,1680074145
cancel,24999,,,1680074145
newOrder,19763,0,31999,1680074172
newOrder,20084,1,31999,1680074172
newOrder,13006,0,26914,1680074172
newOrder,22584,1,26914,1680074172
cancel,13006,,,1680074744
cancel,19763,,,1680074744
cancel,20084,,,1680074744
cancel,22584,,,1680074744
newOrder,19763,0,32029,1680074772
newOrder,20084,1,32029,1680074772
newOrder,11858,0,61789,1680074772
newOrder,24999,1,61789,1680074772
cancel,11858,,,1680075344
cancel,19763,,,1680075344
cancel,20084,,,1680075344
cancel,24999,,,1680075344
newOrder,19762,0,32059,1680075372
newOrder,20084,1,32059,1680075372
newOrder,11857,0,115011,1680075372
newOrder,24999,1,115011,1680075372
cancel,11857,,,1680075945
cancel,19762,,,1680075945
cancel,20084,,,1680075945
cancel,24999,,,1680075945
newOrder,19762,0,32090,1680075973
newOrder,20084,1,32090,1680075973
newOrder,13006,0,42658,1680075973
newOrder,24999,1,42658,1680075973
cancel,13006,,,1680076544
cancel,19762,,,1680076544
cancel,20084,,,1680076544
cancel,24999,,,1680076544
newOrder,19762,0,32121,1680076571
newOrder,20084,1,32121,1680076571
newOrder,13006,0,19987,1680076571
newOrder,22584,1,19987,1680076571
cancel,13006,,,1680077143
cancel,19762,,,1680077143
cancel,20084,,,1680077143
cancel,22584,,,1680077143
newOrder,19762,0,32152,1680077172
newOrder,20084,1,32152,1680077172
newOrder,11857,0,68423,1680077172
newOrder,24999,1,68423,1680077172
cancel,11857,,,1680077745
cancel,19762,,,1680077745
cancel,20084,,,1680077745
cancel,24999,,,1680077745
newOrder,19696,0,32104,1680077770
newOrder,20084,1,32104,1680077770
newOrder,11818,0,148789,1680077770
newOrder,24999,1,148789,1680077770
cancel,11818,,,1680078344
cancel,19696,,,1680078344
cancel,20084,,,1680078344
cancel,24999,,,1680078344
newOrder,19696,0,32135,1680078371
newOrder,20084,1,32135,1680078371
newOrder,11818,0,130524,1680078371
newOrder,24999,1,130524,1680078371
cancel,11818,,,1680078945
cancel,19696,,,1680078945
cancel,20084,,,1680078945
cancel,24999,,,1680078945
newOrder,19695,0,32165,1680078974
newOrder,20084,1,32165,1680078974
newOrder,11817,0,64639,1680078974
newOrder,24999,1,64639,1680078974
cancel,11817,,,1680079544
cancel,19695,,,1680079544
cancel,20084,,,1680079544
cancel,24999,,,1680079544
newOrder,19724,0,32237,1680079571
newOrder,20084,1,32237,1680079571
newOrder,13006,0,27938,1680079571
newOrder,22584,1,27938,1680079571
cancel,13006,,,1680080146
cancel,19724,,,1680080146
cancel,20084,,,1680080146
cancel,22584,,,1680080146
newOrder,19723,0,32267,1680080172
newOrder,20084,1,32267,1680080172
newOrder,11834,0,132169,1680080172
newOrder,24999,1,132169,1680080172
cancel,11834,,,1680080745
cancel,19723,,,1680080745
cancel,20084,,,1680080745
cancel,24999,,,1680080745
newOrder,19723,0,32298,1680080772
newOrder,20084,1,32298,1680080772
newOrder,11834,0,170070,1680080772
newOrder,24999,1,170070,1680080772
cancel,11834,,,1680081345
cancel,19723,,,1680081345
cancel,20084,,,1680081345
cancel,24999,,,1680081345
newOrder,19723,0,32329,1680081371
newOrder,20084,1,32329,1680081371
newOrder,11834,0,113056,1680081371
newOrder,24999,1,113056,1680081371
cancel,11834,,,1680081944
cancel,19723,,,1680081944
cancel,20084,,,1680081944
cancel,24999,,,1680081944
newOrder,19695,0,32318,1680081971
newOrder,20084,1,32318,1680081971
newOrder,13003,0,48384,1680081971
newOrder,24999,1,48384,1680081971
cancel,13003,,,1680082544
cancel,19695,,,1680082544
cancel,20084,,,1680082544
cancel,24999,,,1680082544
newOrder,19723,0,32392,1680082572
newOrder,20084,1,32392,1680082572
newOrder,11834,0,173447,1680082572
newOrder,24999,1,173447,1680082572
cancel,11834,,,1680083144
cancel,19723,,,1680083144
cancel,20084,,,1680083144
cancel,24999,,,1680083144
newOrder,19723,0,32424,1680083172
newOrder,20084,1,32424,1680083172
newOrder,11834,0,65077,1680083172
newOrder,24999,1,65077,1680083172
cancel,11834,,,1680083745
cancel,19723,,,1680083745
cancel,20084,,,1680083745
cancel,24999,,,1680083745
newOrder,19723,0,32455,1680083772
newOrder,20084,1,32455,1680083772
newOrder,11880,0,49027,1680083772
newOrder,24999,1,49027,1680083772
cancel,11880,,,1680084345
cancel,19723,,,1680084345
cancel,20084,,,1680084345
cancel,24999,,,1680084345
newOrder,19723,0,32487,1680084371
newOrder,20084,1,32487,1680084371
newOrder,11834,0,149551,1680084371
newOrder,24999,1,149551,1680084371
cancel,11834,,,1680084944
cancel,19723,,,1680084944
cancel,20084,,,1680084944
cancel,24999,,,1680084944
newOrder,19723,0,32519,1680084970
newOrder,20084,1,32519,1680084970
newOrder,11834,0,148083,1680084970
newOrder,24999,1,148083,1680084970
cancel,11834,,,1680085545
cancel,19723,,,1680085545
cancel,20084,,,1680085545
cancel,24999,,,1680085545
newOrder,19723,0,32551,1680085570
newOrder,20084,1,32551,1680085570
newOrder,11834,0,96885,1680085570
newOrder,24999,1,96885,1680085570
cancel,11834,,,1680086144
cancel,19723,,,1680086144
cancel,20084,,,1680086144
cancel,24999,,,1680086144
newOrder,19723,0,32583,1680086171
newOrder,20084,1,32583,1680086171
newOrder,11834,0,68145,1680086171
newOrder,24999,1,68145,1680086171
cancel,11834,,,1680086744
cancel,19723,,,1680086744
cancel,20084,,,1680086744
cancel,24999,,,1680086744
newOrder,19694,0,32569,1680086770
newOrder,20084,1,32569,1680086770
newOrder,13006,0,24681,1680086770
newOrder,22584,1,24681,1680086770
cancel,13006,,,1680087345
cancel,19694,,,1680087345
cancel,20084,,,1680087345
cancel,22584,,,1680087345
newOrder,19723,0,32647,1680087370
newOrder,20084,1,32647,1680087370
newOrder,11834,0,82544,1680087370
newOrder,24999,1,82544,1680087370
cancel,11834,,,1680087945
cancel,19723,,,1680087945
cancel,20084,,,1680087945
cancel,24999,,,1680087945
newOrder,19723,0,32680,1680087970
newOrder,20084,1,32680,1680087970
newOrder,11834,0,171457,1680087970
newOrder,24999,1,171457,1680087970
cancel,11834,,,1680088545
cancel,19723,,,1680088545
cancel,20084,,,1680088545
cancel,24999,,,1680088545
newOrder,19723,0,32712,1680088571
newOrder,20084,1,32712,1680088571
newOrder,11834,0,54188,1680088571
newOrder,24999,1,54188,1680088571
cancel,11834,,,1680089145
cancel,19723,,,1680089145
cancel,20084,,,1680089145
cancel,24999,,,1680089145
newOrder,19672,0,32654,1680089172
newOrder,20084,1,32654,1680089172
newOrder,11803,0,135809,1680089172
newOrder,24999,1,135809,1680089172
cancel,11803,,,1680089745
cancel,19672,,,1680089745
cancel,20084,,,1680089745
cancel,24999,,,1680089745
newOrder,19673,0,32689,1680089771
newOrder,20084,1,32689,1680089771
newOrder,11804,0,111886,1680089771
newOrder,24999,1,111886,1680089771
cancel,11804,,,1680090344
cancel,19673,,,1680090344
cancel,20084,,,1680090344
cancel,24999,,,1680090344
newOrder,19673,0,32721,1680090370
newOrder,20084,1,32721,1680090370
newOrder,13006,0,30873,1680090370
newOrder,22584,1,30873,1680090370
cancel,13006,,,1680090945
cancel,19673,,,1680090945
cancel,20084,,,1680090945
cancel,22584,,,1680090945
newOrder,19674,0,32756,1680090970
newOrder,20084,1,32756,1680090970
newOrder,11805,0,136945,1680090970
newOrder,24999,1,136945,1680090970
cancel,11805,,,1680091546
cancel,19674,,,1680091546
cancel,20084,,,1680091546
cancel,24999,,,1680091546
newOrder,19673,0,32786,1680091572
newOrder,20084,1,32786,1680091572
newOrder,11804,0,118233,1680091572
newOrder,24999,1,118233,1680091572
cancel,11804,,,1680092145
cancel,19673,,,1680092145
cancel,20084,,,1680092145
cancel,24999,,,1680092145
newOrder,19674,0,32820,1680092169
newOrder,20084,1,32820,1680092169
newOrder,11804,0,56504,1680092169
newOrder,24999,1,56504,1680092169
cancel,11804,,,1680092745
cancel,19674,,,1680092745
cancel,20084,,,1680092745
cancel,24999,,,1680092745
newOrder,19674,0,32853,1680092770
newOrder,20084,1,32853,1680092770
newOrder,11804,0,153019,1680092770
newOrder,24999,1,153019,1680092770
cancel,11804,,,1680093345
cancel,19674,,,1680093345
cancel,20084,,,1680093345
cancel,24999,,,1680093345
newOrder,19673,0,32884,1680093370
newOrder,20084,1,32884,1680093370
newOrder,11804,0,101902,1680093370
newOrder,24999,1,101902,1680093370
cancel,11804,,,1680093945
cancel,19673,,,1680093945
cancel,20084,,,1680093945
cancel,24999,,,1680093945
newOrder,19672,0,32916,1680093973
newOrder,20084,1,32916,1680093973
newOrder,11803,0,134367,1680093973
newOrder,24999,1,134367,1680093973
cancel,11803,,,1680094545
cancel,19672,,,1680094545
cancel,20084,,,1680094545
cancel,24999,,,1680094545
newOrder,19673,0,32950,1680094570
newOrder,20084,1,32950,1680094570
newOrder,11804,0,58597,1680094570
newOrder,24999,1,58597,1680094570
cancel,11804,,,1680095144
cancel,19673,,,1680095144
cancel,20084,,,1680095144
cancel,24999,,,1680095144
newOrder,19672,0,32982,1680095171
newOrder,20084,1,32982,1680095171
newOrder,11803,0,164827,1680095171
newOrder,24999,1,164827,1680095171