instruction,price,side,qty,time
cancel,10926,,,1682683831
cancel,18210,,,1682683831
cancel,19066,,,1682683831
cancel,24999,,,1682683831
newOrder,18210,0,18643,1682683862
newOrder,19066,1,18643,1682683862
newOrder,10926,0,51885,1682683862
newOrder,24999,1,51885,1682683862
cancel,10926,,,1682684431
cancel,18210,,,1682684431
cancel,19066,,,1682684431
cancel,24999,,,1682684431
newOrder,18210,0,18658,1682684460
newOrder,19066,1,18658,1682684460
newOrder,10926,0,100049,1682684460
newOrder,24999,1,100049,1682684460
cancel,10926,,,1682685031
cancel,18210,,,1682685031
cancel,19066,,,1682685031
cancel,24999,,,1682685031
newOrder,18210,0,18673,1682685061
newOrder,19066,1,18673,1682685061
newOrder,10926,0,93902,1682685061
newOrder,24999,1,93902,1682685061
cancel,10926,,,1682685631
cancel,18210,,,1682685631
cancel,19066,,,1682685631
cancel,24999,,,1682685631
newOrder,18210,0,18688,1682685661
newOrder,19066,1,18688,1682685661
newOrder,11604,0,26874,1682685661
newOrder,24957,1,26874,1682685661
cancel,11604,,,1682686231
cancel,18210,,,1682686231
cancel,19066,,,1682686231
cancel,24957,,,1682686231
newOrder,18174,0,18785,1682686262
newOrder,19066,1,18785,1682686262
newOrder,11604,0,35670,1682686262
newOrder,24957,1,35670,1682686262
cancel,11604,,,1682686831
cancel,18174,,,1682686831
cancel,19066,,,1682686831
cancel,24957,,,1682686831
newOrder,18174,0,18801,1682686862
newOrder,19066,1,18801,1682686862
newOrder,10904,0,94244,1682686862
newOrder,24999,1,94244,1682686862
cancel,10904,,,1682687431
cancel,18174,,,1682687431
cancel,19066,,,1682687431
cancel,24999,,,1682687431
newOrder,18177,0,18809,1682687460
newOrder,19066,1,18809,1682687460
newOrder,10906,0,97272,1682687460
newOrder,24999,1,97272,1682687460
cancel,10906,,,1682688031
cancel,18177,,,1682688031
cancel,19066,,,1682688031
cancel,24999,,,1682688031
newOrder,18177,0,18824,1682688060
newOrder,19066,1,18824,1682688060
newOrder,11286,0,44750,1682688060
newOrder,24999,1,44750,1682688060
cancel,11286,,,1682688631
cancel,18177,,,1682688631
cancel,19066,,,1682688631
cancel,24999,,,1682688631
newOrder,18177,0,18840,1682688661
newOrder,19066,1,18840,1682688661
newOrder,10906,0,90095,1682688661
newOrder,24999,1,90095,1682688661
cancel,10906,,,1682689230
cancel,18177,,,1682689230
cancel,19066,,,1682689230
cancel,24999,,,1682689230
newOrder,18177,0,18856,1682689260
newOrder,19066,1,18856,1682689260
newOrder,10906,0,61749,1682689260
newOrder,24999,1,61749,1682689260
cancel,10906,,,1682689831
cancel,18177,,,1682689831
cancel,19066,,,1682689831
cancel,24999,,,1682689831
newOrder,18177,0,18871,1682689862
newOrder,19066,1,18871,1682689862
newOrder,10906,0,88221,1682689862
newOrder,24999,1,88221,1682689862
cancel,10906,,,1682690431
cancel,18177,,,1682690431
cancel,19066,,,1682690431
cancel,24999,,,1682690431
newOrder,18177,0,18887,1682690460
newOrder,19066,1,18887,1682690460
newOrder,18001,0,12896,1682690460
newOrder,21887,1,12896,1682690460
cancel,18001,,,1682691032
cancel,18177,,,1682691032
cancel,19066,,,1682691032
cancel,21887,,,1682691032
newOrder,18177,0,18903,1682691064
newOrder,19066,1,18903,1682691064
newOrder,10906,0,62744,1682691064
newOrder,24999,1,62744,1682691064
cancel,10906,,,1682691631
cancel,18177,,,1682691631
cancel,19066,,,1682691631
cancel,24999,,,1682691631
newOrder,18177,0,18919,1682691660
newOrder,19066,1,18919,1682691660
newOrder,10906,0,87993,1682691660
newOrder,24999,1,87993,1682691660
cancel,10906,,,1682692231
cancel,18177,,,1682692231
cancel,19066,,,1682692231
cancel,24999,,,1682692231
newOrder,18177,0,18935,1682692260
newOrder,19066,1,18935,1682692260
newOrder,11604,0,29654,1682692260
newOrder,24957,1,29654,1682692260
cancel,11604,,,1682692833
cancel,18177,,,1682692833
cancel,19066,,,1682692833
cancel,24957,,,1682692833
newOrder,18177,0,18951,1682692870
newOrder,19066,1,18951,1682692870
newOrder,18001,0,12233,1682692870
newOrder,21887,1,12233,1682692870
cancel,18001,,,1682693431
cancel,18177,,,1682693431
cancel,19066,,,1682693431
cancel,21887,,,1682693431
newOrder,18177,0,18966,1682693460
newOrder,19066,1,18966,1682693460
newOrder,10906,0,76897,1682693460
newOrder,24999,1,76897,1682693460
cancel,10906,,,1682694030
cancel,18177,,,1682694030
cancel,19066,,,1682694030
cancel,24999,,,1682694030
newOrder,18177,0,18983,1682694061
newOrder,19066,1,18983,1682694061
newOrder,10906,0,61591,1682694061
newOrder,24999,1,61591,1682694061
cancel,10906,,,1682694631
cancel,18177,,,1682694631
cancel,19066,,,1682694631
cancel,24999,,,1682694631
newOrder,18177,0,18999,1682694660
newOrder,19066,1,18999,1682694660
newOrder,11604,0,35706,1682694660
newOrder,24957,1,35706,1682694660
cancel,11604,,,1682695230
cancel,18177,,,1682695230
cancel,19066,,,1682695230
cancel,24957,,,1682695230
newOrder,18177,0,19015,1682695260
newOrder,19066,1,19015,1682695260
newOrder,10906,0,61833,1682695260
newOrder,24999,1,61833,1682695260
cancel,10906,,,1682695831
cancel,18177,,,1682695831
cancel,19066,,,1682695831
cancel,24999,,,1682695831
newOrder,18177,0,19031,1682695861
newOrder,19066,1,19031,1682695861
newOrder,18001,0,15846,1682695861
newOrder,21887,1,15846,1682695861
cancel,18001,,,1682696432
cancel,18177,,,1682696432
cancel,19066,,,1682696432
cancel,21887,,,1682696432
newOrder,18177,0,19047,1682696461
newOrder,19066,1,19047,1682696461
newOrder,10906,0,66490,1682696461
newOrder,24999,1,66490,1682696461
cancel,10906,,,1682697031
cancel,18177,,,1682697031
cancel,19066,,,1682697031
cancel,24999,,,1682697031
newOrder,18177,0,19064,1682697060
newOrder,19066,1,19064,1682697060
newOrder,10906,0,55419,1682697060
newOrder,24999,1,55419,1682697060
cancel,10906,,,1682697631
cancel,18177,,,1682697631
cancel,19066,,,1682697631
cancel,24999,,,1682697631
newOrder,18177,0,19080,1682697661
newOrder,19066,1,19080,1682697661
newOrder,11286,0,44551,1682697661
newOrder,24999,1,44551,1682697661
cancel,11286,,,1682698231
cancel,18177,,,1682698231
cancel,19066,,,1682698231
cancel,24999,,,1682698231
newOrder,18177,0,19096,1682698260
newOrder,19066,1,19096,1682698260
newOrder,10906,0,58386,1682698260
newOrder,24999,1,58386,1682698260
cancel,10906,,,1682698831
cancel,18177,,,1682698831
cancel,19066,,,1682698831
cancel,24999,,,1682698831
newOrder,18177,0,19113,1682698863
newOrder,19066,1,19113,1682698863
newOrder,12001,0,20731,1682698863
newOrder,24957,1,20731,1682698863
cancel,12001,,,1682699431
cancel,18177,,,1682699431
cancel,19066,,,1682699431
cancel,24957,,,1682699431
newOrder,18177,0,19129,1682699460
newOrder,19066,1,19129,1682699460
newOrder,10906,0,97374,1682699460
newOrder,24999,1,97374,1682699460
cancel,10906,,,1682700031
cancel,18177,,,1682700031
cancel,19066,,,1682700031
cancel,24999,,,1682700031
newOrder,18177,0,19146,1682700059
newOrder,19066,1,19146,1682700059
newOrder,10906,0,51298,1682700059
newOrder,24999,1,51298,1682700059
cancel,10906,,,1682700631
cancel,18177,,,1682700631
cancel,19066,,,1682700631
cancel,24999,,,1682700631
newOrder,18177,0,19163,1682700662
newOrder,19066,1,19163,1682700662
newOrder,11604,0,33003,1682700662
newOrder,24957,1,33003,1682700662
cancel,11604,,,1682701232
cancel,18177,,,1682701232
cancel,19066,,,1682701232
cancel,24957,,,1682701232
newOrder,18177,0,19180,1682701267
newOrder,19066,1,19180,1682701267
newOrder,11604,0,37314,1682701267
newOrder,24957,1,37314,1682701267
cancel,11604,,,1682701832
cancel,18177,,,1682701832
cancel,19066,,,1682701832
cancel,24957,,,1682701832
newOrder,18178,0,19194,1682701862
newOrder,19066,1,19194,1682701862
newOrder,11604,0,35676,1682701862
newOrder,24957,1,35676,1682701862
cancel,11604,,,1682702431
cancel,18178,,,1682702431
cancel,19066,,,1682702431
cancel,24957,,,1682702431
newOrder,18130,0,19316,1682702461
newOrder,19066,1,19316,1682702461
newOrder,11604,0,27415,1682702461
newOrder,24957,1,27415,1682702461
cancel,11604,,,1682703031
cancel,18130,,,1682703031
cancel,19066,,,1682703031
cancel,24957,,,1682703031
newOrder,18131,0,19333,1682703062
newOrder,19066,1,19333,1682703062
newOrder,11604,0,29062,1682703062
newOrder,24957,1,29062,1682703062
cancel,11604,,,1682703631
cancel,18131,,,1682703631
cancel,19066,,,1682703631
cancel,24957,,,1682703631
newOrder,18132,0,19347,1682703661
newOrder,19066,1,19347,1682703661
newOrder,11286,0,43213,1682703661
newOrder,24957,1,43213,1682703661
cancel,11286,,,1682704231
cancel,18132,,,1682704231
cancel,19066,,,1682704231
cancel,24957,,,1682704231
newOrder,18131,0,19367,1682704260
newOrder,19066,1,19367,1682704260
newOrder,10878,0,53964,1682704260
newOrder,24999,1,53964,1682704260
cancel,10878,,,1682704831
cancel,18131,,,1682704831
cancel,19066,,,1682704831
cancel,24999,,,1682704831
newOrder,18131,0,19384,1682704861
newOrder,19066,1,19384,1682704861
newOrder,10879,0,73218,1682704861
newOrder,24999,1,73218,1682704861
cancel,10879,,,1682705431
cancel,18131,,,1682705431
cancel,19066,,,1682705431
cancel,24999,,,1682705431
newOrder,18131,0,19402,1682705460
newOrder,19066,1,19402,1682705460
newOrder,11604,0,34335,1682705460
newOrder,24957,1,34335,1682705460
cancel,11604,,,1682706031
cancel,18131,,,1682706031
cancel,19066,,,1682706031
cancel,24957,,,1682706031
newOrder,18150,0,19378,1682706061
newOrder,19066,1,19378,1682706061
newOrder,10890,0,54606,1682706061
newOrder,24999,1,54606,1682706061
cancel,10890,,,1682706631
cancel,18150,,,1682706631
cancel,19066,,,1682706631
cancel,24999,,,1682706631
newOrder,18131,0,19438,1682706660
newOrder,19066,1,19438,1682706660
newOrder,10878,0,74558,1682706660
newOrder,24999,1,74558,1682706660
cancel,10878,,,1682707231
cancel,18131,,,1682707231
cancel,19066,,,1682707231
cancel,24999,,,1682707231
newOrder,18132,0,19451,1682707259
newOrder,19066,1,19451,1682707259
newOrder,10879,0,63396,1682707259
newOrder,24999,1,63396,1682707259
cancel,10879,,,1682707831
cancel,18132,,,1682707831
cancel,19066,,,1682707831
cancel,24999,,,1682707831
newOrder,18130,0,19473,1682707860
newOrder,19066,1,19473,1682707860
newOrder,18001,0,18379,1682707860
newOrder,21887,1,18379,1682707860
cancel,18001,,,1682708431
cancel,18130,,,1682708431
cancel,19066,,,1682708431
cancel,21887,,,1682708431
newOrder,18150,0,19449,1682708462
newOrder,19066,1,19449,1682708462
newOrder,10890,0,63320,1682708462
newOrder,24999,1,63320,1682708462
cancel,10890,,,1682709032
cancel,18150,,,1682709032
cancel,19066,,,1682709032
cancel,24999,,,1682709032
newOrder,18132,0,19505,1682709062
newOrder,19066,1,19505,1682709062
newOrder,11286,0,46054,1682709062
newOrder,24999,1,46054,1682709062
cancel,11286,,,1682709631
cancel,18132,,,1682709631
cancel,19066,,,1682709631
cancel,24999,,,1682709631
newOrder,18132,0,19525,1682709660
newOrder,19066,1,19525,1682709660
newOrder,10879,0,80378,1682709660
newOrder,24999,1,80378,1682709660
cancel,10879,,,1682710231
cancel,18132,,,1682710231
cancel,19066,,,1682710231
cancel,24999,,,1682710231
newOrder,18131,0,19543,1682710262
newOrder,19066,1,19543,1682710262
newOrder,10879,0,51498,1682710262
newOrder,24999,1,51498,1682710262
cancel,10879,,,1682710831
cancel,18131,,,1682710831
cancel,19066,,,1682710831
cancel,24999,,,1682710831
newOrder,18137,0,19549,1682710862
newOrder,19066,1,19549,1682710862
newOrder,10882,0,72425,1682710862
newOrder,24999,1,72425,1682710862
cancel,10882,,,1682711431
cancel,18137,,,1682711431
cancel,19066,,,1682711431
cancel,24999,,,1682711431
newOrder,18137,0,19567,1682711460
newOrder,19066,1,19567,1682711460
newOrder,10882,0,64877,1682711460
newOrder,24999,1,64877,1682711460
cancel,10882,,,1682712031
cancel,18137,,,1682712031
cancel,19066,,,1682712031
cancel,24999,,,1682712031
newOrder,18137,0,19585,1682712060
newOrder,19066,1,19585,1682712060
newOrder,11506,0,41887,1682712060
newOrder,24957,1,41887,1682712060
cancel,11506,,,1682712631
cancel,18137,,,1682712631
cancel,19066,,,1682712631
cancel,24957,,,1682712631
newOrder,18137,0,19604,1682712659
newOrder,19066,1,19604,1682712659
newOrder,10882,0,93975,1682712659
newOrder,24999,1,93975,1682712659
cancel,10882,,,1682713231
cancel,18137,,,1682713231
cancel,19066,,,1682713231
cancel,24999,,,1682713231
newOrder,18137,0,19623,1682713260
newOrder,19066,1,19623,1682713260
newOrder,10882,0,76907,1682713260
newOrder,24999,1,76907,1682713260
cancel,10882,,,1682713830
cancel,18137,,,1682713830
cancel,19066,,,1682713830
cancel,24999,,,1682713830
newOrder,18135,0,19645,1682713861
newOrder,19066,1,19645,1682713861
newOrder,10881,0,52369,1682713861
newOrder,24999,1,52369,1682713861
cancel,10881,,,1682714431
cancel,18135,,,1682714431
cancel,19066,,,1682714431
cancel,24999,,,1682714431
newOrder,18136,0,19661,1682714461
newOrder,19066,1,19661,1682714461
newOrder,10881,0,64018,1682714461
newOrder,24999,1,64018,1682714461
cancel,10881,,,1682715030
cancel,18136,,,1682715030
cancel,19066,,,1682715030
cancel,24999,,,1682715030
newOrder,18141,0,19668,1682715060
newOrder,19066,1,19668,1682715060
newOrder,11604,0,36859,1682715060
newOrder,24957,1,36859,1682715060
cancel,11604,,,1682715631
cancel,18141,,,1682715631
cancel,19066,,,1682715631
cancel,24957,,,1682715631
newOrder,18142,0,19685,1682715661
newOrder,19066,1,19685,1682715661
newOrder,10885,0,53300,1682715661
newOrder,24999,1,53300,1682715661
cancel,10885,,,1682716229
cancel,18142,,,1682716229
cancel,19066,,,1682716229
cancel,24999,,,1682716229
newOrder,18141,0,19705,1682716263
newOrder,19066,1,19705,1682716263
newOrder,10885,0,72129,1682716263
newOrder,24999,1,72129,1682716263
cancel,10885,,,1682716830
cancel,18141,,,1682716830
cancel,19066,,,1682716830
cancel,24999,,,1682716830
newOrder,18142,0,19722,1682716860
newOrder,19066,1,19722,1682716860
newOrder,10885,0,97008,1682716860
newOrder,24999,1,97008,1682716860
cancel,10885,,,1682717431
cancel,18142,,,1682717431
cancel,19066,,,1682717431
cancel,24999,,,1682717431
newOrder,18143,0,19738,1682717461
newOrder,19066,1,19738,1682717461
newOrder,10886,0,105683,1682717461
newOrder,24999,1,105683,1682717461
cancel,10886,,,1682718031
cancel,18143,,,1682718031
cancel,19066,,,1682718031
cancel,24999,,,1682718031
newOrder,18142,0,19759,1682718061
newOrder,19066,1,19759,1682718061
newOrder,10885,0,75756,1682718061
newOrder,24999,1,75756,1682718061
cancel,10885,,,1682718631
cancel,18142,,,1682718631
cancel,19066,,,1682718631
cancel,24999,,,1682718631
newOrder,18141,0,19781,1682718661
newOrder,19066,1,19781,1682718661
newOrder,10884,0,49574,1682718661
newOrder,24999,1,49574,1682718661
cancel,10884,,,1682719231
cancel,18141,,,1682719231
cancel,19066,,,1682719231
cancel,24999,,,1682719231
newOrder,18141,0,19799,1682719261
newOrder,19066,1,19799,1682719261
newOrder,18001,0,13775,1682719261
newOrder,21887,1,13775,1682719261
cancel,18001,,,1682719831
cancel,18141,,,1682719831
cancel,19066,,,1682719831
cancel,21887,,,1682719831
newOrder,18143,0,19814,1682719860
newOrder,19066,1,19814,1682719860
newOrder,10886,0,49786,1682719860
newOrder,24999,1,49786,1682719860
cancel,10886,,,1682720431
cancel,18143,,,1682720431
cancel,19066,,,1682720431
cancel,24999,,,1682720431
newOrder,18141,0,19837,1682720459
newOrder,19066,1,19837,1682720459
newOrder,10885,0,86556,1682720459
newOrder,24999,1,86556,1682720459
cancel,10885,,,1682721031
cancel,18141,,,1682721031
cancel,19066,,,1682721031
cancel,24999,,,1682721031
newOrder,18142,0,19854,1682721060
newOrder,19066,1,19854,1682721060
newOrder,11604,0,26562,1682721060
newOrder,24957,1,26562,1682721060
cancel,11604,,,1682721631
cancel,18142,,,1682721631
cancel,19066,,,1682721631
cancel,24957,,,1682721631
newOrder,18142,0,19874,1682721659
newOrder,19066,1,19874,1682721659
newOrder,10885,0,92083,1682721659
newOrder,24999,1,92083,1682721659
cancel,10885,,,1682722231
cancel,18142,,,1682722231
cancel,19066,,,1682722231
cancel,24999,,,1682722231
newOrder,18141,0,19895,1682722260
newOrder,19066,1,19895,1682722260
newOrder,10885,0,49333,1682722260
newOrder,24999,1,49333,1682722260
cancel,10885,,,1682722831
cancel,18141,,,1682722831
cancel,19066,,,1682722831
cancel,24999,,,1682722831
newOrder,18142,0,19913,1682722862
newOrder,19066,1,19913,1682722862
newOrder,10885,0,88621,1682722862
newOrder,24999,1,88621,1682722862
cancel,10885,,,1682723431
cancel,18142,,,1682723431
cancel,19066,,,1682723431
cancel,24999,,,1682723431
newOrder,18140,0,19936,1682723460
newOrder,19066,1,19936,1682723460
newOrder,12001,0,22204,1682723460
newOrder,24957,1,22204,1682723460
cancel,12001,,,1682724031
cancel,18140,,,1682724031
cancel,19066,,,1682724031
cancel,24957,,,1682724031
newOrder,18141,0,19954,1682724061
newOrder,19066,1,19954,1682724061
newOrder,11604,0,26024,1682724061
newOrder,24957,1,26024,1682724061
cancel,11604,,,1682724631
cancel,18141,,,1682724631
cancel,19066,,,1682724631
cancel,24957,,,1682724631
newOrder,18141,0,19973,1682724660
newOrder,19066,1,19973,1682724660
newOrder,10885,0,71387,1682724660
newOrder,24999,1,71387,1682724660
cancel,10885,,,1682725232
cancel,18141,,,1682725232
cancel,19066,,,1682725232
cancel,24999,,,1682725232
newOrder,18141,0,19993,1682725263
newOrder,19066,1,19993,1682725263
newOrder,11604,0,23047,1682725263
newOrder,24957,1,23047,1682725263
cancel,11604,,,1682725830
cancel,18141,,,1682725830
cancel,19066,,,1682725830
cancel,24957,,,1682725830
newOrder,18141,0,20013,1682725860
newOrder,19066,1,20013,1682725860
newOrder,10885,0,53177,1682725860
newOrder,24999,1,53177,1682725860
cancel,10885,,,1682726431
cancel,18141,,,1682726431
cancel,19066,,,1682726431
cancel,24999,,,1682726431
newOrder,18141,0,20033,1682726460
newOrder,19066,1,20033,1682726460
newOrder,10885,0,96918,1682726460
newOrder,24999,1,96918,1682726460
cancel,10885,,,1682727031
cancel,18141,,,1682727031
cancel,19066,,,1682727031
cancel,24999,,,1682727031
newOrder,18140,0,20055,1682727060
newOrder,19066,1,20055,1682727060
newOrder,10884,0,80762,1682727060
newOrder,24999,1,80762,1682727060
cancel,10884,,,1682727631
cancel,18140,,,1682727631
cancel,19066,,,1682727631
cancel,24999,,,1682727631
newOrder,18140,0,20075,1682727665
newOrder,19066,1,20075,1682727665
newOrder,10884,0,56144,1682727665
newOrder,24999,1,56144,1682727665
cancel,10884,,,1682728231
cancel,18140,,,1682728231
cancel,19066,,,1682728231
cancel,24999,,,1682728231
newOrder,18142,0,20091,1682728260
newOrder,19066,1,20091,1682728260
newOrder,10885,0,107573,1682728260
newOrder,24999,1,107573,1682728260
cancel,10885,,,1682728831
cancel,18142,,,1682728831
cancel,19066,,,1682728831
cancel,24999,,,1682728831
newOrder,18141,0,20112,1682728860
newOrder,19066,1,20112,1682728860
newOrder,10885,0,72792,1682728860
newOrder,24999,1,72792,1682728860
cancel,10885,,,1682729431
cancel,18141,,,1682729431
cancel,19066,,,1682729431
cancel,24999,,,1682729431
newOrder,18141,0,20132,1682729460
newOrder,19066,1,20132,1682729460
newOrder,10885,0,54532,1682729460
newOrder,24999,1,54532,1682729460
cancel,10885,,,1682730032
cancel,18141,,,1682730032
cancel,19066,,,1682730032
cancel,24999,,,1682730032
newOrder,18142,0,20150,1682730062
newOrder,19066,1,20150,1682730062
newOrder,18001,0,13224,1682730062
newOrder,21887,1,13224,1682730062
cancel,18001,,,1682730631
cancel,18142,,,1682730631
cancel,19066,,,1682730631
cancel,21887,,,1682730631
newOrder,18142,0,20172,1682730662
newOrder,19066,1,20172,1682730662
newOrder,11001,0,48599,1682730662
newOrder,24999,1,48599,1682730662
cancel,11001,,,1682731231
cancel,18142,,,1682731231
cancel,19066,,,1682731231
cancel,24999,,,1682731231
newOrder,18141,0,20194,1682731260
newOrder,19066,1,20194,1682731260
newOrder,10885,0,94855,1682731260
newOrder,24999,1,94855,1682731260
cancel,10885,,,1682731831
cancel,18141,,,1682731831
cancel,19066,,,1682731831
cancel,24999,,,1682731831
newOrder,18142,0,20213,1682731861
newOrder,19066,1,20213,1682731861
newOrder,12001,0,22655,1682731861
newOrder,24957,1,22655,1682731861
cancel,12001,,,1682732431
cancel,18142,,,1682732431
cancel,19066,,,1682732431
cancel,24957,,,1682732431
newOrder,18141,0,20236,1682732460
newOrder,19066,1,20236,1682732460
newOrder,11001,0,49002,1682732460
newOrder,24999,1,49002,1682732460
cancel,11001,,,1682733031
cancel,18141,,,1682733031
cancel,19066,,,1682733031
cancel,24999,,,1682733031
newOrder,18141,0,20256,1682733062
newOrder,19066,1,20256,1682733062
newOrder,10885,0,51289,1682733062
newOrder,24999,1,51289,1682733062
cancel,10885,,,1682733631
cancel,18141,,,1682733631
cancel,19066,,,1682733631
cancel,24999,,,1682733631
newOrder,18140,0,20279,1682733662
newOrder,19066,1,20279,1682733662
newOrder,11286,0,47188,1682733662
newOrder,24999,1,47188,1682733662
cancel,11286,,,1682734231
cancel,18140,,,1682734231
cancel,19066,,,1682734231
cancel,24999,,,1682734231
newOrder,18141,0,20299,1682734260
newOrder,19066,1,20299,1682734260
newOrder,10884,0,109194,1682734260
newOrder,24999,1,109194,1682734260
cancel,10884,,,1682734831
cancel,18141,,,1682734831
cancel,19066,,,1682734831
cancel,24999,,,1682734831
cancel,10886,,,1682737231
cancel,18143,,,1682737231
cancel,19066,,,1682737231
cancel,24999,,,1682737231
newOrder,18143,0,20399,1682737260
newOrder,19066,1,20399,1682737260
newOrder,11604,0,24247,1682737260
newOrder,24957,1,24247,1682737260
cancel,11604,,,1682737831
cancel,18143,,,1682737831
cancel,19066,,,1682737831
cancel,24957,,,1682737831
newOrder,18143,0,20421,1682737859
newOrder,19066,1,20421,1682737859
newOrder,10886,0,70520,1682737859
newOrder,24999,1,70520,1682737859
cancel,10886,,,1682738431
cancel,18143,,,1682738431
cancel,19066,,,1682738431
cancel,24999,,,1682738431
newOrder,18143,0,20442,1682738459
newOrder,19066,1,20442,1682738459
newOrder,11604,0,40550,1682738459
newOrder,24957,1,40550,1682738459
cancel,11604,,,1682739031
cancel,18143,,,1682739031
cancel,19066,,,1682739031
cancel,24957,,,1682739031
newOrder,18143,0,20464,1682739060
newOrder,19066,1,20464,1682739060
newOrder,11506,0,42859,1682739060
newOrder,24957,1,42859,1682739060
cancel,11506,,,1682739631
cancel,18143,,,1682739631
cancel,19066,,,1682739631
cancel,24957,,,1682739631
newOrder,18142,0,20488,1682739660
newOrder,19066,1,20488,1682739660
newOrder,10885,0,80400,1682739660
newOrder,24999,1,80400,1682739660
cancel,10885,,,1682740231
cancel,18142,,,1682740231
cancel,19066,,,1682740231
cancel,24999,,,1682740231
newOrder,18143,0,20507,1682740260
newOrder,19066,1,20507,1682740260
newOrder,10886,0,101823,1682740260
newOrder,24999,1,101823,1682740260
cancel,10886,,,1682740831
cancel,18143,,,1682740831
cancel,19066,,,1682740831
cancel,24999,,,1682740831
newOrder,18141,0,20533,1682740859
newOrder,19066,1,20533,1682740859
newOrder,11506,0,42049,1682740859
newOrder,24957,1,42049,1682740859
cancel,11506,,,1682741431
cancel,18141,,,1682741431
cancel,19066,,,1682741431
cancel,24957,,,1682741431
newOrder,18142,0,20554,1682741460
newOrder,19066,1,20554,1682741460
newOrder,10885,0,83063,1682741460
newOrder,24999,1,83063,1682741460
cancel,10885,,,1682742032
cancel,18142,,,1682742032
cancel,19066,,,1682742032
cancel,24999,,,1682742032
newOrder,18093,0,20693,1682742062
newOrder,19066,1,20693,1682742062
newOrder,10856,0,71920,1682742062
newOrder,24999,1,71920,1682742062
cancel,10856,,,1682742630
cancel,18093,,,1682742630
cancel,19066,,,1682742630
cancel,24999,,,1682742630
newOrder,17963,0,20898,1682742661
newOrder,19066,1,20898,1682742661
newOrder,10778,0,101549,1682742661
newOrder,24999,1,101549,1682742661
cancel,10778,,,1682743231
cancel,17963,,,1682743231
cancel,19066,,,1682743231
cancel,24999,,,1682743231
newOrder,17964,0,20921,1682743262
newOrder,19066,1,20921,1682743262
newOrder,10778,0,104066,1682743262
newOrder,24999,1,104066,1682743262
cancel,10778,,,1682743831
cancel,17964,,,1682743831
cancel,19066,,,1682743831
cancel,24999,,,1682743831
newOrder,17964,0,20944,1682743860
newOrder,19066,1,20944,1682743860
newOrder,11604,0,35265,1682743860
newOrder,24957,1,35265,1682743860
cancel,11604,,,1682744432
cancel,17964,,,1682744432
cancel,19066,,,1682744432
cancel,24957,,,1682744432
newOrder,17965,0,20967,1682744459
newOrder,19066,1,20967,1682744459
newOrder,10779,0,104318,1682744459
newOrder,24999,1,104318,1682744459
cancel,10779,,,1682745032
cancel,17965,,,1682745032
cancel,19066,,,1682745032
cancel,24999,,,1682745032
newOrder,17966,0,20990,1682745061
newOrder,19066,1,20990,1682745061
newOrder,10780,0,59711,1682745061
newOrder,24999,1,59711,1682745061
cancel,10780,,,1682745631
cancel,17966,,,1682745631
cancel,19066,,,1682745631
cancel,24999,,,1682745631
newOrder,17965,0,21015,1682745660
newOrder,19066,1,21015,1682745660
newOrder,10779,0,50439,1682745660
newOrder,24999,1,50439,1682745660
cancel,10779,,,1682746229
cancel,17965,,,1682746229
cancel,19066,,,1682746229
cancel,24999,,,1682746229
newOrder,17965,0,21039,1682746258
newOrder,19066,1,21039,1682746258
newOrder,21887,1,19477,1682746258
cancel,17965,,,1682746831
cancel,19066,,,1682746831
cancel,21887,,,1682746831
newOrder,17965,0,21063,1682746860
newOrder,19066,1,21063,1682746860
newOrder,10779,0,53431,1682746860
newOrder,24999,1,53431,1682746860
cancel,10779,,,1682747431
cancel,17965,,,1682747431
cancel,19066,,,1682747431
cancel,24999,,,1682747431
newOrder,17965,0,21087,1682747460
newOrder,19066,1,21087,1682747460
newOrder,10779,0,63049,1682747460
newOrder,24999,1,63049,1682747460
cancel,10779,,,1682748031
cancel,17965,,,1682748031
cancel,19066,,,1682748031
cancel,24999,,,1682748031
newOrder,17965,0,21111,1682748059
newOrder,19066,1,21111,1682748059
newOrder,10779,0,97571,1682748059
newOrder,24999,1,97571,1682748059
cancel,10779,,,1682748631
cancel,17965,,,1682748631
cancel,19066,,,1682748631
cancel,24999,,,1682748631
newOrder,17983,0,21121,1682748660
newOrder,19066,1,21121,1682748660
newOrder,10790,0,107864,1682748660
newOrder,24999,1,107864,1682748660
cancel,10790,,,1682749230
cancel,17983,,,1682749230
cancel,19066,,,1682749230
cancel,24999,,,1682749230
newOrder,17983,0,21145,1682749262
newOrder,19066,1,21145,1682749262
newOrder,11286,0,45569,1682749262
newOrder,24957,1,45569,1682749262
cancel,11286,,,1682749832
cancel,17983,,,1682749832
cancel,19066,,,1682749832
cancel,24957,,,1682749832
newOrder,17983,0,21170,1682749861
newOrder,19066,1,21170,1682749861
newOrder,10790,0,104142,1682749861
newOrder,24999,1,104142,1682749861
cancel,10790,,,1682750431
cancel,17983,,,1682750431
cancel,19066,,,1682750431
cancel,24999,,,1682750431
newOrder,17983,0,21194,1682750460
newOrder,19066,1,21194,1682750460
newOrder,11001,0,50332,1682750460
newOrder,24999,1,50332,1682750460
cancel,11001,,,1682751030
cancel,17983,,,1682751030
cancel,19066,,,1682751030
cancel,24999,,,1682751030
newOrder,17983,0,21219,1682751060
newOrder,19066,1,21219,1682751060
newOrder,11604,0,33112,1682751060
newOrder,24957,1,33112,1682751060
cancel,11604,,,1682751631
cancel,17983,,,1682751631
cancel,19066,,,1682751631
cancel,24957,,,1682751631
newOrder,17983,0,21244,1682751661
newOrder,19066,1,21244,1682751661
newOrder,11604,0,30881,1682751661
newOrder,24957,1,30881,1682751661
cancel,11604,,,1682752231
cancel,17983,,,1682752231
cancel,19066,,,1682752231
cancel,24957,,,1682752231
newOrder,17983,0,21269,1682752260
newOrder,19066,1,21269,1682752260
newOrder,10790,0,108185,1682752260
newOrder,24999,1,108185,1682752260
cancel,10790,,,1682752831
cancel,17983,,,1682752831
cancel,19066,,,1682752831
cancel,24999,,,1682752831
newOrder,17983,0,21294,1682752862
newOrder,19066,1,21294,1682752862
newOrder,10790,0,113082,1682752862
newOrder,24999,1,113082,1682752862
cancel,10790,,,1682753430
cancel,17983,,,1682753430
cancel,19066,,,1682753430
cancel,24999,,,1682753430
newOrder,17983,0,21319,1682753460
newOrder,19066,1,21319,1682753460
newOrder,10790,0,104918,1682753460
newOrder,24999,1,104918,1682753460
cancel,10790,,,1682754031
cancel,17983,,,1682754031
cancel,19066,,,1682754031
cancel,24999,,,1682754031
newOrder,17988,0,21341,1682754060
newOrder,19066,1,21341,1682754060
newOrder,10793,0,63796,1682754060
newOrder,24999,1,63796,1682754060
cancel,10793,,,1682754631
cancel,17988,,,1682754631
cancel,19066,,,1682754631
cancel,24999,,,1682754631
newOrder,17988,0,21366,1682754660
newOrder,19066,1,21366,1682754660
newOrder,21887,1,16617,1682754660
cancel,17988,,,1682755231
cancel,19066,,,1682755231
cancel,21887,,,1682755231
newOrder,17988,0,21392,1682755260
newOrder,19066,1,21392,1682755260
newOrder,10793,0,51022,1682755260
newOrder,24999,1,51022,1682755260
cancel,10793,,,1682755831
cancel,17988,,,1682755831
cancel,19066,,,1682755831
cancel,24999,,,1682755831
newOrder,17988,0,21417,1682755861
newOrder,19066,1,21417,1682755861
newOrder,12001,0,22261,1682755861
newOrder,24957,1,22261,1682755861
cancel,12001,,,1682756431
cancel,17988,,,1682756431
cancel,19066,,,1682756431
cancel,24957,,,1682756431
newOrder,17988,0,21443,1682756462
newOrder,19066,1,21443,1682756462
newOrder,10793,0,102735,1682756462
newOrder,24999,1,102735,1682756462
cancel,10793,,,1682757031
cancel,17988,,,1682757031
cancel,19066,,,1682757031
cancel,24999,,,1682757031
newOrder,17988,0,21469,1682757061
newOrder,19066,1,21469,1682757061
newOrder,11604,0,30348,1682757061
newOrder,24957,1,30348,1682757061
cancel,11604,,,1682757631
cancel,17988,,,1682757631
cancel,19066,,,1682757631
cancel,24957,,,1682757631
newOrder,17988,0,21495,1682757659
newOrder,19066,1,21495,1682757659
newOrder,10793,0,97310,1682757659
newOrder,24999,1,97310,1682757659
cancel,10793,,,1682758231
cancel,17988,,,1682758231
cancel,19066,,,1682758231
cancel,24999,,,1682758231
newOrder,17988,0,21521,1682758261
newOrder,19066,1,21521,1682758261
newOrder,10793,0,88783,1682758261
newOrder,24999,1,88783,1682758261
cancel,10793,,,1682758831
cancel,17988,,,1682758831
cancel,19066,,,1682758831
cancel,24999,,,1682758831
newOrder,17988,0,21548,1682758862
newOrder,19066,1,21548,1682758862
newOrder,21887,1,13865,1682758862
cancel,17988,,,1682759431
cancel,19066,,,1682759431
cancel,21887,,,1682759431
newOrder,17988,0,21574,1682759460
newOrder,19066,1,21574,1682759460
newOrder,21887,1,20024,1682759460
cancel,17988,,,1682760031
cancel,19066,,,1682760031
cancel,21887,,,1682760031
newOrder,17988,0,21601,1682760060
newOrder,19066,1,21601,1682760060
newOrder,11604,0,29672,1682760060
newOrder,24957,1,29672,1682760060
cancel,11604,,,1682760631
cancel,17988,,,1682760631
cancel,19066,,,1682760631
cancel,24957,,,1682760631
newOrder,17988,0,21627,1682760660
newOrder,19066,1,21627,1682760660
newOrder,11604,0,25758,1682760660
newOrder,24957,1,25758,1682760660
cancel,11604,,,1682761231
cancel,17988,,,1682761231
cancel,19066,,,1682761231
cancel,24957,,,1682761231
newOrder,17988,0,21654,1682761259
newOrder,19066,1,21654,1682761259
newOrder,10793,0,64462,1682761259
newOrder,24999,1,64462,1682761259
cancel,10793,,,1682761831
cancel,17988,,,1682761831
cancel,19066,,,1682761831
cancel,24999,,,1682761831
newOrder,17988,0,21681,1682761861
newOrder,19066,1,21681,1682761861
newOrder,10793,0,99489,1682761861
newOrder,24999,1,99489,1682761861
cancel,10793,,,1682762431
cancel,17988,,,1682762431
cancel,19066,,,1682762431
cancel,24999,,,1682762431
newOrder,17988,0,21708,1682762461
newOrder,19066,1,21708,1682762461
newOrder,10793,0,79185,1682762461
newOrder,24999,1,79185,1682762461
cancel,10793,,,1682763031
cancel,17988,,,1682763031
cancel,19066,,,1682763031
cancel,24999,,,1682763031
newOrder,17988,0,21735,1682763060
newOrder,19066,1,21735,1682763060
newOrder,11001,0,50530,1682763060
newOrder,24999,1,50530,1682763060
cancel,11001,,,1682763631
cancel,17988,,,1682763631
cancel,19066,,,1682763631
cancel,24999,,,1682763631
newOrder,17988,0,21763,1682763662
newOrder,19066,1,21763,1682763662
newOrder,10793,0,76137,1682763662
newOrder,24999,1,76137,1682763662
cancel,10793,,,1682764231
cancel,17988,,,1682764231
cancel,19066,,,1682764231
cancel,24999,,,1682764231
newOrder,17988,0,21790,1682764260
newOrder,19066,1,21790,1682764260
newOrder,10793,0,54834,1682764260
newOrder,24999,1,54834,1682764260
cancel,10793,,,1682764831
cancel,17988,,,1682764831
cancel,19066,,,1682764831
cancel,24999,,,1682764831
newOrder,17988,0,21818,1682764862
newOrder,19066,1,21818,1682764862
newOrder,10793,0,51333,1682764862
newOrder,24999,1,51333,1682764862
cancel,10793,,,1682765431
cancel,17988,,,1682765431
cancel,19066,,,1682765431
cancel,24999,,,1682765431
newOrder,17988,0,21846,1682765460
newOrder,19066,1,21846,1682765460
newOrder,10793,0,104241,1682765460
newOrder,24999,1,104241,1682765460
cancel,10793,,,1682766031
cancel,17988,,,1682766031
cancel,19066,,,1682766031
cancel,24999,,,1682766031
newOrder,17988,0,21874,1682766061
newOrder,19066,1,21874,1682766061
newOrder,11286,0,46835,1682766061
newOrder,24957,1,46835,1682766061
cancel,11286,,,1682766631
cancel,17988,,,1682766631
cancel,19066,,,1682766631
cancel,24957,,,1682766631
newOrder,17988,0,21902,1682766661
newOrder,19066,1,21902,1682766661
newOrder,10793,0,94924,1682766661
newOrder,24999,1,94924,1682766661
cancel,10793,,,1682767231
cancel,17988,,,1682767231
cancel,19066,,,1682767231
cancel,24999,,,1682767231
newOrder,17988,0,21930,1682767260
newOrder,19066,1,21930,1682767260
newOrder,21887,1,18724,1682767260
cancel,17988,,,1682767831
cancel,19066,,,1682767831
cancel,21887,,,1682767831
newOrder,17988,0,21958,1682767860
newOrder,19066,1,21958,1682767860
newOrder,10793,0,80360,1682767860
newOrder,24999,1,80360,1682767860
cancel,10793,,,1682768431
cancel,17988,,,1682768431
cancel,19066,,,1682768431
cancel,24999,,,1682768431
newOrder,17988,0,21986,1682768460
newOrder,19066,1,21986,1682768460
newOrder,10793,0,87414,1682768460
newOrder,24999,1,87414,1682768460
cancel,10793,,,1682769031
cancel,17988,,,1682769031
cancel,19066,,,1682769031
cancel,24999,,,1682769031
newOrder,17988,0,22015,1682769060
newOrder,19066,1,22015,1682769060
newOrder,10793,0,109770,1682769060
newOrder,24999,1,109770,1682769060
cancel,10793,,,1682769631
cancel,17988,,,1682769631
cancel,19066,,,1682769631
cancel,24999,,,1682769631
newOrder,17988,0,22044,1682769661
newOrder,19066,1,22044,1682769661
newOrder,10793,0,69480,1682769661
newOrder,24999,1,69480,1682769661