instruction,price,side,qty,time
cancel,10634,,,1689768942
cancel,17241,,,1689768942
cancel,18075,,,1689768942
cancel,24999,,,1689768942
newOrder,17241,0,13640,1689768967
newOrder,18075,1,13640,1689768967
newOrder,12302,0,20435,1689768967
newOrder,24999,1,20435,1689768967
cancel,12302,,,1689769542
cancel,17241,,,1689769542
cancel,18075,,,1689769542
cancel,24999,,,1689769542
newOrder,17241,0,13643,1689769567
newOrder,18075,1,13643,1689769567
newOrder,10634,0,53828,1689769567
newOrder,24999,1,53828,1689769567
cancel,10634,,,1689770142
cancel,17241,,,1689770142
cancel,18075,,,1689770142
cancel,24999,,,1689770142
newOrder,17241,0,13647,1689770168
newOrder,18075,1,13647,1689770168
newOrder,10634,0,71846,1689770168
newOrder,24999,1,71846,1689770168
cancel,10634,,,1689770742
cancel,17241,,,1689770742
cancel,18075,,,1689770742
cancel,24999,,,1689770742
newOrder,17241,0,13650,1689770765
newOrder,18075,1,13650,1689770765
newOrder,12002,0,28020,1689770765
newOrder,24999,1,28020,1689770765
cancel,12002,,,1689771342
cancel,17241,,,1689771342
cancel,18075,,,1689771342
cancel,24999,,,1689771342
newOrder,17241,0,13654,1689771367
newOrder,18075,1,13654,1689771367
newOrder,10634,0,48611,1689771367
newOrder,24999,1,48611,1689771367
cancel,10634,,,1689771943
cancel,17241,,,1689771943
cancel,18075,,,1689771943
cancel,24999,,,1689771943
newOrder,17241,0,13657,1689771969
newOrder,18075,1,13657,1689771969
newOrder,10634,0,65689,1689771969
newOrder,24999,1,65689,1689771969
cancel,10634,,,1689772542
cancel,17241,,,1689772542
cancel,18075,,,1689772542
cancel,24999,,,1689772542
newOrder,17241,0,13661,1689772566
newOrder,18075,1,13661,1689772566
newOrder,12305,0,11770,1689772566
newOrder,19999,1,11770,1689772566
cancel,12305,,,1689773142
cancel,17241,,,1689773142
cancel,18075,,,1689773142
cancel,19999,,,1689773142
newOrder,17241,0,13664,1689773164
newOrder,18075,1,13664,1689773164
newOrder,12013,0,27089,1689773164
newOrder,24999,1,27089,1689773164
cancel,12013,,,1689773742
cancel,17241,,,1689773742
cancel,18075,,,1689773742
cancel,24999,,,1689773742
newOrder,17241,0,13668,1689773767
newOrder,18075,1,13668,1689773767
newOrder,10634,0,54979,1689773767
newOrder,24999,1,54979,1689773767
cancel,10634,,,1689774342
cancel,17241,,,1689774342
cancel,18075,,,1689774342
cancel,24999,,,1689774342
newOrder,17251,0,13678,1689774367
newOrder,18075,1,13678,1689774367
newOrder,10634,0,52943,1689774367
newOrder,24999,1,52943,1689774367
cancel,10634,,,1689774942
cancel,17251,,,1689774942
cancel,18075,,,1689774942
cancel,24999,,,1689774942
newOrder,17251,0,13682,1689774967
newOrder,18075,1,13682,1689774967
newOrder,10634,0,52961,1689774967
newOrder,24999,1,52961,1689774967
cancel,10634,,,1689775542
cancel,17251,,,1689775542
cancel,18075,,,1689775542
cancel,24999,,,1689775542
newOrder,17255,0,13688,1689775567
newOrder,18075,1,13688,1689775567
newOrder,10634,0,72341,1689775567
newOrder,24999,1,72341,1689775567
cancel,10634,,,1689776143
cancel,17255,,,1689776143
cancel,18075,,,1689776143
cancel,24999,,,1689776143
newOrder,17247,0,13686,1689776169
newOrder,18075,1,13686,1689776169
newOrder,10634,0,59590,1689776169
newOrder,24999,1,59590,1689776169
cancel,10634,,,1689776742
cancel,17247,,,1689776742
cancel,18075,,,1689776742
cancel,24999,,,1689776742
newOrder,17247,0,13690,1689776766
newOrder,18075,1,13690,1689776766
newOrder,10634,0,73780,1689776766
newOrder,24999,1,73780,1689776766
cancel,10634,,,1689777348
cancel,17247,,,1689777348
cancel,18075,,,1689777348
cancel,24999,,,1689777348
newOrder,17247,0,13694,1689777376
newOrder,18075,1,13694,1689777376
newOrder,10634,0,40230,1689777376
newOrder,24999,1,40230,1689777376
cancel,10634,,,1689777943
cancel,17247,,,1689777943
cancel,18075,,,1689777943
cancel,24999,,,1689777943
newOrder,17247,0,13697,1689777969
newOrder,18075,1,13697,1689777969
newOrder,10634,0,49917,1689777969
newOrder,24999,1,49917,1689777969
cancel,10634,,,1689778542
cancel,17247,,,1689778542
cancel,18075,,,1689778542
cancel,24999,,,1689778542
newOrder,17247,0,13701,1689778567
newOrder,18075,1,13701,1689778567
newOrder,12302,0,18934,1689778567
newOrder,24999,1,18934,1689778567
cancel,12302,,,1689779142
cancel,17247,,,1689779142
cancel,18075,,,1689779142
cancel,24999,,,1689779142
newOrder,17248,0,13704,1689779167
newOrder,18075,1,13704,1689779167
newOrder,10634,0,49576,1689779167
newOrder,24999,1,49576,1689779167
cancel,10634,,,1689779743
cancel,17248,,,1689779743
cancel,18075,,,1689779743
cancel,24999,,,1689779743
newOrder,17229,0,13693,1689779767
newOrder,18075,1,13693,1689779767
newOrder,10634,0,49544,1689779767
newOrder,24999,1,49544,1689779767
cancel,10634,,,1689780342
cancel,17229,,,1689780342
cancel,18075,,,1689780342
cancel,24999,,,1689780342
newOrder,17229,0,13697,1689780366
newOrder,18075,1,13697,1689780366
newOrder,12302,0,15800,1689780366
newOrder,24999,1,15800,1689780366
cancel,12302,,,1689780942
cancel,17229,,,1689780942
cancel,18075,,,1689780942
cancel,24999,,,1689780942
newOrder,17229,0,13700,1689780966
newOrder,18075,1,13700,1689780966
newOrder,10634,0,67157,1689780966
newOrder,24999,1,67157,1689780966
cancel,10634,,,1689781542
cancel,17229,,,1689781542
cancel,18075,,,1689781542
cancel,24999,,,1689781542
newOrder,17229,0,13704,1689781567
newOrder,18075,1,13704,1689781567
newOrder,10634,0,73023,1689781567
newOrder,24999,1,73023,1689781567
cancel,10634,,,1689782142
cancel,17229,,,1689782142
cancel,18075,,,1689782142
cancel,24999,,,1689782142
newOrder,17239,0,13715,1689782167
newOrder,18075,1,13715,1689782167
newOrder,12302,0,22721,1689782167
newOrder,24999,1,22721,1689782167
cancel,12302,,,1689782742
cancel,17239,,,1689782742
cancel,18075,,,1689782742
cancel,24999,,,1689782742
newOrder,17239,0,13719,1689782767
newOrder,18075,1,13719,1689782767
newOrder,10634,0,73780,1689782767
newOrder,24999,1,73780,1689782767
cancel,10634,,,1689783342
cancel,17239,,,1689783342
cancel,18075,,,1689783342
cancel,24999,,,1689783342
newOrder,17294,0,13762,1689783365
newOrder,18075,1,13762,1689783365
newOrder,10634,0,36014,1689783365
newOrder,24999,1,36014,1689783365
cancel,10634,,,1689783943
cancel,17294,,,1689783943
cancel,18075,,,1689783943
cancel,24999,,,1689783943
newOrder,17294,0,13766,1689783969
newOrder,18075,1,13766,1689783969
newOrder,12305,0,10175,1689783969
newOrder,19999,1,10175,1689783969
cancel,12305,,,1689784542
cancel,17294,,,1689784542
cancel,18075,,,1689784542
cancel,19999,,,1689784542
newOrder,17279,0,13759,1689784566
newOrder,18075,1,13759,1689784566
newOrder,12302,0,16560,1689784566
newOrder,24999,1,16560,1689784566
cancel,12302,,,1689785142
cancel,17279,,,1689785142
cancel,18075,,,1689785142
cancel,24999,,,1689785142
newOrder,17279,0,13762,1689785167
newOrder,18075,1,13762,1689785167
newOrder,12302,0,15494,1689785167
newOrder,24999,1,15494,1689785167
cancel,12302,,,1689785743
cancel,17279,,,1689785743
cancel,18075,,,1689785743
cancel,24999,,,1689785743
newOrder,17279,0,13766,1689785769
newOrder,18075,1,13766,1689785769
newOrder,10636,0,65353,1689785769
newOrder,24999,1,65353,1689785769
cancel,10636,,,1689786342
cancel,17279,,,1689786342
cancel,18075,,,1689786342
cancel,24999,,,1689786342
newOrder,17279,0,13770,1689786367
newOrder,18075,1,13770,1689786367
newOrder,10636,0,43920,1689786367
newOrder,24999,1,43920,1689786367
cancel,10636,,,1689786942
cancel,17279,,,1689786942
cancel,18075,,,1689786942
cancel,24999,,,1689786942
newOrder,17279,0,13773,1689786967
newOrder,18075,1,13773,1689786967
newOrder,12302,0,24341,1689786967
newOrder,24999,1,24341,1689786967
cancel,12302,,,1689787542
cancel,17279,,,1689787542
cancel,18075,,,1689787542
cancel,24999,,,1689787542
newOrder,17279,0,13777,1689787566
newOrder,18075,1,13777,1689787566
newOrder,10636,0,45366,1689787566
newOrder,24999,1,45366,1689787566
cancel,10636,,,1689788143
cancel,17279,,,1689788143
cancel,18075,,,1689788143
cancel,24999,,,1689788143
newOrder,17235,0,13747,1689788168
newOrder,18075,1,13747,1689788168
newOrder,10636,0,48092,1689788168
newOrder,24999,1,48092,1689788168
cancel,10636,,,1689788744
cancel,17235,,,1689788744
cancel,18075,,,1689788744
cancel,24999,,,1689788744
newOrder,17244,0,13758,1689788768
newOrder,18075,1,13758,1689788768
newOrder,10636,0,40497,1689788768
newOrder,24999,1,40497,1689788768
cancel,10636,,,1689789343
cancel,17244,,,1689789343
cancel,18075,,,1689789343
cancel,24999,,,1689789343
newOrder,17256,0,13771,1689789367
newOrder,18075,1,13771,1689789367
newOrder,12305,0,13475,1689789367
newOrder,19999,1,13475,1689789367
cancel,12305,,,1689789942
cancel,17256,,,1689789942
cancel,18075,,,1689789942
cancel,19999,,,1689789942
newOrder,17266,0,13782,1689789967
newOrder,18075,1,13782,1689789967
newOrder,12307,0,9758,1689789967
newOrder,19999,1,9758,1689789967
cancel,12307,,,1689790542
cancel,17266,,,1689790542
cancel,18075,,,1689790542
cancel,19999,,,1689790542
newOrder,17266,0,13785,1689790567
newOrder,18075,1,13785,1689790567
newOrder,10636,0,64662,1689790567
newOrder,24999,1,64662,1689790567
cancel,10636,,,1689791143
cancel,17266,,,1689791143
cancel,18075,,,1689791143
cancel,24999,,,1689791143
newOrder,17266,0,13789,1689791168
newOrder,18075,1,13789,1689791168
newOrder,10636,0,50005,1689791168
newOrder,24999,1,50005,1689791168
cancel,10636,,,1689791742
cancel,17266,,,1689791742
cancel,18075,,,1689791742
cancel,24999,,,1689791742
newOrder,17266,0,13793,1689791768
newOrder,18075,1,13793,1689791768
newOrder,10636,0,66153,1689791768
newOrder,24999,1,66153,1689791768
cancel,10636,,,1689792342
cancel,17266,,,1689792342
cancel,18075,,,1689792342
cancel,24999,,,1689792342
newOrder,17266,0,13796,1689792367
newOrder,18075,1,13796,1689792367
newOrder,12302,0,20679,1689792367
newOrder,24999,1,20679,1689792367
cancel,12302,,,1689792943
cancel,17266,,,1689792943
cancel,18075,,,1689792943
cancel,24999,,,1689792943
newOrder,17266,0,13800,1689792968
newOrder,18075,1,13800,1689792968
newOrder,10636,0,31822,1689792968
newOrder,24999,1,31822,1689792968
cancel,10636,,,1689793542
cancel,17266,,,1689793542
cancel,18075,,,1689793542
cancel,24999,,,1689793542
newOrder,17240,0,13784,1689793568
newOrder,18075,1,13784,1689793568
newOrder,10636,0,64711,1689793568
newOrder,24999,1,64711,1689793568
cancel,10636,,,1689794143
cancel,17240,,,1689794143
cancel,18075,,,1689794143
cancel,24999,,,1689794143
newOrder,17240,0,13787,1689794168
newOrder,18075,1,13787,1689794168
newOrder,10636,0,55148,1689794168
newOrder,24999,1,55148,1689794168
cancel,10636,,,1689794742
cancel,17240,,,1689794742
cancel,18075,,,1689794742
cancel,24999,,,1689794742
newOrder,17243,0,13793,1689794766
newOrder,18075,1,13793,1689794766
newOrder,10638,0,53133,1689794766
newOrder,24999,1,53133,1689794766
cancel,10638,,,1689795342
cancel,17243,,,1689795342
cancel,18075,,,1689795342
cancel,24999,,,1689795342
newOrder,17243,0,13797,1689795367
newOrder,18075,1,13797,1689795367
newOrder,10638,0,59236,1689795367
newOrder,24999,1,59236,1689795367
cancel,10638,,,1689795942
cancel,17243,,,1689795942
cancel,18075,,,1689795942
cancel,24999,,,1689795942
newOrder,17243,0,13801,1689795967
newOrder,18075,1,13801,1689795967
newOrder,10638,0,64806,1689795967
newOrder,24999,1,64806,1689795967
cancel,10638,,,1689796542
cancel,17243,,,1689796542
cancel,18075,,,1689796542
cancel,24999,,,1689796542
newOrder,17243,0,13804,1689796567
newOrder,18075,1,13804,1689796567
newOrder,10346,0,44672,1689796567
newOrder,24999,1,44672,1689796567
cancel,10346,,,1689797142
cancel,17243,,,1689797142
cancel,18075,,,1689797142
cancel,24999,,,1689797142
newOrder,17243,0,13808,1689797166
newOrder,18075,1,13808,1689797166
newOrder,10346,0,71875,1689797166
newOrder,24999,1,71875,1689797166
cancel,10346,,,1689797742
cancel,17243,,,1689797742
cancel,18075,,,1689797742
cancel,24999,,,1689797742
newOrder,17243,0,13811,1689797766
newOrder,18075,1,13811,1689797766
newOrder,15742,0,8830,1689797766
newOrder,19999,1,8830,1689797766
cancel,15742,,,1689798343
cancel,17243,,,1689798343
cancel,18075,,,1689798343
cancel,19999,,,1689798343
newOrder,17243,0,13815,1689798367
newOrder,18075,1,13815,1689798367
newOrder,10529,0,74115,1689798367
newOrder,24999,1,74115,1689798367
cancel,10529,,,1689798942
cancel,17243,,,1689798942
cancel,18075,,,1689798942
cancel,24999,,,1689798942
newOrder,17477,0,13948,1689798969
newOrder,18075,1,13948,1689798969
newOrder,12305,0,27375,1689798969
newOrder,24999,1,27375,1689798969
cancel,12305,,,1689799542
cancel,17477,,,1689799542
cancel,18075,,,1689799542
cancel,24999,,,1689799542
newOrder,17477,0,13952,1689799566
newOrder,18075,1,13952,1689799566
newOrder,10529,0,55597,1689799566
newOrder,24999,1,55597,1689799566
cancel,10529,,,1689800143
cancel,17477,,,1689800143
cancel,18075,,,1689800143
cancel,24999,,,1689800143
newOrder,17477,0,13956,1689800167
newOrder,18075,1,13956,1689800167
newOrder,12301,0,37887,1689800167
newOrder,24999,1,37887,1689800167
cancel,12301,,,1689800743
cancel,17477,,,1689800743
cancel,18075,,,1689800743
cancel,24999,,,1689800743
newOrder,17477,0,13960,1689800767
newOrder,18075,1,13960,1689800767
newOrder,12302,0,32491,1689800767
newOrder,24999,1,32491,1689800767
cancel,12302,,,1689801342
cancel,17477,,,1689801342
cancel,18075,,,1689801342
cancel,24999,,,1689801342
newOrder,17477,0,13964,1689801366
newOrder,18075,1,13964,1689801366
newOrder,10529,0,67175,1689801366
newOrder,24999,1,67175,1689801366
cancel,10529,,,1689801942
cancel,17477,,,1689801942
cancel,18075,,,1689801942
cancel,24999,,,1689801942
newOrder,17477,0,13967,1689801967
newOrder,18075,1,13967,1689801967
newOrder,10529,0,62795,1689801967
newOrder,24999,1,62795,1689801967
cancel,10529,,,1689802543
cancel,17477,,,1689802543
cancel,18075,,,1689802543
cancel,24999,,,1689802543
newOrder,17477,0,13971,1689802566
newOrder,18075,1,13971,1689802566
newOrder,12302,0,37034,1689802566
newOrder,24999,1,37034,1689802566
cancel,12302,,,1689803142
cancel,17477,,,1689803142
cancel,18075,,,1689803142
cancel,24999,,,1689803142
newOrder,17477,0,13975,1689803166
newOrder,18075,1,13975,1689803166
newOrder,15742,0,17259,1689803166
newOrder,24999,1,17259,1689803166
cancel,15742,,,1689803743
cancel,17477,,,1689803743
cancel,18075,,,1689803743
cancel,24999,,,1689803743
newOrder,17477,0,13979,1689803767
newOrder,18075,1,13979,1689803767
newOrder,15742,0,17866,1689803767
newOrder,24999,1,17866,1689803767
cancel,15742,,,1689804343
cancel,17477,,,1689804343
cancel,18075,,,1689804343
cancel,24999,,,1689804343
newOrder,17477,0,13983,1689804369
newOrder,18075,1,13983,1689804369
newOrder,10529,0,46793,1689804369
newOrder,24999,1,46793,1689804369
cancel,10529,,,1689804942
cancel,17477,,,1689804942
cancel,18075,,,1689804942
cancel,24999,,,1689804942
newOrder,17477,0,13986,1689804967
newOrder,18075,1,13986,1689804967
newOrder,10529,0,50154,1689804967
newOrder,24999,1,50154,1689804967
cancel,10529,,,1689805543
cancel,17477,,,1689805543
cancel,18075,,,1689805543
cancel,24999,,,1689805543
newOrder,17477,0,13990,1689805567
newOrder,18075,1,13990,1689805567
newOrder,15742,0,21031,1689805567
newOrder,24999,1,21031,1689805567
cancel,15742,,,1689806142
cancel,17477,,,1689806142
cancel,18075,,,1689806142
cancel,24999,,,1689806142
newOrder,17477,0,13994,1689806169
newOrder,18075,1,13994,1689806169
newOrder,15742,0,14988,1689806169
newOrder,19999,1,14988,1689806169
cancel,15742,,,1689806743
cancel,17477,,,1689806743
cancel,18075,,,1689806743
cancel,19999,,,1689806743
newOrder,17535,0,14013,1689806768
newOrder,18075,1,14013,1689806768
newOrder,10529,0,53334,1689806768
newOrder,24999,1,53334,1689806768
cancel,10529,,,1689807342
cancel,17535,,,1689807342
cancel,18075,,,1689807342
cancel,24999,,,1689807342
newOrder,17535,0,14017,1689807366
newOrder,18075,1,14017,1689807366
newOrder,10529,0,45437,1689807366
newOrder,24999,1,45437,1689807366
cancel,10529,,,1689807942
cancel,17535,,,1689807942
cancel,18075,,,1689807942
cancel,24999,,,1689807942
newOrder,17535,0,14021,1689807966
newOrder,18075,1,14021,1689807966
newOrder,15742,0,22445,1689807966
newOrder,24999,1,22445,1689807966
cancel,15742,,,1689808543
cancel,17535,,,1689808543
cancel,18075,,,1689808543
cancel,24999,,,1689808543
newOrder,17535,0,14025,1689808567
newOrder,18075,1,14025,1689808567
newOrder,10521,0,68686,1689808567
newOrder,24999,1,68686,1689808567
cancel,10521,,,1689809143
cancel,17535,,,1689809143
cancel,18075,,,1689809143
cancel,24999,,,1689809143
newOrder,17535,0,14028,1689809167
newOrder,18075,1,14028,1689809167
newOrder,10521,0,68477,1689809167
newOrder,24999,1,68477,1689809167
cancel,10521,,,1689809742
cancel,17535,,,1689809742
cancel,18075,,,1689809742
cancel,24999,,,1689809742
newOrder,17518,0,14029,1689809767
newOrder,18075,1,14029,1689809767
newOrder,10529,0,60764,1689809767
newOrder,24999,1,60764,1689809767
cancel,10529,,,1689810342
cancel,17518,,,1689810342
cancel,18075,,,1689810342
cancel,24999,,,1689810342
newOrder,17518,0,14032,1689810367
newOrder,18075,1,14032,1689810367
newOrder,15742,0,24167,1689810367
newOrder,24999,1,24167,1689810367
cancel,15742,,,1689810942
cancel,17518,,,1689810942
cancel,18075,,,1689810942
cancel,24999,,,1689810942
newOrder,17518,0,14036,1689810966
newOrder,18075,1,14036,1689810966
newOrder,10529,0,74676,1689810966
newOrder,24999,1,74676,1689810966
cancel,10529,,,1689811542
cancel,17518,,,1689811542
cancel,18075,,,1689811542
cancel,24999,,,1689811542
newOrder,17518,0,14040,1689811569
newOrder,18075,1,14040,1689811569
newOrder,10529,0,57134,1689811569
newOrder,24999,1,57134,1689811569
cancel,10529,,,1689812142
cancel,17518,,,1689812142
cancel,18075,,,1689812142
cancel,24999,,,1689812142
newOrder,17518,0,14044,1689812166
newOrder,18075,1,14044,1689812166
newOrder,10531,0,47946,1689812166
newOrder,24999,1,47946,1689812166
cancel,10531,,,1689812743
cancel,17518,,,1689812743
cancel,18075,,,1689812743
cancel,24999,,,1689812743
newOrder,17518,0,14048,1689812773
newOrder,18075,1,14048,1689812773
newOrder,12302,0,36305,1689812773
newOrder,24999,1,36305,1689812773
cancel,12302,,,1689813342
cancel,17518,,,1689813342
cancel,18075,,,1689813342
cancel,24999,,,1689813342
newOrder,17498,0,14047,1689813367
newOrder,18075,1,14047,1689813367
newOrder,12302,0,36871,1689813367
newOrder,24999,1,36871,1689813367
cancel,12302,,,1689813942
cancel,17498,,,1689813942
cancel,18075,,,1689813942
cancel,24999,,,1689813942
newOrder,17498,0,14051,1689813967
newOrder,18075,1,14051,1689813967
newOrder,10531,0,53749,1689813967
newOrder,24999,1,53749,1689813967
cancel,10531,,,1689814542
cancel,17498,,,1689814542
cancel,18075,,,1689814542
cancel,24999,,,1689814542
newOrder,17498,0,14055,1689814567
newOrder,18075,1,14055,1689814567
newOrder,15742,0,13378,1689814567
newOrder,19999,1,13378,1689814567
cancel,15742,,,1689815142
cancel,17498,,,1689815142
cancel,18075,,,1689815142
cancel,19999,,,1689815142
newOrder,17498,0,14058,1689815167
newOrder,18075,1,14058,1689815167
newOrder,12162,0,38262,1689815167
newOrder,24999,1,38262,1689815167
cancel,12162,,,1689815742
cancel,17498,,,1689815742
cancel,18075,,,1689815742
cancel,24999,,,1689815742
newOrder,17498,0,14062,1689815767
newOrder,18075,1,14062,1689815767
newOrder,15742,0,25327,1689815767
newOrder,24999,1,25327,1689815767
cancel,15742,,,1689816342
cancel,17498,,,1689816342
cancel,18075,,,1689816342
cancel,24999,,,1689816342
newOrder,17498,0,14066,1689816366
newOrder,18075,1,14066,1689816366
newOrder,10533,0,64709,1689816366
newOrder,24999,1,64709,1689816366
cancel,10533,,,1689816943
cancel,17498,,,1689816943
cancel,18075,,,1689816943
cancel,24999,,,1689816943
newOrder,17498,0,14070,1689816970
newOrder,18075,1,14070,1689816970
newOrder,10533,0,72269,1689816970
newOrder,24999,1,72269,1689816970
cancel,10533,,,1689817542
cancel,17498,,,1689817542
cancel,18075,,,1689817542
cancel,24999,,,1689817542
newOrder,17498,0,14074,1689817567
newOrder,18075,1,14074,1689817567
newOrder,15742,0,26899,1689817567
newOrder,24999,1,26899,1689817567
cancel,15742,,,1689818143
cancel,17498,,,1689818143
cancel,18075,,,1689818143
cancel,24999,,,1689818143
newOrder,17499,0,14078,1689818167
newOrder,18075,1,14078,1689818167
newOrder,10535,0,61297,1689818167
newOrder,24999,1,61297,1689818167
cancel,10535,,,1689818742
cancel,17499,,,1689818742
cancel,18075,,,1689818742
cancel,24999,,,1689818742
newOrder,17499,0,14082,1689818767
newOrder,18075,1,14082,1689818767
newOrder,10535,0,55800,1689818767
newOrder,24999,1,55800,1689818767
cancel,10535,,,1689819342
cancel,17499,,,1689819342
cancel,18075,,,1689819342
cancel,24999,,,1689819342
newOrder,17499,0,14086,1689819365
newOrder,18075,1,14086,1689819365
newOrder,12302,0,31818,1689819365
newOrder,24999,1,31818,1689819365
cancel,12302,,,1689819942
cancel,17499,,,1689819942
cancel,18075,,,1689819942
cancel,24999,,,1689819942
newOrder,17499,0,14090,1689819967
newOrder,18075,1,14090,1689819967
newOrder,10535,0,45399,1689819967
newOrder,24999,1,45399,1689819967
cancel,10535,,,1689820543
cancel,17499,,,1689820543
cancel,18075,,,1689820543
cancel,24999,,,1689820543
newOrder,17472,0,14085,1689820568
newOrder,18075,1,14085,1689820568
newOrder,10535,0,55069,1689820568
newOrder,24999,1,55069,1689820568
cancel,10535,,,1689821142
cancel,17472,,,1689821142
cancel,18075,,,1689821142
cancel,24999,,,1689821142
newOrder,17472,0,14089,1689821166
newOrder,18075,1,14089,1689821166
newOrder,10535,0,62437,1689821166
newOrder,24999,1,62437,1689821166
cancel,10535,,,1689821742
cancel,17472,,,1689821742
cancel,18075,,,1689821742
cancel,24999,,,1689821742
newOrder,17472,0,14093,1689821766
newOrder,18075,1,14093,1689821766
newOrder,10535,0,43129,1689821766
newOrder,24999,1,43129,1689821766
cancel,10535,,,1689822342
cancel,17472,,,1689822342
cancel,18075,,,1689822342
cancel,24999,,,1689822342
newOrder,17472,0,14097,1689822367
newOrder,18075,1,14097,1689822367
newOrder,10535,0,53085,1689822367
newOrder,24999,1,53085,1689822367
cancel,10535,,,1689822943
cancel,17472,,,1689822943
cancel,18075,,,1689822943
cancel,24999,,,1689822943
newOrder,17428,0,14084,1689822966
newOrder,18075,1,14084,1689822966
newOrder,10535,0,43348,1689822966
newOrder,24999,1,43348,1689822966
cancel,10535,,,1689823542
cancel,17428,,,1689823542
cancel,18075,,,1689823542
cancel,24999,,,1689823542
newOrder,17428,0,14088,1689823568
newOrder,18075,1,14088,1689823568
newOrder,10535,0,61476,1689823568
newOrder,24999,1,61476,1689823568
cancel,10535,,,1689824142
cancel,17428,,,1689824142
cancel,18075,,,1689824142
cancel,24999,,,1689824142
newOrder,17428,0,14092,1689824165
newOrder,18075,1,14092,1689824165
newOrder,10535,0,51180,1689824165
newOrder,24999,1,51180,1689824165
cancel,10535,,,1689824742
cancel,17428,,,1689824742
cancel,18075,,,1689824742
cancel,24999,,,1689824742
newOrder,17428,0,14095,1689824765
newOrder,18075,1,14095,1689824765
newOrder,12302,0,28803,1689824765
newOrder,24999,1,28803,1689824765
cancel,12302,,,1689825343
cancel,17428,,,1689825343
cancel,18075,,,1689825343
cancel,24999,,,1689825343
newOrder,17428,0,14099,1689825368
newOrder,18075,1,14099,1689825368
newOrder,10535,0,59004,1689825368
newOrder,24999,1,59004,1689825368
cancel,10535,,,1689825942
cancel,17428,,,1689825942
cancel,18075,,,1689825942
cancel,24999,,,1689825942
newOrder,17428,0,14103,1689825966
newOrder,18075,1,14103,1689825966
newOrder,10535,0,63020,1689825966
newOrder,24999,1,63020,1689825966
cancel,10535,,,1689826542
cancel,17428,,,1689826542
cancel,18075,,,1689826542
cancel,24999,,,1689826542
newOrder,17428,0,14107,1689826566
newOrder,18075,1,14107,1689826566
newOrder,15742,0,14863,1689826566
newOrder,19999,1,14863,1689826566
cancel,15742,,,1689827143
cancel,17428,,,1689827143
cancel,18075,,,1689827143
cancel,19999,,,1689827143
newOrder,17428,0,14111,1689827166
newOrder,18075,1,14111,1689827166
newOrder,10535,0,56670,1689827166
newOrder,24999,1,56670,1689827166
cancel,10535,,,1689827742
cancel,17428,,,1689827742
cancel,18075,,,1689827742
cancel,24999,,,1689827742
newOrder,17428,0,14115,1689827766
newOrder,18075,1,14115,1689827766
newOrder,10535,0,42128,1689827766
newOrder,24999,1,42128,1689827766
cancel,10535,,,1689828342
cancel,17428,,,1689828342
cancel,18075,,,1689828342
cancel,24999,,,1689828342
newOrder,17428,0,14119,1689828366
newOrder,18075,1,14119,1689828366
newOrder,15742,0,26833,1689828366
newOrder,24999,1,26833,1689828366
cancel,15742,,,1689828942
cancel,17428,,,1689828942
cancel,18075,,,1689828942
cancel,24999,,,1689828942
newOrder,17428,0,14123,1689828966
newOrder,18075,1,14123,1689828966
newOrder,10535,0,49528,1689828966
newOrder,24999,1,49528,1689828966
cancel,10535,,,1689829542
cancel,17428,,,1689829542
cancel,18075,,,1689829542
cancel,24999,,,1689829542
newOrder,17428,0,14127,1689829566
newOrder,18075,1,14127,1689829566
newOrder,10535,0,58745,1689829566
newOrder,24999,1,58745,1689829566
cancel,10535,,,1689830142
cancel,17428,,,1689830142
cancel,18075,,,1689830142
cancel,24999,,,1689830142
newOrder,17428,0,14131,1689830168
newOrder,18075,1,14131,1689830168
newOrder,10535,0,66521,1689830168
newOrder,24999,1,66521,1689830168
cancel,10535,,,1689830742
cancel,17428,,,1689830742
cancel,18075,,,1689830742
cancel,24999,,,1689830742
newOrder,17428,0,14135,1689830766
newOrder,18075,1,14135,1689830766
newOrder,12002,0,41470,1689830766
newOrder,24999,1,41470,1689830766
cancel,12002,,,1689831342
cancel,17428,,,1689831342
cancel,18075,,,1689831342
cancel,24999,,,1689831342
newOrder,17431,0,14140,1689831365
newOrder,18075,1,14140,1689831365
newOrder,10535,0,62580,1689831365
newOrder,24999,1,62580,1689831365
cancel,10535,,,1689831943
cancel,17431,,,1689831943
cancel,18075,,,1689831943
cancel,24999,,,1689831943
newOrder,17431,0,14144,1689831966
newOrder,18075,1,14144,1689831966
newOrder,10535,0,53753,1689831966
newOrder,24999,1,53753,1689831966
cancel,10535,,,1689832543
cancel,17431,,,1689832543
cancel,18075,,,1689832543
cancel,24999,,,1689832543
newOrder,17431,0,14148,1689832568
newOrder,18075,1,14148,1689832568
newOrder,10535,0,75169,1689832568
newOrder,24999,1,75169,1689832568
cancel,10535,,,1689833142
cancel,17431,,,1689833142
cancel,18075,,,1689833142
cancel,24999,,,1689833142
newOrder,17440,0,14156,1689833167
newOrder,18075,1,14156,1689833167
newOrder,12301,0,38071,1689833167
newOrder,24999,1,38071,1689833167
cancel,12301,,,1689833744
cancel,17440,,,1689833744
cancel,18075,,,1689833744
cancel,24999,,,1689833744
newOrder,17440,0,14160,1689833770
newOrder,18075,1,14160,1689833770
newOrder,10535,0,75280,1689833770
newOrder,24999,1,75280,1689833770
cancel,10535,,,1689834343
cancel,17440,,,1689834343
cancel,18075,,,1689834343
cancel,24999,,,1689834343
newOrder,17440,0,14164,1689834368
newOrder,18075,1,14164,1689834368
newOrder,10535,0,65622,1689834368
newOrder,24999,1,65622,1689834368
cancel,10535,,,1689834942
cancel,17440,,,1689834942
cancel,18075,,,1689834942
cancel,24999,,,1689834942
newOrder,17440,0,14168,1689834965
newOrder,18075,1,14168,1689834965
newOrder,12013,0,41078,1689834965
newOrder,24999,1,41078,1689834965
cancel,12013,,,1689835542
cancel,17440,,,1689835542
cancel,18075,,,1689835542
cancel,24999,,,1689835542
newOrder,17440,0,14172,1689835567
newOrder,18075,1,14172,1689835567
newOrder,12162,0,38841,1689835567
newOrder,24999,1,38841,1689835567
cancel,12162,,,1689836142
cancel,17440,,,1689836142
cancel,18075,,,1689836142
cancel,24999,,,1689836142
newOrder,17440,0,14175,1689836166
newOrder,18075,1,14175,1689836166
newOrder,15742,0,11614,1689836166
newOrder,19999,1,11614,1689836166
cancel,15742,,,1689836742
cancel,17440,,,1689836742
cancel,18075,,,1689836742
cancel,19999,,,1689836742
newOrder,17440,0,14179,1689836768
newOrder,18075,1,14179,1689836768
newOrder,10535,0,75865,1689836768
newOrder,24999,1,75865,1689836768
cancel,10535,,,1689837343
cancel,17440,,,1689837343
cancel,18075,,,1689837343
cancel,24999,,,1689837343
newOrder,17440,0,14183,1689837373
newOrder,18075,1,14183,1689837373
newOrder,10535,0,54859,1689837373
newOrder,24999,1,54859,1689837373
cancel,10535,,,1689837942
cancel,17440,,,1689837942
cancel,18075,,,1689837942
cancel,24999,,,1689837942
newOrder,17440,0,14187,1689837966
newOrder,18075,1,14187,1689837966
newOrder,12302,0,33760,1689837966
newOrder,24999,1,33760,1689837966
cancel,12302,,,1689838542
cancel,17440,,,1689838542
cancel,18075,,,1689838542
cancel,24999,,,1689838542
newOrder,17440,0,14191,1689838567
newOrder,18075,1,14191,1689838567
newOrder,12162,0,39326,1689838567
newOrder,24999,1,39326,1689838567
cancel,12162,,,1689839142
cancel,17440,,,1689839142
cancel,18075,,,1689839142
cancel,24999,,,1689839142
newOrder,17440,0,14195,1689839167
newOrder,18075,1,14195,1689839167
newOrder,15742,0,24808,1689839167
newOrder,24999,1,24808,1689839167
cancel,15742,,,1689839742
cancel,17440,,,1689839742
cancel,18075,,,1689839742
cancel,24999,,,1689839742
newOrder,17446,0,14202,1689839766
newOrder,18075,1,14202,1689839766
newOrder,10535,0,52709,1689839766
newOrder,24999,1,52709,1689839766
cancel,10535,,,1689840342
cancel,17446,,,1689840342
cancel,18075,,,1689840342
cancel,24999,,,1689840342
newOrder,17446,0,14206,1689840367
newOrder,18075,1,14206,1689840367
newOrder,15742,0,17729,1689840367
newOrder,24999,1,17729,1689840367
cancel,15742,,,1689840942
cancel,17446,,,1689840942
cancel,18075,,,1689840942
cancel,24999,,,1689840942
newOrder,17446,0,14210,1689840966
newOrder,18075,1,14210,1689840966
newOrder,10535,0,48225,1689840966
newOrder,24999,1,48225,1689840966
cancel,10535,,,1689841543
cancel,17446,,,1689841543
cancel,18075,,,1689841543
cancel,24999,,,1689841543
newOrder,17455,0,14218,1689841568
newOrder,18075,1,14218,1689841568
newOrder,10535,0,45897,1689841568
newOrder,24999,1,45897,1689841568
cancel,10535,,,1689842142
cancel,17455,,,1689842142
cancel,18075,,,1689842142
cancel,24999,,,1689842142
newOrder,17465,0,14225,1689842166
newOrder,18075,1,14225,1689842166
newOrder,12013,0,41158,1689842166
newOrder,24999,1,41158,1689842166
cancel,12013,,,1689842742
cancel,17465,,,1689842742
cancel,18075,,,1689842742
cancel,24999,,,1689842742
newOrder,17474,0,14233,1689842766
newOrder,18075,1,14233,1689842766
newOrder,15742,0,24780,1689842766
newOrder,24999,1,24780,1689842766
cancel,15742,,,1689843342
cancel,17474,,,1689843342
cancel,18075,,,1689843342
cancel,24999,,,1689843342
newOrder,17430,0,14219,1689843366
newOrder,18075,1,14219,1689843366
newOrder,15742,0,23215,1689843366
newOrder,24999,1,23215,1689843366
cancel,15742,,,1689843942
cancel,17430,,,1689843942
cancel,18075,,,1689843942
cancel,24999,,,1689843942
newOrder,17430,0,14223,1689843967
newOrder,18075,1,14223,1689843967
newOrder,10535,0,47442,1689843967
newOrder,24999,1,47442,1689843967
cancel,10535,,,1689844543
cancel,17430,,,1689844543
cancel,18075,,,1689844543
cancel,24999,,,1689844543
newOrder,17430,0,14227,1689844566
newOrder,18075,1,14227,1689844566
newOrder,15742,0,12069,1689844566
newOrder,19999,1,12069,1689844566
cancel,15742,,,1689845142
cancel,17430,,,1689845142
cancel,18075,,,1689845142
cancel,19999,,,1689845142
newOrder,17430,0,14231,1689845166
newOrder,18075,1,14231,1689845166
newOrder,10535,0,42841,1689845166
newOrder,24999,1,42841,1689845166
cancel,10535,,,1689845743
cancel,17430,,,1689845743
cancel,18075,,,1689845743
cancel,24999,,,1689845743
newOrder,17430,0,14235,1689845766
newOrder,18075,1,14235,1689845766
newOrder,12302,0,32102,1689845766
newOrder,24999,1,32102,1689845766
cancel,12302,,,1689846342
cancel,17430,,,1689846342
cancel,18075,,,1689846342
cancel,24999,,,1689846342
newOrder,17430,0,14239,1689846367
newOrder,18075,1,14239,1689846367
newOrder,10535,0,50132,1689846367
newOrder,24999,1,50132,1689846367
cancel,10535,,,1689846942
cancel,17430,,,1689846942
cancel,18075,,,1689846942
cancel,24999,,,1689846942
newOrder,17430,0,14243,1689846967
newOrder,18075,1,14243,1689846967
newOrder,12302,0,35010,1689846967
newOrder,24999,1,35010,1689846967
cancel,12302,,,1689847542
cancel,17430,,,1689847542
cancel,18075,,,1689847542
cancel,24999,,,1689847542
newOrder,17430,0,14247,1689847565
newOrder,18075,1,14247,1689847565
newOrder,10535,0,50822,1689847565
newOrder,24999,1,50822,1689847565
cancel,10535,,,1689848143
cancel,17430,,,1689848143
cancel,18075,,,1689848143
cancel,24999,,,1689848143
newOrder,17440,0,14255,1689848166
newOrder,18075,1,14255,1689848166
newOrder,10535,0,47708,1689848166
newOrder,24999,1,47708,1689848166
cancel,10535,,,1689848742
cancel,17440,,,1689848742
cancel,18075,,,1689848742
cancel,24999,,,1689848742
newOrder,17440,0,14259,1689848767
newOrder,18075,1,14259,1689848767
newOrder,12302,0,34064,1689848767
newOrder,24999,1,34064,1689848767
cancel,12302,,,1689849342
cancel,17440,,,1689849342
cancel,18075,,,1689849342
cancel,24999,,,1689849342
newOrder,17440,0,14263,1689849367
newOrder,18075,1,14263,1689849367
newOrder,10535,0,64419,1689849367
newOrder,24999,1,64419,1689849367
cancel,10535,,,1689849942
cancel,17440,,,1689849942
cancel,18075,,,1689849942
cancel,24999,,,1689849942
newOrder,17440,0,14268,1689849966
newOrder,18075,1,14268,1689849966
newOrder,10535,0,63135,1689849966
newOrder,24999,1,63135,1689849966
cancel,10535,,,1689850550
cancel,17440,,,1689850550
cancel,18075,,,1689850550
cancel,24999,,,1689850550
newOrder,17440,0,14272,1689850576
newOrder,18075,1,14272,1689850576
newOrder,10535,0,63545,1689850576
newOrder,24999,1,63545,1689850576
cancel,10535,,,1689851142
cancel,17440,,,1689851142
cancel,18075,,,1689851142
cancel,24999,,,1689851142
newOrder,17440,0,14276,1689851166
newOrder,18075,1,14276,1689851166
newOrder,15742,0,22804,1689851166
newOrder,24999,1,22804,1689851166
cancel,15742,,,1689851742
cancel,17440,,,1689851742
cancel,18075,,,1689851742
cancel,24999,,,1689851742
newOrder,17440,0,14280,1689851768
newOrder,18075,1,14280,1689851768
newOrder,10535,0,51465,1689851768
newOrder,24999,1,51465,1689851768
cancel,10535,,,1689852343
cancel,17440,,,1689852343
cancel,18075,,,1689852343
cancel,24999,,,1689852343
newOrder,17440,0,14284,1689852367
newOrder,18075,1,14284,1689852367
newOrder,12302,0,35480,1689852367
newOrder,24999,1,35480,1689852367
cancel,12302,,,1689852944
cancel,17440,,,1689852944
cancel,18075,,,1689852944
cancel,24999,,,1689852944
newOrder,17440,0,14288,1689852968
newOrder,18075,1,14288,1689852968
newOrder,12162,0,39441,1689852968
newOrder,24999,1,39441,1689852968
cancel,12162,,,1689853542
cancel,17440,,,1689853542
cancel,18075,,,1689853542
cancel,24999,,,1689853542
newOrder,17440,0,14292,1689853566
newOrder,18075,1,14292,1689853566
newOrder,12302,0,34437,1689853566
newOrder,24999,1,34437,1689853566
cancel,12302,,,1689854142
cancel,17440,,,1689854142
cancel,18075,,,1689854142
cancel,24999,,,1689854142
newOrder,17440,0,14296,1689854166
newOrder,18075,1,14296,1689854166
newOrder,10535,0,68334,1689854166
newOrder,24999,1,68334,1689854166
cancel,10535,,,1689854742
cancel,17440,,,1689854742
cancel,18075,,,1689854742
cancel,24999,,,1689854742
newOrder,17440,0,14300,1689854766
newOrder,18075,1,14300,1689854766
newOrder,10535,0,67062,1689854766
newOrder,24999,1,67062,1689854766