instruction,price,side,qty,time
cancel,12012,,,1683202660
cancel,17117,,,1683202660
cancel,19066,,,1683202660
cancel,24957,,,1683202660
newOrder,17117,0,7458,1683202690
newOrder,19066,1,7458,1683202690
newOrder,11604,0,30598,1683202690
newOrder,24957,1,30598,1683202690
cancel,11604,,,1683203260
cancel,17117,,,1683203260
cancel,19066,,,1683203260
cancel,24957,,,1683203260
newOrder,17117,0,7459,1683203286
newOrder,19066,1,7459,1683203286
newOrder,11604,0,34613,1683203286
newOrder,24999,1,34613,1683203286
cancel,11604,,,1683203860
cancel,17117,,,1683203860
cancel,19066,,,1683203860
cancel,24999,,,1683203860
newOrder,17117,0,7460,1683203888
newOrder,19066,1,7460,1683203888
newOrder,12011,0,15970,1683203888
newOrder,24957,1,15970,1683203888
cancel,12011,,,1683204460
cancel,17117,,,1683204460
cancel,19066,,,1683204460
cancel,24957,,,1683204460
newOrder,17117,0,7460,1683204488
newOrder,19066,1,7460,1683204488
newOrder,12012,0,6719,1683204488
newOrder,21887,1,6719,1683204488
cancel,12012,,,1683205060
cancel,17117,,,1683205060
cancel,19066,,,1683205060
cancel,21887,,,1683205060
newOrder,17117,0,7461,1683205087
newOrder,19066,1,7461,1683205087
newOrder,11604,0,29354,1683205087
newOrder,24957,1,29354,1683205087
cancel,11604,,,1683205660
cancel,17117,,,1683205660
cancel,19066,,,1683205660
cancel,24957,,,1683205660
newOrder,17117,0,7462,1683205687
newOrder,19066,1,7462,1683205687
newOrder,11604,0,34191,1683205687
newOrder,24999,1,34191,1683205687
cancel,11604,,,1683206260
cancel,17117,,,1683206260
cancel,19066,,,1683206260
cancel,24999,,,1683206260
newOrder,17116,0,7462,1683206287
newOrder,19066,1,7462,1683206287
newOrder,11604,0,19692,1683206287
newOrder,24957,1,19692,1683206287
cancel,11604,,,1683206859
cancel,17116,,,1683206859
cancel,19066,,,1683206859
cancel,24957,,,1683206859
newOrder,17129,0,7469,1683206888
newOrder,19066,1,7469,1683206888
newOrder,12012,0,11944,1683206888
newOrder,24957,1,11944,1683206888
cancel,12012,,,1683207460
cancel,17129,,,1683207460
cancel,19066,,,1683207460
cancel,24957,,,1683207460
newOrder,17121,0,7466,1683207486
newOrder,19066,1,7466,1683207486
newOrder,11604,0,20022,1683207486
newOrder,24957,1,20022,1683207486
cancel,11604,,,1683208060
cancel,17121,,,1683208060
cancel,19066,,,1683208060
cancel,24957,,,1683208060
newOrder,17122,0,7467,1683208087
newOrder,19066,1,7467,1683208087
newOrder,12012,0,11913,1683208087
newOrder,24957,1,11913,1683208087
cancel,12012,,,1683208660
cancel,17122,,,1683208660
cancel,19066,,,1683208660
cancel,24957,,,1683208660
newOrder,17121,0,7467,1683208686
newOrder,19066,1,7467,1683208686
newOrder,11604,0,27956,1683208686
newOrder,24957,1,27956,1683208686
cancel,11604,,,1683209260
cancel,17121,,,1683209260
cancel,19066,,,1683209260
cancel,24957,,,1683209260
newOrder,17122,0,7468,1683209286
newOrder,19066,1,7468,1683209286
newOrder,12001,0,16807,1683209286
newOrder,24957,1,16807,1683209286
cancel,12001,,,1683209860
cancel,17122,,,1683209860
cancel,19066,,,1683209860
cancel,24957,,,1683209860
newOrder,17121,0,7469,1683209888
newOrder,19066,1,7469,1683209888
newOrder,11604,0,33043,1683209888
newOrder,24999,1,33043,1683209888
cancel,11604,,,1683210460
cancel,17121,,,1683210460
cancel,19066,,,1683210460
cancel,24999,,,1683210460
newOrder,17122,0,7469,1683210489
newOrder,19066,1,7469,1683210489
newOrder,12011,0,15494,1683210489
newOrder,24957,1,15494,1683210489
cancel,12011,,,1683211060
cancel,17122,,,1683211060
cancel,19066,,,1683211060
cancel,24957,,,1683211060
newOrder,17122,0,7470,1683211087
newOrder,19066,1,7470,1683211087
newOrder,12012,0,5180,1683211087
newOrder,21887,1,5180,1683211087
cancel,12012,,,1683211660
cancel,17122,,,1683211660
cancel,19066,,,1683211660
cancel,21887,,,1683211660
newOrder,17122,0,7471,1683211686
newOrder,19066,1,7471,1683211686
newOrder,11604,0,31705,1683211686
newOrder,24957,1,31705,1683211686
cancel,11604,,,1683212260
cancel,17122,,,1683212260
cancel,19066,,,1683212260
cancel,24957,,,1683212260
newOrder,17122,0,7472,1683212285
newOrder,19066,1,7472,1683212285
newOrder,12011,0,15588,1683212285
newOrder,24957,1,15588,1683212285
cancel,12011,,,1683212860
cancel,17122,,,1683212860
cancel,19066,,,1683212860
cancel,24957,,,1683212860
newOrder,17122,0,7472,1683212886
newOrder,19066,1,7472,1683212886
newOrder,11604,0,28556,1683212886
newOrder,24957,1,28556,1683212886
cancel,11604,,,1683213460
cancel,17122,,,1683213460
cancel,19066,,,1683213460
cancel,24957,,,1683213460
newOrder,17122,0,7473,1683213489
newOrder,19066,1,7473,1683213489
newOrder,12012,0,6018,1683213489
newOrder,21887,1,6018,1683213489
cancel,12012,,,1683214060
cancel,17122,,,1683214060
cancel,19066,,,1683214060
cancel,21887,,,1683214060
newOrder,17122,0,7474,1683214086
newOrder,19066,1,7474,1683214086
newOrder,12012,0,13288,1683214086
newOrder,24957,1,13288,1683214086
cancel,12012,,,1683214661
cancel,17122,,,1683214661
cancel,19066,,,1683214661
cancel,24957,,,1683214661
newOrder,17123,0,7475,1683214689
newOrder,19066,1,7475,1683214689
newOrder,12001,0,18514,1683214689
newOrder,24957,1,18514,1683214689
cancel,12001,,,1683215260
cancel,17123,,,1683215260
cancel,19066,,,1683215260
cancel,24957,,,1683215260
newOrder,17122,0,7475,1683215287
newOrder,19066,1,7475,1683215287
newOrder,10273,0,40051,1683215287
newOrder,24999,1,40051,1683215287
cancel,10273,,,1683215860
cancel,17122,,,1683215860
cancel,19066,,,1683215860
cancel,24999,,,1683215860
newOrder,17123,0,7476,1683215887
newOrder,19066,1,7476,1683215887
newOrder,12012,0,7825,1683215887
newOrder,21899,1,7825,1683215887
cancel,12012,,,1683216460
cancel,17123,,,1683216460
cancel,19066,,,1683216460
cancel,21899,,,1683216460
newOrder,17123,0,7477,1683216486
newOrder,19066,1,7477,1683216486
newOrder,11604,0,28833,1683216486
newOrder,24957,1,28833,1683216486
cancel,11604,,,1683217060
cancel,17123,,,1683217060
cancel,19066,,,1683217060
cancel,24957,,,1683217060
newOrder,17123,0,7478,1683217087
newOrder,19066,1,7478,1683217087
newOrder,11604,0,26162,1683217087
newOrder,24957,1,26162,1683217087
cancel,11604,,,1683217662
cancel,17123,,,1683217662
cancel,19066,,,1683217662
cancel,24957,,,1683217662
newOrder,17123,0,7479,1683217692
newOrder,19066,1,7479,1683217692
newOrder,11604,0,26151,1683217692
newOrder,24957,1,26151,1683217692
cancel,11604,,,1683218260
cancel,17123,,,1683218260
cancel,19066,,,1683218260
cancel,24957,,,1683218260
newOrder,17122,0,7479,1683218287
newOrder,19066,1,7479,1683218287
newOrder,12012,0,11655,1683218287
newOrder,24957,1,11655,1683218287
cancel,12012,,,1683218860
cancel,17122,,,1683218860
cancel,19066,,,1683218860
cancel,24957,,,1683218860
newOrder,17123,0,7480,1683218888
newOrder,19066,1,7480,1683218888
newOrder,11604,0,22747,1683218888
newOrder,24957,1,22747,1683218888
cancel,11604,,,1683219460
cancel,17123,,,1683219460
cancel,19066,,,1683219460
cancel,24957,,,1683219460
newOrder,17123,0,7480,1683219487
newOrder,19066,1,7480,1683219487
newOrder,11604,0,29558,1683219487
newOrder,24957,1,29558,1683219487
cancel,11604,,,1683220059
cancel,17123,,,1683220059
cancel,19066,,,1683220059
cancel,24957,,,1683220059
newOrder,17121,0,7480,1683220085
newOrder,19066,1,7480,1683220085
newOrder,11604,0,19445,1683220085
newOrder,24957,1,19445,1683220085
cancel,11604,,,1683220660
cancel,17121,,,1683220660
cancel,19066,,,1683220660
cancel,24957,,,1683220660
newOrder,17122,0,7481,1683220687
newOrder,19066,1,7481,1683220687
newOrder,10273,0,39822,1683220687
newOrder,24999,1,39822,1683220687
cancel,10273,,,1683221264
cancel,17122,,,1683221264
cancel,19066,,,1683221264
cancel,24999,,,1683221264
newOrder,17122,0,7482,1683221291
newOrder,19066,1,7482,1683221291
newOrder,12001,0,18303,1683221291
newOrder,24957,1,18303,1683221291
cancel,12001,,,1683221860
cancel,17122,,,1683221860
cancel,19066,,,1683221860
cancel,24957,,,1683221860
newOrder,17122,0,7483,1683221886
newOrder,19066,1,7483,1683221886
newOrder,12012,0,12828,1683221886
newOrder,24957,1,12828,1683221886
cancel,12012,,,1683222460
cancel,17122,,,1683222460
cancel,19066,,,1683222460
cancel,24957,,,1683222460
newOrder,17122,0,7484,1683222485
newOrder,19066,1,7484,1683222485
newOrder,12001,0,18484,1683222485
newOrder,24957,1,18484,1683222485
cancel,12001,,,1683223060
cancel,17122,,,1683223060
cancel,19066,,,1683223060
cancel,24957,,,1683223060
newOrder,17122,0,7484,1683223086
newOrder,19066,1,7484,1683223086
newOrder,10273,0,39751,1683223086
newOrder,24999,1,39751,1683223086
cancel,10273,,,1683223660
cancel,17122,,,1683223660
cancel,19066,,,1683223660
cancel,24999,,,1683223660
newOrder,17121,0,7484,1683223688
newOrder,19066,1,7484,1683223688
newOrder,11604,0,27523,1683223688
newOrder,24957,1,27523,1683223688
cancel,11604,,,1683224260
cancel,17121,,,1683224260
cancel,19066,,,1683224260
cancel,24957,,,1683224260
newOrder,17122,0,7485,1683224287
newOrder,19066,1,7485,1683224287
newOrder,12012,0,10140,1683224287
newOrder,24957,1,10140,1683224287
cancel,12012,,,1683224860
cancel,17122,,,1683224860
cancel,19066,,,1683224860
cancel,24957,,,1683224860
newOrder,17121,0,7486,1683224888
newOrder,19066,1,7486,1683224888
newOrder,12001,0,17334,1683224888
newOrder,24957,1,17334,1683224888
cancel,12001,,,1683225460
cancel,17121,,,1683225460
cancel,19066,,,1683225460
cancel,24957,,,1683225460
newOrder,17121,0,7486,1683225488
newOrder,19066,1,7486,1683225488
newOrder,11604,0,19697,1683225488
newOrder,24957,1,19697,1683225488
cancel,11604,,,1683226060
cancel,17121,,,1683226060
cancel,19066,,,1683226060
cancel,24957,,,1683226060
newOrder,17121,0,7487,1683226086
newOrder,19066,1,7487,1683226086
newOrder,12122,0,5867,1683226086
newOrder,21887,1,5867,1683226086
cancel,12122,,,1683226660
cancel,17121,,,1683226660
cancel,19066,,,1683226660
cancel,21887,,,1683226660
newOrder,17121,0,7488,1683226687
newOrder,19066,1,7488,1683226687
newOrder,12122,0,5485,1683226687
newOrder,21887,1,5485,1683226687
cancel,12122,,,1683227259
cancel,17121,,,1683227259
cancel,19066,,,1683227259
cancel,21887,,,1683227259
newOrder,17120,0,7488,1683227286
newOrder,19066,1,7488,1683227286
newOrder,11604,0,27189,1683227286
newOrder,24957,1,27189,1683227286
cancel,11604,,,1683227860
cancel,17120,,,1683227860
cancel,19066,,,1683227860
cancel,24957,,,1683227860
newOrder,17120,0,7489,1683227887
newOrder,19066,1,7489,1683227887
newOrder,11604,0,36141,1683227887
newOrder,24999,1,36141,1683227887
cancel,11604,,,1683228460
cancel,17120,,,1683228460
cancel,19066,,,1683228460
cancel,24999,,,1683228460
newOrder,17109,0,7484,1683228488
newOrder,19066,1,7484,1683228488
newOrder,10266,0,39132,1683228488
newOrder,24999,1,39132,1683228488
cancel,10266,,,1683229060
cancel,17109,,,1683229060
cancel,19066,,,1683229060
cancel,24999,,,1683229060
newOrder,17109,0,7485,1683229087
newOrder,19066,1,7485,1683229087
newOrder,11604,0,24171,1683229087
newOrder,24957,1,24171,1683229087
cancel,11604,,,1683229660
cancel,17109,,,1683229660
cancel,19066,,,1683229660
cancel,24957,,,1683229660
newOrder,17114,0,7488,1683229687
newOrder,19066,1,7488,1683229687
newOrder,12012,0,10963,1683229687
newOrder,24957,1,10963,1683229687
cancel,12012,,,1683230260
cancel,17114,,,1683230260
cancel,19066,,,1683230260
cancel,24957,,,1683230260
newOrder,17114,0,7488,1683230286
newOrder,19066,1,7488,1683230286
newOrder,11604,0,30724,1683230286
newOrder,24957,1,30724,1683230286
cancel,11604,,,1683230860
cancel,17114,,,1683230860
cancel,19066,,,1683230860
cancel,24957,,,1683230860
newOrder,17133,0,7499,1683230885
newOrder,19066,1,7499,1683230885
newOrder,12122,0,4905,1683230885
newOrder,21887,1,4905,1683230885
cancel,12122,,,1683231460
cancel,17133,,,1683231460
cancel,19066,,,1683231460
cancel,21887,,,1683231460
newOrder,17133,0,7500,1683231487
newOrder,19066,1,7500,1683231487
newOrder,10280,0,39026,1683231487
newOrder,24999,1,39026,1683231487
cancel,10280,,,1683232060
cancel,17133,,,1683232060
cancel,19066,,,1683232060
cancel,24999,,,1683232060
newOrder,17132,0,7500,1683232086
newOrder,19066,1,7500,1683232086
newOrder,11604,0,30605,1683232086
newOrder,24957,1,30605,1683232086
cancel,11604,,,1683232659
cancel,17132,,,1683232659
cancel,19066,,,1683232659
cancel,24957,,,1683232659
newOrder,17133,0,7501,1683232687
newOrder,19066,1,7501,1683232687
newOrder,12122,0,6402,1683232687
newOrder,21887,1,6402,1683232687
cancel,12122,,,1683233260
cancel,17133,,,1683233260
cancel,19066,,,1683233260
cancel,21887,,,1683233260
newOrder,17133,0,7502,1683233287
newOrder,19066,1,7502,1683233287
newOrder,12122,0,7541,1683233287
newOrder,21887,1,7541,1683233287
cancel,12122,,,1683233860
cancel,17133,,,1683233860
cancel,19066,,,1683233860
cancel,21887,,,1683233860
newOrder,17133,0,7502,1683233887
newOrder,19066,1,7502,1683233887
newOrder,12001,0,17588,1683233887
newOrder,24957,1,17588,1683233887
cancel,12001,,,1683234460
cancel,17133,,,1683234460
cancel,19066,,,1683234460
cancel,24957,,,1683234460
newOrder,17132,0,7503,1683234486
newOrder,19066,1,7503,1683234486
newOrder,10279,0,40301,1683234486
newOrder,24999,1,40301,1683234486
cancel,10279,,,1683235060
cancel,17132,,,1683235060
cancel,19066,,,1683235060
cancel,24999,,,1683235060
newOrder,17132,0,7503,1683235087
newOrder,19066,1,7503,1683235087
newOrder,11604,0,19775,1683235087
newOrder,24957,1,19775,1683235087
cancel,11604,,,1683235660
cancel,17132,,,1683235660
cancel,19066,,,1683235660
cancel,24957,,,1683235660
newOrder,17133,0,7505,1683235686
newOrder,19066,1,7505,1683235686
newOrder,12012,0,10531,1683235686
newOrder,24957,1,10531,1683235686
cancel,12012,,,1683236260
cancel,17133,,,1683236260
cancel,19066,,,1683236260
cancel,24957,,,1683236260
newOrder,17133,0,7505,1683236286
newOrder,19066,1,7505,1683236286
newOrder,12001,0,18973,1683236286
newOrder,24957,1,18973,1683236286
cancel,12001,,,1683236860
cancel,17133,,,1683236860
cancel,19066,,,1683236860
cancel,24957,,,1683236860
newOrder,17133,0,7506,1683236887
newOrder,19066,1,7506,1683236887
newOrder,11604,0,22648,1683236887
newOrder,24957,1,22648,1683236887
cancel,11604,,,1683237460
cancel,17133,,,1683237460
cancel,19066,,,1683237460
cancel,24957,,,1683237460
newOrder,17220,0,7551,1683237486
newOrder,19066,1,7551,1683237486
newOrder,12001,0,18744,1683237486
newOrder,24957,1,18744,1683237486
cancel,12001,,,1683238060
cancel,17220,,,1683238060
cancel,19066,,,1683238060
cancel,24957,,,1683238060
newOrder,17220,0,7551,1683238085
newOrder,19066,1,7551,1683238085
newOrder,11604,0,35715,1683238085
newOrder,24999,1,35715,1683238085
cancel,11604,,,1683238660
cancel,17220,,,1683238660
cancel,19066,,,1683238660
cancel,24999,,,1683238660
newOrder,17220,0,7552,1683238687
newOrder,19066,1,7552,1683238687
newOrder,10332,0,38741,1683238687
newOrder,24999,1,38741,1683238687
cancel,10332,,,1683239260
cancel,17220,,,1683239260
cancel,19066,,,1683239260
cancel,24999,,,1683239260
newOrder,17256,0,7570,1683239287
newOrder,19066,1,7570,1683239287
newOrder,12012,0,10560,1683239287
newOrder,24957,1,10560,1683239287
cancel,12012,,,1683239860
cancel,17256,,,1683239860
cancel,19066,,,1683239860
cancel,24957,,,1683239860
newOrder,17256,0,7570,1683239887
newOrder,19066,1,7570,1683239887
newOrder,11604,0,32360,1683239887
newOrder,24957,1,32360,1683239887
cancel,11604,,,1683240460
cancel,17256,,,1683240460
cancel,19066,,,1683240460
cancel,24957,,,1683240460
newOrder,17256,0,7571,1683240485
newOrder,19066,1,7571,1683240485
newOrder,12122,0,5235,1683240485
newOrder,21887,1,5235,1683240485
cancel,12122,,,1683241060
cancel,17256,,,1683241060
cancel,19066,,,1683241060
cancel,21887,,,1683241060
newOrder,17256,0,7572,1683241088
newOrder,19066,1,7572,1683241088
newOrder,12012,0,13597,1683241088
newOrder,24957,1,13597,1683241088
cancel,12012,,,1683241661
cancel,17256,,,1683241661
cancel,19066,,,1683241661
cancel,24957,,,1683241661
newOrder,17256,0,7572,1683241688
newOrder,19066,1,7572,1683241688
newOrder,12001,0,17380,1683241688
newOrder,24957,1,17380,1683241688
cancel,12001,,,1683242260
cancel,17256,,,1683242260
cancel,19066,,,1683242260
cancel,24957,,,1683242260
newOrder,17256,0,7573,1683242287
newOrder,19066,1,7573,1683242287
newOrder,11604,0,34361,1683242287
newOrder,24999,1,34361,1683242287
cancel,11604,,,1683242860
cancel,17256,,,1683242860
cancel,19066,,,1683242860
cancel,24999,,,1683242860
newOrder,17256,0,7574,1683242886
newOrder,19066,1,7574,1683242886
newOrder,11604,0,23758,1683242886
newOrder,24957,1,23758,1683242886
cancel,11604,,,1683243461
cancel,17256,,,1683243461
cancel,19066,,,1683243461
cancel,24957,,,1683243461
newOrder,17256,0,7575,1683243487
newOrder,19066,1,7575,1683243487
newOrder,11604,0,30088,1683243487
newOrder,24957,1,30088,1683243487
cancel,11604,,,1683244060
cancel,17256,,,1683244060
cancel,19066,,,1683244060
cancel,24957,,,1683244060
newOrder,17256,0,7575,1683244085
newOrder,19066,1,7575,1683244085
newOrder,12012,0,13239,1683244085
newOrder,24957,1,13239,1683244085
cancel,12012,,,1683244660
cancel,17256,,,1683244660
cancel,19066,,,1683244660
cancel,24957,,,1683244660
newOrder,17256,0,7576,1683244687
newOrder,19066,1,7576,1683244687
newOrder,10353,0,39852,1683244687
newOrder,24999,1,39852,1683244687
cancel,10353,,,1683245260
cancel,17256,,,1683245260
cancel,19066,,,1683245260
cancel,24999,,,1683245260
newOrder,17256,0,7577,1683245286
newOrder,19066,1,7577,1683245286
newOrder,11604,0,36467,1683245286
newOrder,24999,1,36467,1683245286
cancel,11604,,,1683245860
cancel,17256,,,1683245860
cancel,19066,,,1683245860
cancel,24999,,,1683245860
newOrder,17256,0,7578,1683245889
newOrder,19066,1,7578,1683245889
newOrder,11604,0,24381,1683245889
newOrder,24957,1,24381,1683245889
cancel,11604,,,1683246460
cancel,17256,,,1683246460
cancel,19066,,,1683246460
cancel,24957,,,1683246460
newOrder,17256,0,7578,1683246485
newOrder,19066,1,7578,1683246485
newOrder,12012,0,10059,1683246485
newOrder,24957,1,10059,1683246485
cancel,12012,,,1683247060
cancel,17256,,,1683247060
cancel,19066,,,1683247060
cancel,24957,,,1683247060
newOrder,17256,0,7579,1683247087
newOrder,19066,1,7579,1683247087
newOrder,12012,0,13325,1683247087
newOrder,24957,1,13325,1683247087
cancel,12012,,,1683247660
cancel,17256,,,1683247660
cancel,19066,,,1683247660
cancel,24957,,,1683247660
newOrder,17256,0,7580,1683247686
newOrder,19066,1,7580,1683247686
newOrder,12001,0,18479,1683247686
newOrder,24957,1,18479,1683247686
cancel,12001,,,1683248260
cancel,17256,,,1683248260
cancel,19066,,,1683248260
cancel,24957,,,1683248260
newOrder,17255,0,7580,1683248285
newOrder,19066,1,7580,1683248285
newOrder,12012,0,9374,1683248285
newOrder,24957,1,9374,1683248285
cancel,12012,,,1683248860
cancel,17255,,,1683248860
cancel,19066,,,1683248860
cancel,24957,,,1683248860
newOrder,17255,0,7581,1683248887
newOrder,19066,1,7581,1683248887
newOrder,10353,0,40578,1683248887
newOrder,24999,1,40578,1683248887
cancel,10353,,,1683249460
cancel,17255,,,1683249460
cancel,19066,,,1683249460
cancel,24999,,,1683249460
newOrder,17255,0,7582,1683249486
newOrder,19066,1,7582,1683249486
newOrder,11604,0,21822,1683249486
newOrder,24957,1,21822,1683249486
cancel,11604,,,1683250060
cancel,17255,,,1683250060
cancel,19066,,,1683250060
cancel,24957,,,1683250060
newOrder,17255,0,7583,1683250086
newOrder,19066,1,7583,1683250086
newOrder,11604,0,23483,1683250086
newOrder,24957,1,23483,1683250086
cancel,11604,,,1683250660
cancel,17255,,,1683250660
cancel,19066,,,1683250660
cancel,24957,,,1683250660
newOrder,17255,0,7583,1683250686
newOrder,19066,1,7583,1683250686
newOrder,11604,0,31321,1683250686
newOrder,24957,1,31321,1683250686
cancel,11604,,,1683251260
cancel,17255,,,1683251260
cancel,19066,,,1683251260
cancel,24957,,,1683251260
newOrder,17291,0,7600,1683251286
newOrder,19066,1,7600,1683251286
newOrder,12012,0,12162,1683251286
newOrder,24957,1,12162,1683251286
cancel,12012,,,1683251860
cancel,17291,,,1683251860
cancel,19066,,,1683251860
cancel,24957,,,1683251860
newOrder,17291,0,7601,1683251885
newOrder,19066,1,7601,1683251885
newOrder,12001,0,18985,1683251885
newOrder,24957,1,18985,1683251885
cancel,12001,,,1683252460
cancel,17291,,,1683252460
cancel,19066,,,1683252460
cancel,24957,,,1683252460
newOrder,17291,0,7602,1683252488
newOrder,19066,1,7602,1683252488
newOrder,11604,0,22203,1683252488
newOrder,24957,1,22203,1683252488
cancel,11604,,,1683253060
cancel,17291,,,1683253060
cancel,19066,,,1683253060
cancel,24957,,,1683253060
newOrder,17291,0,7603,1683253085
newOrder,19066,1,7603,1683253085
newOrder,12122,0,7599,1683253085
newOrder,21887,1,7599,1683253085
cancel,12122,,,1683253660
cancel,17291,,,1683253660
cancel,19066,,,1683253660
cancel,21887,,,1683253660
newOrder,17291,0,7603,1683253686
newOrder,19066,1,7603,1683253686
newOrder,10374,0,39334,1683253686
newOrder,24999,1,39334,1683253686
cancel,10374,,,1683254260
cancel,17291,,,1683254260
cancel,19066,,,1683254260
cancel,24999,,,1683254260
newOrder,17291,0,7604,1683254286
newOrder,19066,1,7604,1683254286
newOrder,12012,0,12218,1683254286
newOrder,24957,1,12218,1683254286
cancel,12012,,,1683254860
cancel,17291,,,1683254860
cancel,19066,,,1683254860
cancel,24957,,,1683254860
newOrder,17295,0,7607,1683254887
newOrder,19066,1,7607,1683254887
newOrder,11604,0,33152,1683254887
newOrder,24999,1,33152,1683254887
cancel,11604,,,1683255459
cancel,17295,,,1683255459
cancel,19066,,,1683255459
cancel,24999,,,1683255459
newOrder,17279,0,7600,1683255489
newOrder,19066,1,7600,1683255489
newOrder,11604,0,19864,1683255489
newOrder,24957,1,19864,1683255489
cancel,11604,,,1683256060
cancel,17279,,,1683256060
cancel,19066,,,1683256060
cancel,24957,,,1683256060
newOrder,17291,0,7606,1683256086
newOrder,19066,1,7606,1683256086
newOrder,12122,0,5189,1683256086
newOrder,21887,1,5189,1683256086
cancel,12122,,,1683256660
cancel,17291,,,1683256660
cancel,19066,,,1683256660
cancel,21887,,,1683256660
newOrder,17291,0,7607,1683256686
newOrder,19066,1,7607,1683256686
newOrder,11604,0,36031,1683256686
newOrder,24999,1,36031,1683256686
cancel,11604,,,1683257260
cancel,17291,,,1683257260
cancel,19066,,,1683257260
cancel,24999,,,1683257260
newOrder,17414,0,7661,1683257287
newOrder,19066,1,7661,1683257287
newOrder,12012,0,12134,1683257287
newOrder,24957,1,12134,1683257287
cancel,12012,,,1683257861
cancel,17414,,,1683257861
cancel,19066,,,1683257861
cancel,24957,,,1683257861
newOrder,17340,0,7630,1683257888
newOrder,19066,1,7630,1683257888
newOrder,12011,0,15790,1683257888
newOrder,24957,1,15790,1683257888
cancel,12011,,,1683258460
cancel,17340,,,1683258460
cancel,19066,,,1683258460
cancel,24957,,,1683258460
newOrder,17436,0,7671,1683258489
newOrder,19066,1,7671,1683258489
newOrder,11604,0,26060,1683258489
newOrder,24957,1,26060,1683258489
cancel,11604,,,1683259061
cancel,17436,,,1683259061
cancel,19066,,,1683259061
cancel,24957,,,1683259061
newOrder,17339,0,7632,1683259088
newOrder,19066,1,7632,1683259088
newOrder,11604,0,34333,1683259088
newOrder,24999,1,34333,1683259088
cancel,11604,,,1683259660
cancel,17339,,,1683259660
cancel,19066,,,1683259660
cancel,24999,,,1683259660
newOrder,17339,0,7632,1683259691
newOrder,19066,1,7632,1683259691
newOrder,12012,0,8222,1683259691
newOrder,24957,1,8222,1683259691
cancel,12012,,,1683260260
cancel,17339,,,1683260260
cancel,19066,,,1683260260
cancel,24957,,,1683260260
newOrder,17339,0,7633,1683260285
newOrder,19066,1,7633,1683260285
newOrder,11604,0,29804,1683260285
newOrder,24957,1,29804,1683260285
cancel,11604,,,1683260860
cancel,17339,,,1683260860
cancel,19066,,,1683260860
cancel,24957,,,1683260860
newOrder,17339,0,7634,1683260886
newOrder,19066,1,7634,1683260886
newOrder,11604,0,23238,1683260886
newOrder,24957,1,23238,1683260886
cancel,11604,,,1683261460
cancel,17339,,,1683261460
cancel,19066,,,1683261460
cancel,24957,,,1683261460
newOrder,17339,0,7635,1683261486
newOrder,19066,1,7635,1683261486
newOrder,12001,0,18316,1683261486
newOrder,24957,1,18316,1683261486
cancel,12001,,,1683262060
cancel,17339,,,1683262060
cancel,19066,,,1683262060
cancel,24957,,,1683262060
newOrder,17339,0,7635,1683262087
newOrder,19066,1,7635,1683262087
newOrder,10403,0,40806,1683262087
newOrder,24999,1,40806,1683262087
cancel,10403,,,1683262660
cancel,17339,,,1683262660
cancel,19066,,,1683262660
cancel,24999,,,1683262660
newOrder,17339,0,7636,1683262685
newOrder,19066,1,7636,1683262685
newOrder,11604,0,35009,1683262685
newOrder,24999,1,35009,1683262685
cancel,11604,,,1683263260
cancel,17339,,,1683263260
cancel,19066,,,1683263260
cancel,24999,,,1683263260
newOrder,17339,0,7637,1683263286
newOrder,19066,1,7637,1683263286
newOrder,11604,0,21336,1683263286
newOrder,24957,1,21336,1683263286
cancel,11604,,,1683263860
cancel,17339,,,1683263860
cancel,19066,,,1683263860
cancel,24957,,,1683263860
newOrder,17339,0,7638,1683263886
newOrder,19066,1,7638,1683263886
newOrder,12122,0,6743,1683263886
newOrder,21887,1,6743,1683263886
cancel,12122,,,1683264459
cancel,17339,,,1683264459
cancel,19066,,,1683264459
cancel,21887,,,1683264459
newOrder,17339,0,7638,1683264488
newOrder,19066,1,7638,1683264488
newOrder,11604,0,27200,1683264488
newOrder,24957,1,27200,1683264488
cancel,11604,,,1683265060
cancel,17339,,,1683265060
cancel,19066,,,1683265060
cancel,24957,,,1683265060
newOrder,17339,0,7639,1683265085
newOrder,19066,1,7639,1683265085
newOrder,11604,0,36511,1683265085
newOrder,24999,1,36511,1683265085
cancel,11604,,,1683265660
cancel,17339,,,1683265660
cancel,19066,,,1683265660
cancel,24999,,,1683265660
newOrder,17339,0,7640,1683265687
newOrder,19066,1,7640,1683265687
newOrder,12122,0,5319,1683265687
newOrder,21887,1,5319,1683265687
cancel,12122,,,1683266260
cancel,17339,,,1683266260
cancel,19066,,,1683266260
cancel,21887,,,1683266260
newOrder,17339,0,7641,1683266285
newOrder,19066,1,7641,1683266285
newOrder,12001,0,17102,1683266285
newOrder,24957,1,17102,1683266285
cancel,12001,,,1683266860
cancel,17339,,,1683266860
cancel,19066,,,1683266860
cancel,24957,,,1683266860
newOrder,17339,0,7641,1683266886
newOrder,19066,1,7641,1683266886
newOrder,11604,0,35489,1683266886
newOrder,24999,1,35489,1683266886
cancel,11604,,,1683267460
cancel,17339,,,1683267460
cancel,19066,,,1683267460
cancel,24999,,,1683267460
newOrder,17339,0,7642,1683267486
newOrder,19066,1,7642,1683267486
newOrder,11604,0,22322,1683267486
newOrder,24957,1,22322,1683267486
cancel,11604,,,1683268060
cancel,17339,,,1683268060
cancel,19066,,,1683268060
cancel,24957,,,1683268060
newOrder,17339,0,7643,1683268088
newOrder,19066,1,7643,1683268088
newOrder,11604,0,25902,1683268088
newOrder,24957,1,25902,1683268088
cancel,11604,,,1683268660
cancel,17339,,,1683268660
cancel,19066,,,1683268660
cancel,24957,,,1683268660
newOrder,17339,0,7644,1683268686
newOrder,19066,1,7644,1683268686
newOrder,10403,0,40187,1683268686
newOrder,24999,1,40187,1683268686
cancel,10403,,,1683269259
cancel,17339,,,1683269259
cancel,19066,,,1683269259
cancel,24999,,,1683269259
newOrder,17339,0,7644,1683269286
newOrder,19066,1,7644,1683269286
newOrder,12012,0,10687,1683269286
newOrder,24957,1,10687,1683269286
cancel,12012,,,1683269860
cancel,17339,,,1683269860
cancel,19066,,,1683269860
cancel,24957,,,1683269860
newOrder,17339,0,7645,1683269887
newOrder,19066,1,7645,1683269887
newOrder,12122,0,4639,1683269887
newOrder,21887,1,4639,1683269887
cancel,12122,,,1683270460
cancel,17339,,,1683270460
cancel,19066,,,1683270460
cancel,21887,,,1683270460
newOrder,17339,0,7646,1683270487
newOrder,19066,1,7646,1683270487
newOrder,11604,0,24339,1683270487
newOrder,24957,1,24339,1683270487
cancel,11604,,,1683271060
cancel,17339,,,1683271060
cancel,19066,,,1683271060
cancel,24957,,,1683271060
newOrder,17339,0,7647,1683271086
newOrder,19066,1,7647,1683271086
newOrder,11604,0,27478,1683271086
newOrder,24957,1,27478,1683271086
cancel,11604,,,1683271660
cancel,17339,,,1683271660
cancel,19066,,,1683271660
cancel,24957,,,1683271660
newOrder,17409,0,7677,1683271686
newOrder,19066,1,7677,1683271686
newOrder,12012,0,9010,1683271686
newOrder,24957,1,9010,1683271686
cancel,12012,,,1683272260
cancel,17409,,,1683272260
cancel,19066,,,1683272260
cancel,24957,,,1683272260
newOrder,17409,0,7678,1683272286
newOrder,19066,1,7678,1683272286
newOrder,11604,0,33597,1683272286
newOrder,24999,1,33597,1683272286
cancel,11604,,,1683272860
cancel,17409,,,1683272860
cancel,19066,,,1683272860
cancel,24999,,,1683272860
newOrder,17409,0,7679,1683272887
newOrder,19066,1,7679,1683272887
newOrder,11604,0,21864,1683272887
newOrder,24957,1,21864,1683272887
cancel,11604,,,1683273460
cancel,17409,,,1683273460
cancel,19066,,,1683273460
cancel,24957,,,1683273460
newOrder,17409,0,7679,1683273487
newOrder,19066,1,7679,1683273487
newOrder,11604,0,31618,1683273487
newOrder,24957,1,31618,1683273487
cancel,11604,,,1683274059
cancel,17409,,,1683274059
cancel,19066,,,1683274059
cancel,24957,,,1683274059
newOrder,17409,0,7680,1683274086
newOrder,19066,1,7680,1683274086
newOrder,12011,0,16094,1683274086
newOrder,24957,1,16094,1683274086
cancel,12011,,,1683274660
cancel,17409,,,1683274660
cancel,19066,,,1683274660
cancel,24957,,,1683274660
newOrder,17409,0,7681,1683274687
newOrder,19066,1,7681,1683274687
newOrder,10445,0,41458,1683274687
newOrder,24999,1,41458,1683274687
cancel,10445,,,1683275260
cancel,17409,,,1683275260
cancel,19066,,,1683275260
cancel,24999,,,1683275260
newOrder,17409,0,7682,1683275287
newOrder,19066,1,7682,1683275287
newOrder,11604,0,37130,1683275287
newOrder,24999,1,37130,1683275287
cancel,11604,,,1683275859
cancel,17409,,,1683275859
cancel,19066,,,1683275859
cancel,24999,,,1683275859
newOrder,17409,0,7683,1683275887
newOrder,19066,1,7683,1683275887
newOrder,12122,0,5773,1683275887
newOrder,21887,1,5773,1683275887
cancel,12122,,,1683276460
cancel,17409,,,1683276460
cancel,19066,,,1683276460
cancel,21887,,,1683276460
newOrder,17409,0,7683,1683276488
newOrder,19066,1,7683,1683276488
newOrder,11604,0,36599,1683276488
newOrder,24999,1,36599,1683276488
cancel,11604,,,1683277060
cancel,17409,,,1683277060
cancel,19066,,,1683277060
cancel,24999,,,1683277060
newOrder,17409,0,7684,1683277087
newOrder,19066,1,7684,1683277087
newOrder,11604,0,26957,1683277087
newOrder,24957,1,26957,1683277087
cancel,11604,,,1683277660
cancel,17409,,,1683277660
cancel,19066,,,1683277660
cancel,24957,,,1683277660
newOrder,17409,0,7685,1683277686
newOrder,19066,1,7685,1683277686
newOrder,12012,0,12253,1683277686
newOrder,24957,1,12253,1683277686
cancel,12012,,,1683278260
cancel,17409,,,1683278260
cancel,19066,,,1683278260
cancel,24957,,,1683278260
newOrder,17409,0,7686,1683278288
newOrder,19066,1,7686,1683278288
newOrder,12001,0,18966,1683278288
newOrder,24957,1,18966,1683278288
cancel,12001,,,1683278860
cancel,17409,,,1683278860
cancel,19066,,,1683278860
cancel,24957,,,1683278860
newOrder,17409,0,7686,1683278887
newOrder,19066,1,7686,1683278887
newOrder,12012,0,9295,1683278887
newOrder,24957,1,9295,1683278887
cancel,12012,,,1683279460
cancel,17409,,,1683279460
cancel,19066,,,1683279460
cancel,24957,,,1683279460
newOrder,17409,0,7687,1683279486
newOrder,19066,1,7687,1683279486
newOrder,10445,0,39172,1683279486
newOrder,24999,1,39172,1683279486
cancel,10445,,,1683280060
cancel,17409,,,1683280060
cancel,19066,,,1683280060
cancel,24999,,,1683280060
newOrder,17409,0,7688,1683280088
newOrder,19066,1,7688,1683280088
newOrder,11604,0,23293,1683280088
newOrder,24957,1,23293,1683280088
cancel,11604,,,1683280660
cancel,17409,,,1683280660
cancel,19066,,,1683280660
cancel,24957,,,1683280660
newOrder,17409,0,7689,1683280686
newOrder,19066,1,7689,1683280686
newOrder,12012,0,11635,1683280686
newOrder,24957,1,11635,1683280686
cancel,12012,,,1683281260
cancel,17409,,,1683281260
cancel,19066,,,1683281260
cancel,24957,,,1683281260
newOrder,17409,0,7690,1683281287
newOrder,19066,1,7690,1683281287
newOrder,11604,0,22437,1683281287
newOrder,24957,1,22437,1683281287
cancel,11604,,,1683281860
cancel,17409,,,1683281860
cancel,19066,,,1683281860
cancel,24957,,,1683281860
newOrder,17322,0,7653,1683281887
newOrder,19066,1,7653,1683281887
newOrder,11604,0,19888,1683281887
newOrder,24957,1,19888,1683281887
cancel,11604,,,1683282460
cancel,17322,,,1683282460
cancel,19066,,,1683282460
cancel,24957,,,1683282460
newOrder,17323,0,7654,1683282487
newOrder,19066,1,7654,1683282487
newOrder,12012,0,13050,1683282487
newOrder,24957,1,13050,1683282487
cancel,12012,,,1683283060
cancel,17323,,,1683283060
cancel,19066,,,1683283060
cancel,24957,,,1683283060
newOrder,17322,0,7654,1683283086
newOrder,19066,1,7654,1683283086
newOrder,11604,0,32114,1683283086
newOrder,24957,1,32114,1683283086
cancel,11604,,,1683283660
cancel,17322,,,1683283660
cancel,19066,,,1683283660
cancel,24957,,,1683283660
newOrder,17323,0,7656,1683283687
newOrder,19066,1,7656,1683283687
newOrder,12012,0,10451,1683283687
newOrder,24957,1,10451,1683283687
cancel,12012,,,1683284260
cancel,17323,,,1683284260
cancel,19066,,,1683284260
cancel,24957,,,1683284260
newOrder,17323,0,7656,1683284288
newOrder,19066,1,7656,1683284288
newOrder,12122,0,5975,1683284288
newOrder,21887,1,5975,1683284288
cancel,12122,,,1683284861
cancel,17323,,,1683284861
cancel,19066,,,1683284861
cancel,21887,,,1683284861
newOrder,17324,0,7658,1683284887
newOrder,19066,1,7658,1683284887
newOrder,11604,0,24663,1683284887
newOrder,24957,1,24663,1683284887
cancel,11604,,,1683285460
cancel,17324,,,1683285460
cancel,19066,,,1683285460
cancel,24957,,,1683285460
newOrder,17322,0,7658,1683285485
newOrder,19066,1,7658,1683285485
newOrder,10393,0,38499,1683285485
newOrder,24999,1,38499,1683285485
cancel,10393,,,1683286060
cancel,17322,,,1683286060
cancel,19066,,,1683286060
cancel,24999,,,1683286060
newOrder,17323,0,7659,1683286086
newOrder,19066,1,7659,1683286086
newOrder,12012,0,12410,1683286086
newOrder,24957,1,12410,1683286086
cancel,12012,,,1683286660
cancel,17323,,,1683286660
cancel,19066,,,1683286660
cancel,24957,,,1683286660
newOrder,17323,0,7659,1683286687
newOrder,19066,1,7659,1683286687
newOrder,10394,0,40150,1683286687
newOrder,24999,1,40150,1683286687
cancel,10394,,,1683287260
cancel,17323,,,1683287260
cancel,19066,,,1683287260
cancel,24999,,,1683287260
newOrder,17323,0,7660,1683287287
newOrder,19066,1,7660,1683287287
newOrder,12122,0,5416,1683287287
newOrder,21887,1,5416,1683287287
cancel,12122,,,1683287859
cancel,17323,,,1683287859
cancel,19066,,,1683287859
cancel,21887,,,1683287859
newOrder,17323,0,7661,1683287886
newOrder,19066,1,7661,1683287886
newOrder,12122,0,6367,1683287886
newOrder,21887,1,6367,1683287886
cancel,12122,,,1683288460
cancel,17323,,,1683288460
cancel,19066,,,1683288460
cancel,21887,,,1683288460
newOrder,17334,0,7667,1683288487
newOrder,19066,1,7667,1683288487
newOrder,11604,0,20243,1683288487
newOrder,24957,1,20243,1683288487