instruction,price,side,qty,time
cancel,9493,,,1686485850
cancel,15822,,,1686485850
cancel,18075,,,1686485850
cancel,24999,,,1686485850
newOrder,15822,0,9539,1686485879
newOrder,18075,1,9539,1686485879
newOrder,12164,0,14673,1686485879
newOrder,24776,1,14673,1686485879
cancel,12164,,,1686486450
cancel,15822,,,1686486450
cancel,18075,,,1686486450
cancel,24776,,,1686486450
newOrder,15822,0,9540,1686486479
newOrder,18075,1,9540,1686486479
newOrder,12162,0,15417,1686486479
newOrder,24776,1,15417,1686486479
cancel,12162,,,1686487051
cancel,15822,,,1686487051
cancel,18075,,,1686487051
cancel,24776,,,1686487051
newOrder,15822,0,9540,1686487076
newOrder,18075,1,9540,1686487076
newOrder,9493,0,34498,1686487076
newOrder,24776,1,34498,1686487076
cancel,9493,,,1686487650
cancel,15822,,,1686487650
cancel,18075,,,1686487650
cancel,24776,,,1686487650
newOrder,15822,0,9541,1686487677
newOrder,18075,1,9541,1686487677
newOrder,9493,0,48412,1686487677
newOrder,24999,1,48412,1686487677
cancel,9493,,,1686488251
cancel,15822,,,1686488251
cancel,18075,,,1686488251
cancel,24999,,,1686488251
newOrder,15822,0,9542,1686488276
newOrder,18075,1,9542,1686488276
newOrder,9493,0,38348,1686488276
newOrder,24999,1,38348,1686488276
cancel,9493,,,1686488851
cancel,15822,,,1686488851
cancel,18075,,,1686488851
cancel,24999,,,1686488851
newOrder,15822,0,9542,1686488876
newOrder,18075,1,9542,1686488876
newOrder,9493,0,29373,1686488876
newOrder,24776,1,29373,1686488876
cancel,9493,,,1686489451
cancel,15822,,,1686489451
cancel,18075,,,1686489451
cancel,24776,,,1686489451
newOrder,15807,0,9532,1686489477
newOrder,18075,1,9532,1686489477
newOrder,9484,0,28155,1686489477
newOrder,24776,1,28155,1686489477
cancel,9484,,,1686490051
cancel,15807,,,1686490051
cancel,18075,,,1686490051
cancel,24776,,,1686490051
newOrder,15807,0,9533,1686490078
newOrder,18075,1,9533,1686490078
newOrder,9484,0,27668,1686490078
newOrder,24776,1,27668,1686490078
cancel,9484,,,1686490652
cancel,15807,,,1686490652
cancel,18075,,,1686490652
cancel,24776,,,1686490652
newOrder,15807,0,9534,1686490678
newOrder,18075,1,9534,1686490678
newOrder,9484,0,27901,1686490678
newOrder,24776,1,27901,1686490678
cancel,9484,,,1686491252
cancel,15807,,,1686491252
cancel,18075,,,1686491252
cancel,24776,,,1686491252
newOrder,15804,0,9532,1686491278
newOrder,18075,1,9532,1686491278
newOrder,9482,0,47309,1686491278
newOrder,24999,1,47309,1686491278
cancel,9482,,,1686491850
cancel,15804,,,1686491850
cancel,18075,,,1686491850
cancel,24999,,,1686491850
newOrder,15804,0,9532,1686491878
newOrder,18075,1,9532,1686491878
newOrder,9482,0,26649,1686491878
newOrder,24776,1,26649,1686491878
cancel,9482,,,1686492450
cancel,15804,,,1686492450
cancel,18075,,,1686492450
cancel,24776,,,1686492450
newOrder,15823,0,9548,1686492478
newOrder,18075,1,9548,1686492478
newOrder,9494,0,30627,1686492478
newOrder,24776,1,30627,1686492478
cancel,9494,,,1686493050
cancel,15823,,,1686493050
cancel,18075,,,1686493050
cancel,24776,,,1686493050
newOrder,15822,0,9548,1686493078
newOrder,18075,1,9548,1686493078
newOrder,9493,0,28121,1686493078
newOrder,24776,1,28121,1686493078
cancel,9493,,,1686493650
cancel,15822,,,1686493650
cancel,18075,,,1686493650
cancel,24776,,,1686493650
newOrder,15823,0,9550,1686493677
newOrder,18075,1,9550,1686493677
newOrder,9494,0,36076,1686493677
newOrder,24999,1,36076,1686493677
cancel,9494,,,1686494250
cancel,15823,,,1686494250
cancel,18075,,,1686494250
cancel,24999,,,1686494250
newOrder,15822,0,9549,1686494277
newOrder,18075,1,9549,1686494277
newOrder,12162,0,15221,1686494277
newOrder,24776,1,15221,1686494277
cancel,12162,,,1686494850
cancel,15822,,,1686494850
cancel,18075,,,1686494850
cancel,24776,,,1686494850
newOrder,15823,0,9550,1686494877
newOrder,18075,1,9550,1686494877
newOrder,12162,0,14873,1686494877
newOrder,24776,1,14873,1686494877
cancel,12162,,,1686495450
cancel,15823,,,1686495450
cancel,18075,,,1686495450
cancel,24776,,,1686495450
newOrder,15823,0,9551,1686495477
newOrder,18075,1,9551,1686495477
newOrder,9494,0,33511,1686495477
newOrder,24776,1,33511,1686495477
cancel,9494,,,1686496050
cancel,15823,,,1686496050
cancel,18075,,,1686496050
cancel,24776,,,1686496050
newOrder,15818,0,9548,1686496080
newOrder,18075,1,9548,1686496080
newOrder,9491,0,40380,1686496080
newOrder,24999,1,40380,1686496080
cancel,9491,,,1686496651
cancel,15818,,,1686496651
cancel,18075,,,1686496651
cancel,24999,,,1686496651
newOrder,15810,0,9543,1686496679
newOrder,18075,1,9543,1686496679
newOrder,9486,0,29141,1686496679
newOrder,24776,1,29141,1686496679
cancel,9486,,,1686497251
cancel,15810,,,1686497251
cancel,18075,,,1686497251
cancel,24776,,,1686497251
newOrder,15816,0,9548,1686497277
newOrder,18075,1,9548,1686497277
newOrder,9490,0,36107,1686497277
newOrder,24999,1,36107,1686497277
cancel,9490,,,1686497851
cancel,15816,,,1686497851
cancel,18075,,,1686497851
cancel,24999,,,1686497851
newOrder,15816,0,9549,1686497877
newOrder,18075,1,9549,1686497877
newOrder,9490,0,21914,1686497877
newOrder,24776,1,21914,1686497877
cancel,9490,,,1686498450
cancel,15816,,,1686498450
cancel,18075,,,1686498450
cancel,24776,,,1686498450
newOrder,15818,0,9551,1686498478
newOrder,18075,1,9551,1686498478
newOrder,9491,0,28301,1686498478
newOrder,24776,1,28301,1686498478
cancel,9491,,,1686499051
cancel,15818,,,1686499051
cancel,18075,,,1686499051
cancel,24776,,,1686499051
newOrder,15819,0,9552,1686499079
newOrder,18075,1,9552,1686499079
newOrder,9491,0,39961,1686499079
newOrder,24999,1,39961,1686499079
cancel,9491,,,1686499651
cancel,15819,,,1686499651
cancel,18075,,,1686499651
cancel,24999,,,1686499651
newOrder,15812,0,9547,1686499680
newOrder,18075,1,9547,1686499680
newOrder,9487,0,40308,1686499680
newOrder,24999,1,40308,1686499680
cancel,9487,,,1686500251
cancel,15812,,,1686500251
cancel,18075,,,1686500251
cancel,24999,,,1686500251
newOrder,15816,0,9552,1686500279
newOrder,18075,1,9552,1686500279
newOrder,12162,0,15927,1686500279
newOrder,24776,1,15927,1686500279
cancel,12162,,,1686500852
cancel,15816,,,1686500852
cancel,18075,,,1686500852
cancel,24776,,,1686500852
newOrder,15816,0,9552,1686500879
newOrder,18075,1,9552,1686500879
newOrder,15501,0,7464,1686500879
cancel,15501,,,1686501450
cancel,15816,,,1686501450
cancel,18075,,,1686501450
newOrder,15806,0,9545,1686501477
newOrder,18075,1,9545,1686501477
newOrder,9484,0,38983,1686501477
newOrder,24999,1,38983,1686501477
cancel,9484,,,1686502052
cancel,15806,,,1686502052
cancel,18075,,,1686502052
cancel,24999,,,1686502052
newOrder,15806,0,9546,1686502080
newOrder,18075,1,9546,1686502080
newOrder,9484,0,33288,1686502080
newOrder,24776,1,33288,1686502080
cancel,9484,,,1686502650
cancel,15806,,,1686502650
cancel,18075,,,1686502650
cancel,24776,,,1686502650
newOrder,15817,0,9555,1686502677
newOrder,18075,1,9555,1686502677
newOrder,15501,0,7870,1686502677
cancel,15501,,,1686503250
cancel,15817,,,1686503250
cancel,18075,,,1686503250
newOrder,15798,0,9541,1686503278
newOrder,18075,1,9541,1686503278
newOrder,9479,0,49033,1686503278
newOrder,24999,1,49033,1686503278
cancel,9479,,,1686503851
cancel,15798,,,1686503851
cancel,18075,,,1686503851
cancel,24999,,,1686503851
newOrder,15819,0,9558,1686503878
newOrder,18075,1,9558,1686503878
newOrder,9491,0,48024,1686503878
newOrder,24999,1,48024,1686503878
cancel,9491,,,1686504450
cancel,15819,,,1686504450
cancel,18075,,,1686504450
cancel,24999,,,1686504450
newOrder,16006,0,9695,1686504479
newOrder,18075,1,9695,1686504479
newOrder,9604,0,27699,1686504479
newOrder,24776,1,27699,1686504479
cancel,9604,,,1686505049
cancel,16006,,,1686505049
cancel,18075,,,1686505049
cancel,24776,,,1686505049
newOrder,16006,0,9696,1686505078
newOrder,18075,1,9696,1686505078
newOrder,15501,0,9405,1686505078
cancel,15501,,,1686505651
cancel,16006,,,1686505651
cancel,18075,,,1686505651
newOrder,16006,0,9697,1686505680
newOrder,18075,1,9697,1686505680
newOrder,9604,0,22914,1686505680
newOrder,24776,1,22914,1686505680
cancel,9604,,,1686506250
cancel,16006,,,1686506250
cancel,18075,,,1686506250
cancel,24776,,,1686506250
newOrder,16006,0,9698,1686506278
newOrder,18075,1,9698,1686506278
newOrder,12164,0,12689,1686506278
newOrder,24776,1,12689,1686506278
cancel,12164,,,1686506851
cancel,16006,,,1686506851
cancel,18075,,,1686506851
cancel,24776,,,1686506851
newOrder,16006,0,9698,1686506877
newOrder,18075,1,9698,1686506877
newOrder,12164,0,14192,1686506877
newOrder,24776,1,14192,1686506877
cancel,12164,,,1686507451
cancel,16006,,,1686507451
cancel,18075,,,1686507451
cancel,24776,,,1686507451
newOrder,16006,0,9699,1686507477
newOrder,18075,1,9699,1686507477
newOrder,9604,0,51860,1686507477
newOrder,24999,1,51860,1686507477
cancel,9604,,,1686508051
cancel,16006,,,1686508051
cancel,18075,,,1686508051
cancel,24999,,,1686508051
newOrder,16006,0,9700,1686508076
newOrder,18075,1,9700,1686508076
newOrder,15501,0,7234,1686508076
cancel,15501,,,1686508651
cancel,16006,,,1686508651
cancel,18075,,,1686508651
newOrder,16006,0,9701,1686508677
newOrder,18075,1,9701,1686508677
newOrder,12164,0,14063,1686508677
newOrder,24776,1,14063,1686508677
cancel,12164,,,1686509250
cancel,16006,,,1686509250
cancel,18075,,,1686509250
cancel,24776,,,1686509250
newOrder,16006,0,9701,1686509277
newOrder,18075,1,9701,1686509277
newOrder,9604,0,26559,1686509277
newOrder,24776,1,26559,1686509277
cancel,9604,,,1686509851
cancel,16006,,,1686509851
cancel,18075,,,1686509851
cancel,24776,,,1686509851
newOrder,16024,0,9715,1686509878
newOrder,18075,1,9715,1686509878
newOrder,9615,0,47398,1686509878
newOrder,24999,1,47398,1686509878
cancel,9615,,,1686510450
cancel,16024,,,1686510450
cancel,18075,,,1686510450
cancel,24999,,,1686510450
newOrder,16024,0,9715,1686510477
newOrder,18075,1,9715,1686510477
newOrder,9615,0,47525,1686510477
newOrder,24999,1,47525,1686510477
cancel,9615,,,1686511050
cancel,16024,,,1686511050
cancel,18075,,,1686511050
cancel,24999,,,1686511050
newOrder,16024,0,9716,1686511080
newOrder,18075,1,9716,1686511080
newOrder,9615,0,44104,1686511080
newOrder,24999,1,44104,1686511080
cancel,9615,,,1686511651
cancel,16024,,,1686511651
cancel,18075,,,1686511651
cancel,24999,,,1686511651
newOrder,16024,0,9717,1686511676
newOrder,18075,1,9717,1686511676
newOrder,12162,0,15041,1686511676
newOrder,24776,1,15041,1686511676
cancel,12162,,,1686512251
cancel,16024,,,1686512251
cancel,18075,,,1686512251
cancel,24776,,,1686512251
newOrder,16024,0,9718,1686512279
newOrder,18075,1,9718,1686512279
newOrder,9615,0,24080,1686512279
newOrder,24776,1,24080,1686512279
cancel,9615,,,1686512849
cancel,16024,,,1686512849
cancel,18075,,,1686512849
cancel,24776,,,1686512849
newOrder,16027,0,9720,1686512880
newOrder,18075,1,9720,1686512880
newOrder,9616,0,46752,1686512880
newOrder,24999,1,46752,1686512880
cancel,9616,,,1686513451
cancel,16027,,,1686513451
cancel,18075,,,1686513451
cancel,24999,,,1686513451
newOrder,16027,0,9721,1686513479
newOrder,18075,1,9721,1686513479
newOrder,9616,0,37516,1686513479
newOrder,24999,1,37516,1686513479
cancel,9616,,,1686514051
cancel,16027,,,1686514051
cancel,18075,,,1686514051
cancel,24999,,,1686514051
newOrder,16027,0,9721,1686514079
newOrder,18075,1,9721,1686514079
newOrder,12164,0,13293,1686514079
newOrder,24776,1,13293,1686514079
cancel,12164,,,1686514650
cancel,16027,,,1686514650
cancel,18075,,,1686514650
cancel,24776,,,1686514650
newOrder,16027,0,9722,1686514677
newOrder,18075,1,9722,1686514677
newOrder,9616,0,48502,1686514677
newOrder,24999,1,48502,1686514677
cancel,9616,,,1686515251
cancel,16027,,,1686515251
cancel,18075,,,1686515251
cancel,24999,,,1686515251
newOrder,16027,0,9723,1686515278
newOrder,18075,1,9723,1686515278
newOrder,9616,0,32775,1686515278
newOrder,24776,1,32775,1686515278
cancel,9616,,,1686515850
cancel,16027,,,1686515850
cancel,18075,,,1686515850
cancel,24776,,,1686515850
newOrder,16027,0,9724,1686515876
newOrder,18075,1,9724,1686515876
newOrder,9616,0,29371,1686515876
newOrder,24776,1,29371,1686515876
cancel,9616,,,1686516451
cancel,16027,,,1686516451
cancel,18075,,,1686516451
cancel,24776,,,1686516451
newOrder,16027,0,9725,1686516477
newOrder,18075,1,9725,1686516477
newOrder,9616,0,45831,1686516477
newOrder,24999,1,45831,1686516477
cancel,9616,,,1686517050
cancel,16027,,,1686517050
cancel,18075,,,1686517050
cancel,24999,,,1686517050
newOrder,16027,0,9725,1686517078
newOrder,18075,1,9725,1686517078
newOrder,9616,0,18919,1686517078
newOrder,24776,1,18919,1686517078
cancel,9616,,,1686517650
cancel,16027,,,1686517650
cancel,18075,,,1686517650
cancel,24776,,,1686517650
newOrder,16027,0,9726,1686517678
newOrder,18075,1,9726,1686517678
newOrder,9616,0,40213,1686517678
newOrder,24999,1,40213,1686517678
cancel,9616,,,1686518251
cancel,16027,,,1686518251
cancel,18075,,,1686518251
cancel,24999,,,1686518251
newOrder,16027,0,9727,1686518282
newOrder,18075,1,9727,1686518282
newOrder,9616,0,30226,1686518282
newOrder,24776,1,30226,1686518282
cancel,9616,,,1686518853
cancel,16027,,,1686518853
cancel,18075,,,1686518853
cancel,24776,,,1686518853
newOrder,16027,0,9728,1686518881
newOrder,18075,1,9728,1686518881
newOrder,9616,0,25533,1686518881
newOrder,24776,1,25533,1686518881
cancel,9616,,,1686519450
cancel,16027,,,1686519450
cancel,18075,,,1686519450
cancel,24776,,,1686519450
newOrder,16027,0,9728,1686519480
newOrder,18075,1,9728,1686519480
newOrder,9616,0,34587,1686519480
newOrder,24776,1,34587,1686519480
cancel,9616,,,1686520051
cancel,16027,,,1686520051
cancel,18075,,,1686520051
cancel,24776,,,1686520051
newOrder,16026,0,9729,1686520078
newOrder,18075,1,9729,1686520078
newOrder,9616,0,20786,1686520078
newOrder,24776,1,20786,1686520078
cancel,9616,,,1686520651
cancel,16026,,,1686520651
cancel,18075,,,1686520651
cancel,24776,,,1686520651
newOrder,16026,0,9730,1686520681
newOrder,18075,1,9730,1686520681
newOrder,9616,0,36418,1686520681
newOrder,24999,1,36418,1686520681
cancel,9616,,,1686521251
cancel,16026,,,1686521251
cancel,18075,,,1686521251
cancel,24999,,,1686521251
newOrder,16026,0,9731,1686521277
newOrder,18075,1,9731,1686521277
newOrder,9616,0,32130,1686521277
newOrder,24776,1,32130,1686521277
cancel,9616,,,1686521852
cancel,16026,,,1686521852
cancel,18075,,,1686521852
cancel,24776,,,1686521852
newOrder,16026,0,9731,1686521880
newOrder,18075,1,9731,1686521880
newOrder,9616,0,24840,1686521880
newOrder,24776,1,24840,1686521880
cancel,9616,,,1686522451
cancel,16026,,,1686522451
cancel,18075,,,1686522451
cancel,24776,,,1686522451
newOrder,16026,0,9732,1686522480
newOrder,18075,1,9732,1686522480
newOrder,12164,0,12840,1686522480
newOrder,24776,1,12840,1686522480
cancel,12164,,,1686523051
cancel,16026,,,1686523051
cancel,18075,,,1686523051
cancel,24776,,,1686523051
newOrder,15995,0,9712,1686523079
newOrder,18075,1,9712,1686523079
newOrder,12164,0,10155,1686523079
newOrder,19999,1,10155,1686523079
cancel,12164,,,1686523650
cancel,15995,,,1686523650
cancel,18075,,,1686523650
cancel,19999,,,1686523650
newOrder,15973,0,9697,1686523677
newOrder,18075,1,9697,1686523677
newOrder,9584,0,21898,1686523677
newOrder,24776,1,21898,1686523677
cancel,9584,,,1686524251
cancel,15973,,,1686524251
cancel,18075,,,1686524251
cancel,24776,,,1686524251
newOrder,15975,0,9699,1686524278
newOrder,18075,1,9699,1686524278
newOrder,9585,0,29461,1686524278
newOrder,24776,1,29461,1686524278
cancel,9585,,,1686524852
cancel,15975,,,1686524852
cancel,18075,,,1686524852
cancel,24776,,,1686524852
newOrder,15975,0,9700,1686524879
newOrder,18075,1,9700,1686524879
newOrder,9585,0,47486,1686524879
newOrder,24999,1,47486,1686524879
cancel,9585,,,1686525451
cancel,15975,,,1686525451
cancel,18075,,,1686525451
cancel,24999,,,1686525451
newOrder,15975,0,9700,1686525477
newOrder,18075,1,9700,1686525477
newOrder,15501,0,8867,1686525477
cancel,15501,,,1686526051
cancel,15975,,,1686526051
cancel,18075,,,1686526051
newOrder,15975,0,9702,1686526081
newOrder,18075,1,9702,1686526081
newOrder,12162,0,16983,1686526081
newOrder,24776,1,16983,1686526081
cancel,12162,,,1686526651
cancel,15975,,,1686526651
cancel,18075,,,1686526651
cancel,24776,,,1686526651
newOrder,15975,0,9702,1686526678
newOrder,18075,1,9702,1686526678
newOrder,9585,0,41545,1686526678
newOrder,24999,1,41545,1686526678
cancel,9585,,,1686527251
cancel,15975,,,1686527251
cancel,18075,,,1686527251
cancel,24999,,,1686527251
newOrder,15973,0,9702,1686527277
newOrder,18075,1,9702,1686527277
newOrder,12164,0,13781,1686527277
newOrder,24776,1,13781,1686527277
cancel,12164,,,1686527851
cancel,15973,,,1686527851
cancel,18075,,,1686527851
cancel,24776,,,1686527851
newOrder,15975,0,9704,1686527876
newOrder,18075,1,9704,1686527876
newOrder,9585,0,48422,1686527876
newOrder,24999,1,48422,1686527876
cancel,9585,,,1686528451
cancel,15975,,,1686528451
cancel,18075,,,1686528451
cancel,24999,,,1686528451
newOrder,15975,0,9704,1686528479
newOrder,18075,1,9704,1686528479
newOrder,12164,0,10301,1686528479
newOrder,21899,1,10301,1686528479
cancel,12164,,,1686529050
cancel,15975,,,1686529050
cancel,18075,,,1686529050
cancel,21899,,,1686529050
newOrder,15975,0,9705,1686529078
newOrder,18075,1,9705,1686529078
newOrder,9585,0,19322,1686529078
newOrder,24776,1,19322,1686529078
cancel,9585,,,1686529651
cancel,15975,,,1686529651
cancel,18075,,,1686529651
cancel,24776,,,1686529651
newOrder,15972,0,9704,1686529677
newOrder,18075,1,9704,1686529677
newOrder,9583,0,40817,1686529677
newOrder,24999,1,40817,1686529677
cancel,9583,,,1686530250
cancel,15972,,,1686530250
cancel,18075,,,1686530250
cancel,24999,,,1686530250
newOrder,15972,0,9705,1686530277
newOrder,18075,1,9705,1686530277
newOrder,9583,0,36804,1686530277
newOrder,24999,1,36804,1686530277
cancel,9583,,,1686530855
cancel,15972,,,1686530855
cancel,18075,,,1686530855
cancel,24999,,,1686530855
newOrder,15972,0,9706,1686530887
newOrder,18075,1,9706,1686530887
newOrder,9583,0,41562,1686530887
newOrder,24999,1,41562,1686530887
cancel,9583,,,1686531452
cancel,15972,,,1686531452
cancel,18075,,,1686531452
cancel,24999,,,1686531452
newOrder,15972,0,9706,1686531480
newOrder,18075,1,9706,1686531480
newOrder,15501,0,6734,1686531480
cancel,15501,,,1686532051
cancel,15972,,,1686532051
cancel,18075,,,1686532051
newOrder,15973,0,9708,1686532078
newOrder,18075,1,9708,1686532078
newOrder,9584,0,40009,1686532078
newOrder,24999,1,40009,1686532078
cancel,9584,,,1686532651
cancel,15973,,,1686532651
cancel,18075,,,1686532651
cancel,24999,,,1686532651
newOrder,15995,0,9724,1686532679
newOrder,18075,1,9724,1686532679
newOrder,9597,0,49243,1686532679
newOrder,24999,1,49243,1686532679
cancel,9597,,,1686533250
cancel,15995,,,1686533250
cancel,18075,,,1686533250
cancel,24999,,,1686533250
newOrder,15994,0,9724,1686533278
newOrder,18075,1,9724,1686533278
newOrder,9597,0,40404,1686533278
newOrder,24999,1,40404,1686533278
cancel,9597,,,1686533851
cancel,15994,,,1686533851
cancel,18075,,,1686533851
cancel,24999,,,1686533851
newOrder,15994,0,9725,1686533880
newOrder,18075,1,9725,1686533880
newOrder,9596,0,45061,1686533880
newOrder,24999,1,45061,1686533880
cancel,9596,,,1686534450
cancel,15994,,,1686534450
cancel,18075,,,1686534450
cancel,24999,,,1686534450
newOrder,15994,0,9726,1686534477
newOrder,18075,1,9726,1686534477
newOrder,9596,0,28116,1686534477
newOrder,24776,1,28116,1686534477
cancel,9596,,,1686535051
cancel,15994,,,1686535051
cancel,18075,,,1686535051
cancel,24776,,,1686535051
newOrder,15994,0,9726,1686535078
newOrder,18075,1,9726,1686535078
newOrder,9596,0,21005,1686535078
newOrder,24776,1,21005,1686535078
cancel,9596,,,1686535652
cancel,15994,,,1686535652
cancel,18075,,,1686535652
cancel,24776,,,1686535652
newOrder,15994,0,9727,1686535678
newOrder,18075,1,9727,1686535678
newOrder,9596,0,34220,1686535678
newOrder,24776,1,34220,1686535678
cancel,9596,,,1686536251
cancel,15994,,,1686536251
cancel,18075,,,1686536251
cancel,24776,,,1686536251
newOrder,15994,0,9728,1686536278
newOrder,18075,1,9728,1686536278
newOrder,9596,0,39527,1686536278
newOrder,24999,1,39527,1686536278
cancel,9596,,,1686536851
cancel,15994,,,1686536851
cancel,18075,,,1686536851
cancel,24999,,,1686536851
newOrder,15993,0,9728,1686536881
newOrder,18075,1,9728,1686536881
newOrder,9596,0,37959,1686536881
newOrder,24999,1,37959,1686536881
cancel,9596,,,1686537451
cancel,15993,,,1686537451
cancel,18075,,,1686537451
cancel,24999,,,1686537451
newOrder,15983,0,9722,1686537476
newOrder,18075,1,9722,1686537476
newOrder,9590,0,22879,1686537476
newOrder,24776,1,22879,1686537476
cancel,9590,,,1686538052
cancel,15983,,,1686538052
cancel,18075,,,1686538052
cancel,24776,,,1686538052
newOrder,15983,0,9722,1686538082
newOrder,18075,1,9722,1686538082
newOrder,9590,0,30764,1686538082
newOrder,24776,1,30764,1686538082
cancel,9590,,,1686538651
cancel,15983,,,1686538651
cancel,18075,,,1686538651
cancel,24776,,,1686538651
newOrder,15983,0,9723,1686538677
newOrder,18075,1,9723,1686538677
newOrder,15501,0,8765,1686538677
cancel,15501,,,1686539251
cancel,15983,,,1686539251
cancel,18075,,,1686539251
newOrder,15983,0,9724,1686539278
newOrder,18075,1,9724,1686539278
newOrder,9590,0,27278,1686539278
newOrder,24776,1,27278,1686539278
cancel,9590,,,1686539850
cancel,15983,,,1686539850
cancel,18075,,,1686539850
cancel,24776,,,1686539850
newOrder,15983,0,9725,1686539877
newOrder,18075,1,9725,1686539877
newOrder,15501,0,6061,1686539877
cancel,15501,,,1686540452
cancel,15983,,,1686540452
cancel,18075,,,1686540452
newOrder,15983,0,9725,1686540479
newOrder,18075,1,9725,1686540479
newOrder,12013,0,18152,1686540479
newOrder,24776,1,18152,1686540479
cancel,12013,,,1686541051
cancel,15983,,,1686541051
cancel,18075,,,1686541051
cancel,24776,,,1686541051
newOrder,15983,0,9726,1686541076
newOrder,18075,1,9726,1686541076
newOrder,9590,0,24500,1686541076
newOrder,24776,1,24500,1686541076
cancel,9590,,,1686541651
cancel,15983,,,1686541651
cancel,18075,,,1686541651
cancel,24776,,,1686541651
newOrder,15983,0,9727,1686541681
newOrder,18075,1,9727,1686541681
newOrder,12162,0,17048,1686541681
newOrder,24776,1,17048,1686541681
cancel,12162,,,1686542251
cancel,15983,,,1686542251
cancel,18075,,,1686542251
cancel,24776,,,1686542251
newOrder,15983,0,9728,1686542277
newOrder,18075,1,9728,1686542277
newOrder,9590,0,33376,1686542277
newOrder,24776,1,33376,1686542277
cancel,9590,,,1686542851
cancel,15983,,,1686542851
cancel,18075,,,1686542851
cancel,24776,,,1686542851
newOrder,15983,0,9728,1686542879
newOrder,18075,1,9728,1686542879
newOrder,9590,0,24055,1686542879
newOrder,24776,1,24055,1686542879
cancel,9590,,,1686543451
cancel,15983,,,1686543451
cancel,18075,,,1686543451
cancel,24776,,,1686543451
newOrder,15983,0,9729,1686543477
newOrder,18075,1,9729,1686543477
newOrder,9590,0,30984,1686543477
newOrder,24776,1,30984,1686543477
cancel,9590,,,1686544051
cancel,15983,,,1686544051
cancel,18075,,,1686544051
cancel,24776,,,1686544051
newOrder,15983,0,9730,1686544079
newOrder,18075,1,9730,1686544079
newOrder,9590,0,41421,1686544079
newOrder,24999,1,41421,1686544079
cancel,9590,,,1686544652
cancel,15983,,,1686544652
cancel,18075,,,1686544652
cancel,24999,,,1686544652
newOrder,15983,0,9731,1686544678
newOrder,18075,1,9731,1686544678
newOrder,9590,0,40387,1686544678
newOrder,24999,1,40387,1686544678
cancel,9590,,,1686545250
cancel,15983,,,1686545250
cancel,18075,,,1686545250
cancel,24999,,,1686545250
newOrder,15983,0,9732,1686545278
newOrder,18075,1,9732,1686545278
newOrder,9590,0,25058,1686545278
newOrder,24776,1,25058,1686545278
cancel,9590,,,1686545850
cancel,15983,,,1686545850
cancel,18075,,,1686545850
cancel,24776,,,1686545850
newOrder,15983,0,9732,1686545876
newOrder,18075,1,9732,1686545876
newOrder,9590,0,20779,1686545876
newOrder,24776,1,20779,1686545876
cancel,9590,,,1686546451
cancel,15983,,,1686546451
cancel,18075,,,1686546451
cancel,24776,,,1686546451
newOrder,15983,0,9733,1686546477
newOrder,18075,1,9733,1686546477
newOrder,9590,0,36960,1686546477
newOrder,24999,1,36960,1686546477
cancel,9590,,,1686547050
cancel,15983,,,1686547050
cancel,18075,,,1686547050
cancel,24999,,,1686547050
newOrder,15983,0,9734,1686547078
newOrder,18075,1,9734,1686547078
newOrder,9590,0,33164,1686547078
newOrder,24776,1,33164,1686547078
cancel,9590,,,1686547651
cancel,15983,,,1686547651
cancel,18075,,,1686547651
cancel,24776,,,1686547651
newOrder,15983,0,9735,1686547676
newOrder,18075,1,9735,1686547676
newOrder,12164,0,14701,1686547676
newOrder,24776,1,14701,1686547676
cancel,12164,,,1686548251
cancel,15983,,,1686548251
cancel,18075,,,1686548251
cancel,24776,,,1686548251
newOrder,15983,0,9735,1686548279
newOrder,18075,1,9735,1686548279
newOrder,9590,0,51597,1686548279
newOrder,24999,1,51597,1686548279
cancel,9590,,,1686548852
cancel,15983,,,1686548852
cancel,18075,,,1686548852
cancel,24999,,,1686548852
newOrder,15983,0,9736,1686548878
newOrder,18075,1,9736,1686548878
newOrder,9590,0,31280,1686548878
newOrder,24776,1,31280,1686548878
cancel,9590,,,1686549451
cancel,15983,,,1686549451
cancel,18075,,,1686549451
cancel,24776,,,1686549451
newOrder,15983,0,9737,1686549479
newOrder,18075,1,9737,1686549479
newOrder,9590,0,37299,1686549479
newOrder,24999,1,37299,1686549479
cancel,9590,,,1686550052
cancel,15983,,,1686550052
cancel,18075,,,1686550052
cancel,24999,,,1686550052
newOrder,15983,0,9738,1686550078
newOrder,18075,1,9738,1686550078
newOrder,9590,0,38493,1686550078
newOrder,24999,1,38493,1686550078
cancel,9590,,,1686550651
cancel,15983,,,1686550651
cancel,18075,,,1686550651
cancel,24999,,,1686550651
newOrder,15983,0,9738,1686550677
newOrder,18075,1,9738,1686550677
newOrder,9590,0,35143,1686550677
newOrder,24776,1,35143,1686550677
cancel,9590,,,1686551250
cancel,15983,,,1686551250
cancel,18075,,,1686551250
cancel,24776,,,1686551250
newOrder,15983,0,9739,1686551278
newOrder,18075,1,9739,1686551278
newOrder,12164,0,12581,1686551278
newOrder,24776,1,12581,1686551278
cancel,12164,,,1686551851
cancel,15983,,,1686551851
cancel,18075,,,1686551851
cancel,24776,,,1686551851
newOrder,15934,0,9705,1686551882
newOrder,18075,1,9705,1686551882
newOrder,12164,0,14495,1686551882
newOrder,24776,1,14495,1686551882
cancel,12164,,,1686552450
cancel,15934,,,1686552450
cancel,18075,,,1686552450
cancel,24776,,,1686552450
newOrder,15923,0,9697,1686552477
newOrder,18075,1,9697,1686552477
newOrder,9554,0,47592,1686552477
newOrder,24999,1,47592,1686552477
cancel,9554,,,1686553050
cancel,15923,,,1686553050
cancel,18075,,,1686553050
cancel,24999,,,1686553050
newOrder,15922,0,9697,1686553078
newOrder,18075,1,9697,1686553078
newOrder,9553,0,45008,1686553078
newOrder,24999,1,45008,1686553078
cancel,9553,,,1686553651
cancel,15922,,,1686553651
cancel,18075,,,1686553651
cancel,24999,,,1686553651
newOrder,15923,0,9698,1686553678
newOrder,18075,1,9698,1686553678
newOrder,12164,0,10929,1686553678
newOrder,24776,1,10929,1686553678
cancel,12164,,,1686554250
cancel,15923,,,1686554250
cancel,18075,,,1686554250
cancel,24776,,,1686554250
newOrder,15922,0,9699,1686554278
newOrder,18075,1,9699,1686554278
newOrder,9553,0,20704,1686554278
newOrder,24776,1,20704,1686554278
cancel,9553,,,1686554851
cancel,15922,,,1686554851
cancel,18075,,,1686554851
cancel,24776,,,1686554851
newOrder,15986,0,9746,1686554878
newOrder,18075,1,9746,1686554878
newOrder,9591,0,33761,1686554878
newOrder,24776,1,33761,1686554878
cancel,9591,,,1686555453
cancel,15986,,,1686555453
cancel,18075,,,1686555453
cancel,24776,,,1686555453
newOrder,15924,0,9701,1686555477
newOrder,18075,1,9701,1686555477
newOrder,15501,0,9330,1686555477
cancel,15501,,,1686556051
cancel,15924,,,1686556051
cancel,18075,,,1686556051
newOrder,15895,0,9680,1686556079
newOrder,18075,1,9680,1686556079
newOrder,9537,0,35236,1686556079
newOrder,24776,1,35236,1686556079
cancel,9537,,,1686556650
cancel,15895,,,1686556650
cancel,18075,,,1686556650
cancel,24776,,,1686556650
newOrder,15896,0,9681,1686556678
newOrder,18075,1,9681,1686556678
newOrder,12162,0,14974,1686556678
newOrder,24776,1,14974,1686556678
cancel,12162,,,1686557251
cancel,15896,,,1686557251
cancel,18075,,,1686557251
cancel,24776,,,1686557251
newOrder,15896,0,9682,1686557277
newOrder,18075,1,9682,1686557277
newOrder,9537,0,22805,1686557277
newOrder,24776,1,22805,1686557277
cancel,9537,,,1686557850
cancel,15896,,,1686557850
cancel,18075,,,1686557850
cancel,24776,,,1686557850
newOrder,15895,0,9682,1686557882
newOrder,18075,1,9682,1686557882
newOrder,9537,0,33610,1686557882
newOrder,24776,1,33610,1686557882
cancel,9537,,,1686558450
cancel,15895,,,1686558450
cancel,18075,,,1686558450
cancel,24776,,,1686558450
newOrder,15895,0,9683,1686558478
newOrder,18075,1,9683,1686558478
newOrder,9537,0,37415,1686558478
newOrder,24999,1,37415,1686558478
cancel,9537,,,1686559050
cancel,15895,,,1686559050
cancel,18075,,,1686559050
cancel,24999,,,1686559050
newOrder,15895,0,9684,1686559082
newOrder,18075,1,9684,1686559082
newOrder,9537,0,25801,1686559082
newOrder,24776,1,25801,1686559082
cancel,9537,,,1686559651
cancel,15895,,,1686559651
cancel,18075,,,1686559651
cancel,24776,,,1686559651
newOrder,15895,0,9685,1686559679
newOrder,18075,1,9685,1686559679
newOrder,9537,0,33933,1686559679
newOrder,24776,1,33933,1686559679
cancel,9537,,,1686560251
cancel,15895,,,1686560251
cancel,18075,,,1686560251
cancel,24776,,,1686560251
newOrder,15896,0,9686,1686560277
newOrder,18075,1,9686,1686560277
newOrder,9538,0,50214,1686560277
newOrder,24999,1,50214,1686560277
cancel,9538,,,1686560850
cancel,15896,,,1686560850
cancel,18075,,,1686560850
cancel,24999,,,1686560850
newOrder,15895,0,9686,1686560886
newOrder,18075,1,9686,1686560886
newOrder,9537,0,51285,1686560886
newOrder,24999,1,51285,1686560886
cancel,9537,,,1686561451
cancel,15895,,,1686561451
cancel,18075,,,1686561451
cancel,24999,,,1686561451
newOrder,15895,0,9687,1686561479
newOrder,18075,1,9687,1686561479
newOrder,9537,0,35422,1686561479
newOrder,24999,1,35422,1686561479
cancel,9537,,,1686562051
cancel,15895,,,1686562051
cancel,18075,,,1686562051
cancel,24999,,,1686562051
newOrder,15897,0,9689,1686562078
newOrder,18075,1,9689,1686562078
newOrder,9538,0,44193,1686562078
newOrder,24999,1,44193,1686562078
cancel,9538,,,1686562651
cancel,15897,,,1686562651
cancel,18075,,,1686562651
cancel,24999,,,1686562651
newOrder,15896,0,9689,1686562677
newOrder,18075,1,9689,1686562677
newOrder,9538,0,29234,1686562677
newOrder,24776,1,29234,1686562677
cancel,9538,,,1686563251
cancel,15896,,,1686563251
cancel,18075,,,1686563251
cancel,24776,,,1686563251
newOrder,15897,0,9691,1686563277
newOrder,18075,1,9691,1686563277
newOrder,12162,0,16145,1686563277
newOrder,24776,1,16145,1686563277
cancel,12162,,,1686563851
cancel,15897,,,1686563851
cancel,18075,,,1686563851
cancel,24776,,,1686563851
newOrder,15896,0,9690,1686563876
newOrder,18075,1,9690,1686563876
newOrder,15501,0,7356,1686563876
cancel,15501,,,1686564451
cancel,15896,,,1686564451
cancel,18075,,,1686564451
newOrder,15894,0,9690,1686564476
newOrder,18075,1,9690,1686564476
newOrder,9537,0,23156,1686564476
newOrder,24776,1,23156,1686564476
cancel,9537,,,1686565051
cancel,15894,,,1686565051
cancel,18075,,,1686565051
cancel,24776,,,1686565051
newOrder,15896,0,9692,1686565077
newOrder,18075,1,9692,1686565077
newOrder,9537,0,22569,1686565077
newOrder,24776,1,22569,1686565077
cancel,9537,,,1686565651
cancel,15896,,,1686565651
cancel,18075,,,1686565651
cancel,24776,,,1686565651
newOrder,15896,0,9692,1686565680
newOrder,18075,1,9692,1686565680
newOrder,12162,0,15943,1686565680
newOrder,24776,1,15943,1686565680
cancel,12162,,,1686566250
cancel,15896,,,1686566250
cancel,18075,,,1686566250
cancel,24776,,,1686566250
newOrder,15894,0,9692,1686566277
newOrder,18075,1,9692,1686566277
newOrder,9537,0,32870,1686566277
newOrder,24776,1,32870,1686566277
cancel,9537,,,1686566851
cancel,15894,,,1686566851
cancel,18075,,,1686566851
cancel,24776,,,1686566851
newOrder,15895,0,9694,1686566879
newOrder,18075,1,9694,1686566879
newOrder,9537,0,47261,1686566879
newOrder,24999,1,47261,1686566879
cancel,9537,,,1686567451
cancel,15895,,,1686567451
cancel,18075,,,1686567451
cancel,24999,,,1686567451
newOrder,15896,0,9695,1686567476
newOrder,18075,1,9695,1686567476
newOrder,15501,0,9066,1686567476
cancel,15501,,,1686568050
cancel,15896,,,1686568050
cancel,18075,,,1686568050
newOrder,15896,0,9696,1686568075
newOrder,18075,1,9696,1686568075
newOrder,15501,0,8113,1686568075
cancel,15501,,,1686568651
cancel,15896,,,1686568651
cancel,18075,,,1686568651
newOrder,15895,0,9696,1686568679
newOrder,18075,1,9696,1686568679
newOrder,9537,0,25490,1686568679
newOrder,24776,1,25490,1686568679
cancel,9537,,,1686569250
cancel,15895,,,1686569250
cancel,18075,,,1686569250
cancel,24776,,,1686569250
newOrder,15899,0,9699,1686569276
newOrder,18075,1,9699,1686569276
newOrder,9539,0,29866,1686569276
newOrder,24776,1,29866,1686569276
cancel,9539,,,1686569851
cancel,15899,,,1686569851
cancel,18075,,,1686569851
cancel,24776,,,1686569851
newOrder,15898,0,9700,1686569875
newOrder,18075,1,9700,1686569875
newOrder,9539,0,50610,1686569875
newOrder,24999,1,50610,1686569875
cancel,9539,,,1686570451
cancel,15898,,,1686570451
cancel,18075,,,1686570451
cancel,24999,,,1686570451
newOrder,15899,0,9701,1686570480
newOrder,18075,1,9701,1686570480
newOrder,15501,0,7779,1686570480
cancel,15501,,,1686571051
cancel,15899,,,1686571051
cancel,18075,,,1686571051
newOrder,15894,0,9698,1686571115
newOrder,18075,1,9698,1686571115
newOrder,9537,0,24489,1686571115
newOrder,24776,1,24489,1686571115
cancel,9537,,,1686571651
cancel,15894,,,1686571651
cancel,18075,,,1686571651
cancel,24776,,,1686571651
newOrder,15900,0,9703,1686571676
newOrder,18075,1,9703,1686571676
newOrder,9540,0,24584,1686571676
newOrder,24776,1,24584,1686571676