instruction,price,side,qty,time
cancel,15742,,,1691064682
cancel,17925,,,1691064682
cancel,18124,,,1691064682
cancel,24999,,,1691064682
newOrder,17925,0,5017,1691064697
newOrder,18124,1,5017,1691064697
newOrder,15742,0,16873,1691064697
newOrder,24999,1,16873,1691064697
cancel,15742,,,1691065283
cancel,17925,,,1691065283
cancel,18124,,,1691065283
cancel,24999,,,1691065283
newOrder,17925,0,5028,1691065297
newOrder,18075,1,5028,1691065297
newOrder,15742,0,14736,1691065297
newOrder,24999,1,14736,1691065297
cancel,15742,,,1691065883
cancel,17925,,,1691065883
cancel,18075,,,1691065883
cancel,24999,,,1691065883
newOrder,17925,0,5029,1691065898
newOrder,18075,1,5029,1691065898
newOrder,15742,0,8186,1691065898
newOrder,24999,1,8186,1691065898
cancel,15742,,,1691066483
cancel,17925,,,1691066483
cancel,18075,,,1691066483
cancel,24999,,,1691066483
newOrder,17925,0,5030,1691066498
newOrder,18075,1,5030,1691066498
newOrder,15742,0,13398,1691066498
newOrder,24999,1,13398,1691066498
cancel,15742,,,1691067083
cancel,17925,,,1691067083
cancel,18075,,,1691067083
cancel,24999,,,1691067083
newOrder,17925,0,5020,1691067098
newOrder,18124,1,5020,1691067098
newOrder,15742,0,17169,1691067098
newOrder,24999,1,17169,1691067098
cancel,15742,,,1691067683
cancel,17925,,,1691067683
cancel,18124,,,1691067683
cancel,24999,,,1691067683
newOrder,17924,0,5031,1691067698
newOrder,18075,1,5031,1691067698
newOrder,12309,0,19067,1691067698
newOrder,24999,1,19067,1691067698
cancel,12309,,,1691068284
cancel,17924,,,1691068284
cancel,18075,,,1691068284
cancel,24999,,,1691068284
newOrder,17924,0,5032,1691068300
newOrder,18075,1,5032,1691068300
newOrder,15742,0,13930,1691068300
newOrder,24999,1,13930,1691068300
cancel,15742,,,1691068882
cancel,17924,,,1691068882
cancel,18075,,,1691068882
cancel,24999,,,1691068882
newOrder,17925,0,5030,1691068897
newOrder,18085,1,5030,1691068897
newOrder,15742,0,17067,1691068897
newOrder,24999,1,17067,1691068897
cancel,15742,,,1691069483
cancel,17925,,,1691069483
cancel,18085,,,1691069483
cancel,24999,,,1691069483
newOrder,17925,0,5031,1691069497
newOrder,18083,1,5031,1691069497
newOrder,12307,0,20887,1691069497
newOrder,24999,1,20887,1691069497
cancel,12307,,,1691070083
cancel,17925,,,1691070083
cancel,18083,,,1691070083
cancel,24999,,,1691070083
newOrder,17915,0,5035,1691070098
newOrder,18075,1,5035,1691070098
newOrder,12307,0,24275,1691070098
newOrder,24999,1,24275,1691070098
cancel,12307,,,1691070683
cancel,17915,,,1691070683
cancel,18075,,,1691070683
cancel,24999,,,1691070683
newOrder,17913,0,5036,1691070698
newOrder,18075,1,5036,1691070698
newOrder,15742,0,7752,1691070698
newOrder,24999,1,7752,1691070698
cancel,15742,,,1691071282
cancel,17913,,,1691071282
cancel,18075,,,1691071282
cancel,24999,,,1691071282
newOrder,17860,0,5048,1691071298
newOrder,18075,1,5048,1691071298
newOrder,15742,0,7241,1691071298
newOrder,24999,1,7241,1691071298
cancel,15742,,,1691071882
cancel,17860,,,1691071882
cancel,18075,,,1691071882
cancel,24999,,,1691071882
newOrder,17852,0,5050,1691071898
newOrder,18075,1,5050,1691071898
newOrder,12307,0,19684,1691071898
newOrder,24999,1,19684,1691071898
cancel,12307,,,1691072482
cancel,17852,,,1691072482
cancel,18075,,,1691072482
cancel,24999,,,1691072482
newOrder,17858,0,5049,1691072498
newOrder,18075,1,5049,1691072498
newOrder,12307,0,19846,1691072498
newOrder,24999,1,19846,1691072498
cancel,12307,,,1691073083
cancel,17858,,,1691073083
cancel,18075,,,1691073083
cancel,24999,,,1691073083
newOrder,17861,0,5049,1691073099
newOrder,18075,1,5049,1691073099
newOrder,15742,0,8109,1691073099
newOrder,24999,1,8109,1691073099
cancel,15742,,,1691073682
cancel,17861,,,1691073682
cancel,18075,,,1691073682
cancel,24999,,,1691073682
newOrder,17861,0,5050,1691073698
newOrder,18075,1,5050,1691073698
newOrder,15742,0,11723,1691073698
newOrder,24999,1,11723,1691073698
cancel,15742,,,1691074283
cancel,17861,,,1691074283
cancel,18075,,,1691074283
cancel,24999,,,1691074283
newOrder,17859,0,5051,1691074298
newOrder,18075,1,5051,1691074298
newOrder,12307,0,22325,1691074298
newOrder,24999,1,22325,1691074298
cancel,12307,,,1691074883
cancel,17859,,,1691074883
cancel,18075,,,1691074883
cancel,24999,,,1691074883
newOrder,17859,0,5052,1691074898
newOrder,18075,1,5052,1691074898
newOrder,15742,0,8495,1691074898
newOrder,24999,1,8495,1691074898
cancel,15742,,,1691075483
cancel,17859,,,1691075483
cancel,18075,,,1691075483
cancel,24999,,,1691075483
newOrder,17846,0,5055,1691075498
newOrder,18075,1,5055,1691075498
newOrder,12307,0,25371,1691075498
newOrder,24999,1,25371,1691075498
cancel,12307,,,1691076082
cancel,17846,,,1691076082
cancel,18075,,,1691076082
cancel,24999,,,1691076082
newOrder,17859,0,5053,1691076098
newOrder,18075,1,5053,1691076098
newOrder,12307,0,24445,1691076098
newOrder,24999,1,24445,1691076098
cancel,12307,,,1691076682
cancel,17859,,,1691076682
cancel,18075,,,1691076682
cancel,24999,,,1691076682
newOrder,17859,0,5054,1691076698
newOrder,18075,1,5054,1691076698
newOrder,15751,0,3888,1691076698
newOrder,19999,1,3888,1691076698
cancel,15751,,,1691077282
cancel,17859,,,1691077282
cancel,18075,,,1691077282
cancel,19999,,,1691077282
newOrder,17862,0,5054,1691077300
newOrder,18075,1,5054,1691077300
newOrder,15742,0,7497,1691077300
newOrder,24999,1,7497,1691077300
cancel,15742,,,1691077883
cancel,17862,,,1691077883
cancel,18075,,,1691077883
cancel,24999,,,1691077883
newOrder,17859,0,5055,1691077897
newOrder,18075,1,5055,1691077897
newOrder,15742,0,14795,1691077897
newOrder,24999,1,14795,1691077897
cancel,15742,,,1691078483
cancel,17859,,,1691078483
cancel,18075,,,1691078483
cancel,24999,,,1691078483
newOrder,17860,0,5055,1691078498
newOrder,18075,1,5055,1691078498
newOrder,15742,0,7871,1691078498
newOrder,24999,1,7871,1691078498
cancel,15742,,,1691079082
cancel,17860,,,1691079082
cancel,18075,,,1691079082
cancel,24999,,,1691079082
newOrder,17856,0,5057,1691079098
newOrder,18075,1,5057,1691079098
newOrder,15742,0,11888,1691079098
newOrder,24999,1,11888,1691079098
cancel,15742,,,1691079682
cancel,17856,,,1691079682
cancel,18075,,,1691079682
cancel,24999,,,1691079682
newOrder,17856,0,5057,1691079698
newOrder,18075,1,5057,1691079698
newOrder,12307,0,21686,1691079698
newOrder,24999,1,21686,1691079698
cancel,12307,,,1691080282
cancel,17856,,,1691080282
cancel,18075,,,1691080282
cancel,24999,,,1691080282
newOrder,17862,0,5057,1691080298
newOrder,18075,1,5057,1691080298
newOrder,15742,0,5536,1691080298
newOrder,19999,1,5536,1691080298
cancel,15742,,,1691080884
cancel,17862,,,1691080884
cancel,18075,,,1691080884
cancel,19999,,,1691080884
newOrder,17858,0,5058,1691080899
newOrder,18075,1,5058,1691080899
newOrder,15742,0,13616,1691080899
newOrder,24999,1,13616,1691080899
cancel,15742,,,1691081483
cancel,17858,,,1691081483
cancel,18075,,,1691081483
cancel,24999,,,1691081483
newOrder,17856,0,5059,1691081498
newOrder,18075,1,5059,1691081498
newOrder,15742,0,11052,1691081498
newOrder,24999,1,11052,1691081498
cancel,15742,,,1691082083
cancel,17856,,,1691082083
cancel,18075,,,1691082083
cancel,24999,,,1691082083
newOrder,17851,0,5061,1691082098
newOrder,18075,1,5061,1691082098
newOrder,15742,0,11613,1691082098
newOrder,24999,1,11613,1691082098
cancel,15742,,,1691082682
cancel,17851,,,1691082682
cancel,18075,,,1691082682
cancel,24999,,,1691082682
newOrder,17856,0,5061,1691082699
newOrder,18075,1,5061,1691082699
newOrder,15742,0,9552,1691082699
newOrder,24999,1,9552,1691082699
cancel,15742,,,1691083282
cancel,17856,,,1691083282
cancel,18075,,,1691083282
cancel,24999,,,1691083282
newOrder,17861,0,5060,1691083298
newOrder,18075,1,5060,1691083298
newOrder,12307,0,21113,1691083298
newOrder,24999,1,21113,1691083298
cancel,12307,,,1691083883
cancel,17861,,,1691083883
cancel,18075,,,1691083883
cancel,24999,,,1691083883
newOrder,17860,0,5061,1691083898
newOrder,18075,1,5061,1691083898
newOrder,12307,0,21680,1691083898
newOrder,24999,1,21680,1691083898
cancel,12307,,,1691084483
cancel,17860,,,1691084483
cancel,18075,,,1691084483
cancel,24999,,,1691084483
newOrder,17854,0,5063,1691084498
newOrder,18075,1,5063,1691084498
newOrder,12307,0,26266,1691084498
newOrder,24999,1,26266,1691084498
cancel,12307,,,1691085082
cancel,17854,,,1691085082
cancel,18075,,,1691085082
cancel,24999,,,1691085082
newOrder,17809,0,5072,1691085098
newOrder,18075,1,5072,1691085098
newOrder,12307,0,19543,1691085098
newOrder,24999,1,19543,1691085098
cancel,12307,,,1691085682
cancel,17809,,,1691085682
cancel,18075,,,1691085682
cancel,24999,,,1691085682
newOrder,17809,0,5072,1691085698
newOrder,18075,1,5072,1691085698
newOrder,15751,0,3692,1691085698
newOrder,19999,1,3692,1691085698
cancel,15751,,,1691086282
cancel,17809,,,1691086282
cancel,18075,,,1691086282
cancel,19999,,,1691086282
newOrder,17856,0,5064,1691086298
newOrder,18075,1,5064,1691086298
newOrder,15742,0,15197,1691086298
newOrder,24999,1,15197,1691086298
cancel,15742,,,1691086882
cancel,17856,,,1691086882
cancel,18075,,,1691086882
cancel,24999,,,1691086882
newOrder,17856,0,5065,1691086897
newOrder,18075,1,5065,1691086897
newOrder,15742,0,11035,1691086897
newOrder,24999,1,11035,1691086897
cancel,15742,,,1691087483
cancel,17856,,,1691087483
cancel,18075,,,1691087483
cancel,24999,,,1691087483
newOrder,17856,0,5066,1691087498
newOrder,18075,1,5066,1691087498
newOrder,15742,0,11462,1691087498
newOrder,24999,1,11462,1691087498
cancel,15742,,,1691088082
cancel,17856,,,1691088082
cancel,18075,,,1691088082
cancel,24999,,,1691088082
newOrder,17804,0,5076,1691088099
newOrder,18075,1,5076,1691088099
newOrder,15742,0,7827,1691088099
newOrder,24999,1,7827,1691088099
cancel,15742,,,1691088683
cancel,17804,,,1691088683
cancel,18075,,,1691088683
cancel,24999,,,1691088683
newOrder,17789,0,5079,1691088702
newOrder,18075,1,5079,1691088702
newOrder,15742,0,9366,1691088702
newOrder,24999,1,9366,1691088702
cancel,15742,,,1691089283
cancel,17789,,,1691089283
cancel,18075,,,1691089283
cancel,24999,,,1691089283
newOrder,17809,0,5076,1691089299
newOrder,18075,1,5076,1691089299
newOrder,15742,0,16292,1691089299
newOrder,24999,1,16292,1691089299
cancel,15742,,,1691089883
cancel,17809,,,1691089883
cancel,18075,,,1691089883
cancel,24999,,,1691089883
newOrder,17858,0,5068,1691089898
newOrder,18075,1,5068,1691089898
newOrder,15751,0,4894,1691089898
newOrder,19999,1,4894,1691089898
cancel,15751,,,1691090482
cancel,17858,,,1691090482
cancel,18075,,,1691090482
cancel,19999,,,1691090482
newOrder,17858,0,5069,1691090499
newOrder,18075,1,5069,1691090499
newOrder,12309,0,19073,1691090499
newOrder,24999,1,19073,1691090499
cancel,12309,,,1691091082
cancel,17858,,,1691091082
cancel,18075,,,1691091082
cancel,24999,,,1691091082
newOrder,17856,0,5070,1691091098
newOrder,18075,1,5070,1691091098
newOrder,12309,0,19220,1691091098
newOrder,24999,1,19220,1691091098
cancel,12309,,,1691091682
cancel,17856,,,1691091682
cancel,18075,,,1691091682
cancel,24999,,,1691091682
newOrder,17847,0,5072,1691091697
newOrder,18075,1,5072,1691091697
newOrder,15742,0,15135,1691091697
newOrder,24999,1,15135,1691091697
cancel,15742,,,1691092283
cancel,17847,,,1691092283
cancel,18075,,,1691092283
cancel,24999,,,1691092283
newOrder,17856,0,5071,1691092298
newOrder,18075,1,5071,1691092298
newOrder,15742,0,7333,1691092298
newOrder,24999,1,7333,1691092298
cancel,15742,,,1691092883
cancel,17856,,,1691092883
cancel,18075,,,1691092883
cancel,24999,,,1691092883
newOrder,17831,0,5076,1691092899
newOrder,18075,1,5076,1691092899
newOrder,15742,0,11328,1691092899
newOrder,24999,1,11328,1691092899
cancel,15742,,,1691093482
cancel,17831,,,1691093482
cancel,18075,,,1691093482
cancel,24999,,,1691093482
newOrder,17858,0,5072,1691093499
newOrder,18075,1,5072,1691093499
newOrder,15742,0,8486,1691093499
newOrder,24999,1,8486,1691093499
cancel,15742,,,1691094083
cancel,17858,,,1691094083
cancel,18075,,,1691094083
cancel,24999,,,1691094083
newOrder,17858,0,5072,1691094098
newOrder,18075,1,5072,1691094098
newOrder,15742,0,10107,1691094098
newOrder,24999,1,10107,1691094098
cancel,15742,,,1691094682
cancel,17858,,,1691094682
cancel,18075,,,1691094682
cancel,24999,,,1691094682
newOrder,17844,0,5076,1691094698
newOrder,18075,1,5076,1691094698
newOrder,12307,0,20006,1691094698
newOrder,24999,1,20006,1691094698
cancel,12307,,,1691095283
cancel,17844,,,1691095283
cancel,18075,,,1691095283
cancel,24999,,,1691095283
newOrder,17855,0,5074,1691095297
newOrder,18075,1,5074,1691095297
newOrder,12307,0,24490,1691095297
newOrder,24999,1,24490,1691095297
cancel,12307,,,1691095883
cancel,17855,,,1691095883
cancel,18075,,,1691095883
cancel,24999,,,1691095883
newOrder,17851,0,5076,1691095898
newOrder,18075,1,5076,1691095898
newOrder,12307,0,23348,1691095898
newOrder,24999,1,23348,1691095898
cancel,12307,,,1691096114
cancel,17851,,,1691096114
cancel,18075,,,1691096114
cancel,24999,,,1691096114
newOrder,17917,0,5044,1691096123
newOrder,18158,1,5044,1691096123
newOrder,15742,0,14161,1691096123
newOrder,24999,1,14161,1691096123
cancel,15742,,,1691096483
cancel,17917,,,1691096483
cancel,18158,,,1691096483
cancel,24999,,,1691096483
newOrder,17925,0,5033,1691096498
newOrder,18201,1,5033,1691096498
newOrder,15742,0,14096,1691096498
newOrder,24999,1,14096,1691096498
cancel,15742,,,1691097083
cancel,17925,,,1691097083
cancel,18201,,,1691097083
cancel,24999,,,1691097083
newOrder,17925,0,5033,1691097098
newOrder,18201,1,5033,1691097098
newOrder,15751,0,5001,1691097098
newOrder,19999,1,5001,1691097098
cancel,15751,,,1691097683
cancel,17925,,,1691097683
cancel,18201,,,1691097683
cancel,19999,,,1691097683
newOrder,17925,0,5034,1691097698
newOrder,18201,1,5034,1691097698
newOrder,15742,0,9207,1691097698
newOrder,24999,1,9207,1691097698
cancel,15742,,,1691098282
cancel,17925,,,1691098282
cancel,18201,,,1691098282
cancel,24999,,,1691098282
newOrder,17925,0,5051,1691098298
newOrder,18133,1,5051,1691098298
newOrder,15742,0,10072,1691098298
newOrder,24999,1,10072,1691098298
cancel,15742,,,1691098883
cancel,17925,,,1691098883
cancel,18133,,,1691098883
cancel,24999,,,1691098883
newOrder,17925,0,5051,1691098898
newOrder,18133,1,5051,1691098898
newOrder,12307,0,25827,1691098898
newOrder,24999,1,25827,1691098898
cancel,12307,,,1691099482
cancel,17925,,,1691099482
cancel,18133,,,1691099482
cancel,24999,,,1691099482
newOrder,17925,0,5052,1691099498
newOrder,18133,1,5052,1691099498
newOrder,15742,0,12927,1691099498
newOrder,24999,1,12927,1691099498
cancel,15742,,,1691100082
cancel,17925,,,1691100082
cancel,18133,,,1691100082
cancel,24999,,,1691100082
newOrder,17925,0,5053,1691100097
newOrder,18133,1,5053,1691100097
newOrder,15742,0,9670,1691100097
newOrder,24999,1,9670,1691100097
cancel,15742,,,1691100682
cancel,17925,,,1691100682
cancel,18133,,,1691100682
cancel,24999,,,1691100682
newOrder,17925,0,5058,1691100697
newOrder,18111,1,5058,1691100697
newOrder,12307,0,22554,1691100697
newOrder,24999,1,22554,1691100697
cancel,12307,,,1691101283
cancel,17925,,,1691101283
cancel,18111,,,1691101283
cancel,24999,,,1691101283
newOrder,17925,0,5059,1691101298
newOrder,18111,1,5059,1691101298
newOrder,15742,0,17526,1691101298
newOrder,24999,1,17526,1691101298
cancel,15742,,,1691101883
cancel,17925,,,1691101883
cancel,18111,,,1691101883
cancel,24999,,,1691101883
newOrder,17918,0,5069,1691101897
newOrder,18075,1,5069,1691101897
newOrder,15742,0,10336,1691101897
newOrder,24999,1,10336,1691101897
cancel,15742,,,1691102482
cancel,17918,,,1691102482
cancel,18075,,,1691102482
cancel,24999,,,1691102482
newOrder,17925,0,5065,1691102497
newOrder,18091,1,5065,1691102497
newOrder,15742,0,10522,1691102497
newOrder,24999,1,10522,1691102497
cancel,15742,,,1691103082
cancel,17925,,,1691103082
cancel,18091,,,1691103082
cancel,24999,,,1691103082
newOrder,17904,0,5073,1691103098
newOrder,18075,1,5073,1691103098
newOrder,15742,0,16541,1691103098
newOrder,24999,1,16541,1691103098
cancel,15742,,,1691103683
cancel,17904,,,1691103683
cancel,18075,,,1691103683
cancel,24999,,,1691103683
newOrder,17925,0,5066,1691103698
newOrder,18091,1,5066,1691103698
newOrder,15742,0,16999,1691103698
newOrder,24999,1,16999,1691103698
cancel,15742,,,1691104282
cancel,17925,,,1691104282
cancel,18091,,,1691104282
cancel,24999,,,1691104282
newOrder,17925,0,5067,1691104298
newOrder,18091,1,5067,1691104298
newOrder,15742,0,10028,1691104298
newOrder,24999,1,10028,1691104298
cancel,15742,,,1691104883
cancel,17925,,,1691104883
cancel,18091,,,1691104883
cancel,24999,,,1691104883
newOrder,17925,0,5067,1691104898
newOrder,18091,1,5067,1691104898
newOrder,15742,0,6419,1691104898
newOrder,24999,1,6419,1691104898
cancel,15742,,,1691105482
cancel,17925,,,1691105482
cancel,18091,,,1691105482
cancel,24999,,,1691105482
newOrder,17925,0,5065,1691105497
newOrder,18103,1,5065,1691105497
newOrder,15751,0,3325,1691105497
newOrder,19999,1,3325,1691105497
cancel,15751,,,1691106083
cancel,17925,,,1691106083
cancel,18103,,,1691106083
cancel,19999,,,1691106083
newOrder,17925,0,5068,1691106097
newOrder,18091,1,5068,1691106097
newOrder,12309,0,18995,1691106097
newOrder,24999,1,18995,1691106097
cancel,12309,,,1691106682
cancel,17925,,,1691106682
cancel,18091,,,1691106682
cancel,24999,,,1691106682
newOrder,17918,0,5074,1691106697
newOrder,18075,1,5074,1691106697
newOrder,15751,0,5209,1691106697
newOrder,19999,1,5209,1691106697
cancel,15751,,,1691107282
cancel,17918,,,1691107282
cancel,18075,,,1691107282
cancel,19999,,,1691107282
newOrder,17912,0,5076,1691107297
newOrder,18075,1,5076,1691107297
newOrder,15742,0,10044,1691107297
newOrder,24999,1,10044,1691107297
cancel,15742,,,1691107883
cancel,17912,,,1691107883
cancel,18075,,,1691107883
cancel,24999,,,1691107883
newOrder,17925,0,5070,1691107901
newOrder,18091,1,5070,1691107901
newOrder,12307,0,23516,1691107901
newOrder,24999,1,23516,1691107901
cancel,12307,,,1691108483
cancel,17925,,,1691108483
cancel,18091,,,1691108483
cancel,24999,,,1691108483
newOrder,17925,0,5071,1691108497
newOrder,18091,1,5071,1691108497
newOrder,15742,0,7225,1691108497
newOrder,24999,1,7225,1691108497
cancel,15742,,,1691109083
cancel,17925,,,1691109083
cancel,18091,,,1691109083
cancel,24999,,,1691109083
newOrder,17925,0,5072,1691109098
newOrder,18091,1,5072,1691109098
newOrder,12307,0,20697,1691109098
newOrder,24999,1,20697,1691109098
cancel,12307,,,1691109682
cancel,17925,,,1691109682
cancel,18091,,,1691109682
cancel,24999,,,1691109682
newOrder,17925,0,5072,1691109697
newOrder,18091,1,5072,1691109697
newOrder,15742,0,13596,1691109697
newOrder,24999,1,13596,1691109697
cancel,15742,,,1691110282
cancel,17925,,,1691110282
cancel,18091,,,1691110282
cancel,24999,,,1691110282
newOrder,17925,0,5073,1691110297
newOrder,18091,1,5073,1691110297
newOrder,15742,0,8718,1691110297
newOrder,24999,1,8718,1691110297
cancel,15742,,,1691110882
cancel,17925,,,1691110882
cancel,18091,,,1691110882
cancel,24999,,,1691110882
newOrder,17925,0,5074,1691110898
newOrder,18091,1,5074,1691110898
newOrder,12307,0,26611,1691110898
newOrder,24999,1,26611,1691110898
cancel,12307,,,1691111483
cancel,17925,,,1691111483
cancel,18091,,,1691111483
cancel,24999,,,1691111483
newOrder,17925,0,5074,1691111497
newOrder,18091,1,5074,1691111497
newOrder,15742,0,8691,1691111497
newOrder,24999,1,8691,1691111497
cancel,15742,,,1691112083
cancel,17925,,,1691112083
cancel,18091,,,1691112083
cancel,24999,,,1691112083
newOrder,17925,0,5075,1691112098
newOrder,18091,1,5075,1691112098
newOrder,15742,0,11890,1691112098
newOrder,24999,1,11890,1691112098
cancel,15742,,,1691112683
cancel,17925,,,1691112683
cancel,18091,,,1691112683
cancel,24999,,,1691112683
newOrder,17925,0,5076,1691112698
newOrder,18091,1,5076,1691112698
newOrder,15742,0,16559,1691112698
newOrder,24999,1,16559,1691112698
cancel,15742,,,1691113282
cancel,17925,,,1691113282
cancel,18091,,,1691113282
cancel,24999,,,1691113282
newOrder,17925,0,5076,1691113297
newOrder,18091,1,5076,1691113297
newOrder,15742,0,11113,1691113297
newOrder,24999,1,11113,1691113297
cancel,15742,,,1691113883
cancel,17925,,,1691113883
cancel,18091,,,1691113883
cancel,24999,,,1691113883
newOrder,17925,0,5077,1691113898
newOrder,18091,1,5077,1691113898
newOrder,15742,0,10420,1691113898
newOrder,24999,1,10420,1691113898
cancel,15742,,,1691114483
cancel,17925,,,1691114483
cancel,18091,,,1691114483
cancel,24999,,,1691114483
newOrder,17925,0,5078,1691114498
newOrder,18091,1,5078,1691114498
newOrder,15751,0,5118,1691114498
newOrder,19999,1,5118,1691114498
cancel,15751,,,1691115083
cancel,17925,,,1691115083
cancel,18091,,,1691115083
cancel,19999,,,1691115083
newOrder,17925,0,5078,1691115097
newOrder,18091,1,5078,1691115097
newOrder,15742,0,6252,1691115097
newOrder,24999,1,6252,1691115097
cancel,15742,,,1691115682
cancel,17925,,,1691115682
cancel,18091,,,1691115682
cancel,24999,,,1691115682
newOrder,17925,0,5076,1691115697
newOrder,18102,1,5076,1691115697
newOrder,12307,0,19658,1691115697
newOrder,24999,1,19658,1691115697
cancel,12307,,,1691116282
cancel,17925,,,1691116282
cancel,18102,,,1691116282
cancel,24999,,,1691116282
newOrder,17925,0,5079,1691116298
newOrder,18091,1,5079,1691116298
newOrder,15751,0,4337,1691116298
newOrder,19999,1,4337,1691116298
cancel,15751,,,1691116882
cancel,17925,,,1691116882
cancel,18091,,,1691116882
cancel,19999,,,1691116882
newOrder,17925,0,5080,1691116899
newOrder,18091,1,5080,1691116899
newOrder,12307,0,20974,1691116899
newOrder,24999,1,20974,1691116899
cancel,12307,,,1691117483
cancel,17925,,,1691117483
cancel,18091,,,1691117483
cancel,24999,,,1691117483
newOrder,17925,0,5081,1691117498
newOrder,18091,1,5081,1691117498
newOrder,15742,0,15002,1691117498
newOrder,24999,1,15002,1691117498
cancel,15742,,,1691118082
cancel,17925,,,1691118082
cancel,18091,,,1691118082
cancel,24999,,,1691118082
newOrder,17925,0,5081,1691118097
newOrder,18091,1,5081,1691118097
newOrder,15742,0,11651,1691118097
newOrder,24999,1,11651,1691118097
cancel,15742,,,1691118682
cancel,17925,,,1691118682
cancel,18091,,,1691118682
cancel,24999,,,1691118682
newOrder,17925,0,5080,1691118698
newOrder,18100,1,5080,1691118698
newOrder,15742,0,16985,1691118698
newOrder,24999,1,16985,1691118698
cancel,15742,,,1691119282
cancel,17925,,,1691119282
cancel,18100,,,1691119282
cancel,24999,,,1691119282
newOrder,17925,0,5083,1691119298
newOrder,18091,1,5083,1691119298
newOrder,15742,0,16986,1691119298
newOrder,24999,1,16986,1691119298
cancel,15742,,,1691119882
cancel,17925,,,1691119882
cancel,18091,,,1691119882
cancel,24999,,,1691119882
newOrder,17925,0,5083,1691119897
newOrder,18091,1,5083,1691119897
newOrder,15742,0,5796,1691119897
newOrder,21899,1,5796,1691119897
cancel,15742,,,1691120483
cancel,17925,,,1691120483
cancel,18091,,,1691120483
cancel,21899,,,1691120483
newOrder,17925,0,5084,1691120498
newOrder,18091,1,5084,1691120498
newOrder,12307,0,25784,1691120498
newOrder,24999,1,25784,1691120498
cancel,12307,,,1691121082
cancel,17925,,,1691121082
cancel,18091,,,1691121082
cancel,24999,,,1691121082
newOrder,17925,0,5085,1691121098
newOrder,18091,1,5085,1691121098
newOrder,15742,0,12052,1691121098
newOrder,24999,1,12052,1691121098
cancel,15742,,,1691121682
cancel,17925,,,1691121682
cancel,18091,,,1691121682
cancel,24999,,,1691121682
newOrder,17925,0,5085,1691121697
newOrder,18091,1,5085,1691121697
newOrder,12307,0,20915,1691121697
newOrder,24999,1,20915,1691121697
cancel,12307,,,1691122282
cancel,17925,,,1691122282
cancel,18091,,,1691122282
cancel,24999,,,1691122282
newOrder,17882,0,5098,1691122297
newOrder,18075,1,5098,1691122297
newOrder,12307,0,24494,1691122297
newOrder,24999,1,24494,1691122297
cancel,12307,,,1691122882
cancel,17882,,,1691122882
cancel,18075,,,1691122882
cancel,24999,,,1691122882
newOrder,17911,0,5093,1691122897
newOrder,18075,1,5093,1691122897
newOrder,12307,0,24480,1691122897
newOrder,24999,1,24480,1691122897
cancel,12307,,,1691123483
cancel,17911,,,1691123483
cancel,18075,,,1691123483
cancel,24999,,,1691123483
newOrder,17866,0,5102,1691123498
newOrder,18075,1,5102,1691123498
newOrder,15742,0,12639,1691123498
newOrder,24999,1,12639,1691123498
cancel,15742,,,1691124082
cancel,17866,,,1691124082
cancel,18075,,,1691124082
cancel,24999,,,1691124082
newOrder,17918,0,5093,1691124098
newOrder,18075,1,5093,1691124098
newOrder,15742,0,16400,1691124098
newOrder,24999,1,16400,1691124098
cancel,15742,,,1691124682
cancel,17918,,,1691124682
cancel,18075,,,1691124682
cancel,24999,,,1691124682
newOrder,17912,0,5095,1691124698
newOrder,18075,1,5095,1691124698
newOrder,12307,0,25565,1691124698
newOrder,24999,1,25565,1691124698
cancel,12307,,,1691125283
cancel,17912,,,1691125283
cancel,18075,,,1691125283
cancel,24999,,,1691125283
newOrder,17911,0,5095,1691125297
newOrder,18075,1,5095,1691125297
newOrder,15742,0,18187,1691125297
newOrder,24999,1,18187,1691125297
cancel,15742,,,1691125883
cancel,17911,,,1691125883
cancel,18075,,,1691125883
cancel,24999,,,1691125883
newOrder,17911,0,5096,1691125898
newOrder,18075,1,5096,1691125898
newOrder,12307,0,25438,1691125898
newOrder,24999,1,25438,1691125898
cancel,12307,,,1691126483
cancel,17911,,,1691126483
cancel,18075,,,1691126483
cancel,24999,,,1691126483
newOrder,17910,0,5097,1691126498
newOrder,18075,1,5097,1691126498
newOrder,15742,0,11343,1691126498
newOrder,24999,1,11343,1691126498
cancel,15742,,,1691127082
cancel,17910,,,1691127082
cancel,18075,,,1691127082
cancel,24999,,,1691127082
newOrder,17910,0,5098,1691127099
newOrder,18075,1,5098,1691127099
newOrder,15742,0,5639,1691127099
newOrder,19999,1,5639,1691127099
cancel,15742,,,1691127683
cancel,17910,,,1691127683
cancel,18075,,,1691127683
cancel,19999,,,1691127683
newOrder,17910,0,5098,1691127698
newOrder,18075,1,5098,1691127698
newOrder,12307,0,26805,1691127698
newOrder,24999,1,26805,1691127698
cancel,12307,,,1691128282
cancel,17910,,,1691128282
cancel,18075,,,1691128282
cancel,24999,,,1691128282
newOrder,17910,0,5099,1691128297
newOrder,18075,1,5099,1691128297
newOrder,15742,0,9370,1691128297
newOrder,24999,1,9370,1691128297
cancel,15742,,,1691128882
cancel,17910,,,1691128882
cancel,18075,,,1691128882
cancel,24999,,,1691128882
newOrder,17925,0,5094,1691128898
newOrder,18089,1,5094,1691128898
newOrder,15742,0,9164,1691128898
newOrder,24999,1,9164,1691128898
cancel,15742,,,1691129482
cancel,17925,,,1691129482
cancel,18089,,,1691129482
cancel,24999,,,1691129482
newOrder,17925,0,5096,1691129497
newOrder,18079,1,5096,1691129497
newOrder,15742,0,13585,1691129497
newOrder,24999,1,13585,1691129497
cancel,15742,,,1691130083
cancel,17925,,,1691130083
cancel,18079,,,1691130083
cancel,24999,,,1691130083
newOrder,17910,0,5101,1691130098
newOrder,18075,1,5101,1691130098
newOrder,12307,0,23927,1691130098
newOrder,24999,1,23927,1691130098
cancel,12307,,,1691130682
cancel,17910,,,1691130682
cancel,18075,,,1691130682
cancel,24999,,,1691130682
newOrder,17910,0,5102,1691130699
newOrder,18075,1,5102,1691130699
newOrder,15742,0,17859,1691130699
newOrder,24999,1,17859,1691130699
cancel,15742,,,1691131282
cancel,17910,,,1691131282
cancel,18075,,,1691131282
cancel,24999,,,1691131282
newOrder,17910,0,5102,1691131299
newOrder,18075,1,5102,1691131299
newOrder,15742,0,6151,1691131299
newOrder,24999,1,6151,1691131299
cancel,15742,,,1691131882
cancel,17910,,,1691131882
cancel,18075,,,1691131882
cancel,24999,,,1691131882
newOrder,17914,0,5102,1691131898
newOrder,18075,1,5102,1691131898
newOrder,15742,0,10161,1691131898
newOrder,24999,1,10161,1691131898
cancel,15742,,,1691132482
cancel,17914,,,1691132482
cancel,18075,,,1691132482
cancel,24999,,,1691132482
newOrder,17902,0,5105,1691132498
newOrder,18075,1,5105,1691132498
newOrder,15742,0,14406,1691132498
newOrder,24999,1,14406,1691132498
cancel,15742,,,1691133082
cancel,17902,,,1691133082
cancel,18075,,,1691133082
cancel,24999,,,1691133082
newOrder,17908,0,5105,1691133097
newOrder,18075,1,5105,1691133097
newOrder,15751,0,3346,1691133097
newOrder,19999,1,3346,1691133097
cancel,15751,,,1691133683
cancel,17908,,,1691133683
cancel,18075,,,1691133683
cancel,19999,,,1691133683
newOrder,17852,0,5116,1691133698
newOrder,18075,1,5116,1691133698
newOrder,15742,0,7958,1691133698
newOrder,24999,1,7958,1691133698
cancel,15742,,,1691134282
cancel,17852,,,1691134282
cancel,18075,,,1691134282
cancel,24999,,,1691134282
newOrder,17883,0,5111,1691134296
newOrder,18075,1,5111,1691134296
newOrder,15751,0,4671,1691134296
newOrder,19999,1,4671,1691134296
cancel,15751,,,1691134883
cancel,17883,,,1691134883
cancel,18075,,,1691134883
cancel,19999,,,1691134883
newOrder,17922,0,5103,1691134900
newOrder,18075,1,5103,1691134900
newOrder,15751,0,4781,1691134900
newOrder,19999,1,4781,1691134900
cancel,15751,,,1691135482
cancel,17922,,,1691135482
cancel,18075,,,1691135482
cancel,19999,,,1691135482
newOrder,17886,0,5112,1691135499
newOrder,18075,1,5112,1691135499
newOrder,15742,0,13019,1691135499
newOrder,24999,1,13019,1691135499
cancel,15742,,,1691136083
cancel,17886,,,1691136083
cancel,18075,,,1691136083
cancel,24999,,,1691136083
newOrder,17891,0,5111,1691136098
newOrder,18075,1,5111,1691136098
newOrder,15751,0,4754,1691136098
newOrder,19999,1,4754,1691136098
cancel,15751,,,1691136683
cancel,17891,,,1691136683
cancel,18075,,,1691136683
cancel,19999,,,1691136683
newOrder,17872,0,5116,1691136699
newOrder,18075,1,5116,1691136699
newOrder,12307,0,23360,1691136699
newOrder,24999,1,23360,1691136699
cancel,12307,,,1691137283
cancel,17872,,,1691137283
cancel,18075,,,1691137283
cancel,24999,,,1691137283
newOrder,17919,0,5107,1691137298
newOrder,18075,1,5107,1691137298
newOrder,12307,0,22134,1691137298
newOrder,24999,1,22134,1691137298
cancel,12307,,,1691137882
cancel,17919,,,1691137882
cancel,18075,,,1691137882
cancel,24999,,,1691137882
newOrder,17920,0,5107,1691137897
newOrder,18075,1,5107,1691137897
newOrder,12307,0,19982,1691137897
newOrder,24999,1,19982,1691137897
cancel,12307,,,1691138483
cancel,17920,,,1691138483
cancel,18075,,,1691138483
cancel,24999,,,1691138483
newOrder,17916,0,5109,1691138497
newOrder,18075,1,5109,1691138497
newOrder,15742,0,15064,1691138497
newOrder,24999,1,15064,1691138497
cancel,15742,,,1691139083
cancel,17916,,,1691139083
cancel,18075,,,1691139083
cancel,24999,,,1691139083
newOrder,17879,0,5117,1691139098
newOrder,18075,1,5117,1691139098
newOrder,12309,0,19329,1691139098
newOrder,24999,1,19329,1691139098
cancel,12309,,,1691139682
cancel,17879,,,1691139682
cancel,18075,,,1691139682
cancel,24999,,,1691139682
newOrder,17925,0,5106,1691139698
newOrder,18087,1,5106,1691139698
newOrder,15742,0,17913,1691139698
newOrder,24999,1,17913,1691139698
cancel,15742,,,1691140283
cancel,17925,,,1691140283
cancel,18087,,,1691140283
cancel,24999,,,1691140283
newOrder,17906,0,5113,1691140298
newOrder,18075,1,5113,1691140298
newOrder,15742,0,5568,1691140298
newOrder,19999,1,5568,1691140298
cancel,15742,,,1691140883
cancel,17906,,,1691140883
cancel,18075,,,1691140883
cancel,19999,,,1691140883
newOrder,17888,0,5117,1691140898
newOrder,18075,1,5117,1691140898
newOrder,15742,0,11745,1691140898
newOrder,24999,1,11745,1691140898
cancel,15742,,,1691141483
cancel,17888,,,1691141483
cancel,18075,,,1691141483
cancel,24999,,,1691141483
newOrder,17883,0,5119,1691141498
newOrder,18075,1,5119,1691141498
newOrder,15742,0,14712,1691141498
newOrder,24999,1,14712,1691141498
cancel,15742,,,1691142082
cancel,17883,,,1691142082
cancel,18075,,,1691142082
cancel,24999,,,1691142082
newOrder,17882,0,5120,1691142097
newOrder,18075,1,5120,1691142097
newOrder,12307,0,26647,1691142097
newOrder,24999,1,26647,1691142097
cancel,12307,,,1691142682
cancel,17882,,,1691142682
cancel,18075,,,1691142682
cancel,24999,,,1691142682
newOrder,17883,0,5120,1691142698
newOrder,18075,1,5120,1691142698
newOrder,15742,0,5730,1691142698
newOrder,21899,1,5730,1691142698
cancel,15742,,,1691143282
cancel,17883,,,1691143282
cancel,18075,,,1691143282
cancel,21899,,,1691143282
newOrder,17890,0,5120,1691143297
newOrder,18075,1,5120,1691143297
newOrder,15742,0,17466,1691143297
newOrder,24999,1,17466,1691143297
cancel,15742,,,1691143883
cancel,17890,,,1691143883
cancel,18075,,,1691143883
cancel,24999,,,1691143883
newOrder,17883,0,5121,1691143898
newOrder,18075,1,5121,1691143898
newOrder,12307,0,21896,1691143898
newOrder,24999,1,21896,1691143898
cancel,12307,,,1691144484
cancel,17883,,,1691144484
cancel,18075,,,1691144484
cancel,24999,,,1691144484
newOrder,17837,0,5131,1691144499
newOrder,18075,1,5131,1691144499
newOrder,15742,0,7425,1691144499
newOrder,24999,1,7425,1691144499
cancel,15742,,,1691145082
cancel,17837,,,1691145082
cancel,18075,,,1691145082
cancel,24999,,,1691145082
newOrder,17883,0,5123,1691145098
newOrder,18075,1,5123,1691145098
newOrder,15742,0,12918,1691145098
newOrder,24999,1,12918,1691145098
cancel,15742,,,1691145683
cancel,17883,,,1691145683
cancel,18075,,,1691145683
cancel,24999,,,1691145683
newOrder,17883,0,5124,1691145697
newOrder,18075,1,5124,1691145697
newOrder,15751,0,3088,1691145697
newOrder,19999,1,3088,1691145697
cancel,15751,,,1691146282
cancel,17883,,,1691146282
cancel,18075,,,1691146282
cancel,19999,,,1691146282
newOrder,17869,0,5127,1691146298
newOrder,18075,1,5127,1691146298
newOrder,12307,0,21713,1691146298
newOrder,24999,1,21713,1691146298
cancel,12307,,,1691146883
cancel,17869,,,1691146883
cancel,18075,,,1691146883
cancel,24999,,,1691146883
newOrder,17883,0,5125,1691146899
newOrder,18075,1,5125,1691146899
newOrder,15742,0,7121,1691146899
newOrder,24999,1,7121,1691146899
cancel,15742,,,1691147482
cancel,17883,,,1691147482
cancel,18075,,,1691147482
cancel,24999,,,1691147482
newOrder,17902,0,5122,1691147498
newOrder,18075,1,5122,1691147498
newOrder,15742,0,15105,1691147498
newOrder,24999,1,15105,1691147498
cancel,15742,,,1691148082
cancel,17902,,,1691148082
cancel,18075,,,1691148082
cancel,24999,,,1691148082
newOrder,17883,0,5126,1691148097
newOrder,18075,1,5126,1691148097
newOrder,15742,0,9600,1691148097
newOrder,24999,1,9600,1691148097
cancel,15742,,,1691148684
cancel,17883,,,1691148684
cancel,18075,,,1691148684
cancel,24999,,,1691148684
newOrder,17830,0,5137,1691148699
newOrder,18075,1,5137,1691148699
newOrder,15742,0,12226,1691148699
newOrder,24999,1,12226,1691148699
cancel,15742,,,1691149282
cancel,17830,,,1691149282
cancel,18075,,,1691149282
cancel,24999,,,1691149282
newOrder,17830,0,5138,1691149298
newOrder,18075,1,5138,1691149298
newOrder,15742,0,10745,1691149298
newOrder,24999,1,10745,1691149298
cancel,15742,,,1691149882
cancel,17830,,,1691149882
cancel,18075,,,1691149882
cancel,24999,,,1691149882
newOrder,17883,0,5128,1691149898
newOrder,18075,1,5128,1691149898
newOrder,15753,0,3569,1691149898
newOrder,19999,1,3569,1691149898
cancel,15753,,,1691150482
cancel,17883,,,1691150482
cancel,18075,,,1691150482
cancel,19999,,,1691150482
newOrder,17830,0,5139,1691150497
newOrder,18075,1,5139,1691150497
newOrder,15742,0,9204,1691150497
newOrder,24999,1,9204,1691150497