instruction,price,side,qty,time
cancel,11604,,,1682943031
cancel,17551,,,1682943031
cancel,19066,,,1682943031
cancel,24957,,,1682943031
newOrder,17551,0,5856,1682943060
newOrder,19066,1,5856,1682943060
newOrder,12011,0,6209,1682943060
newOrder,21999,1,6209,1682943060
cancel,12011,,,1682943631
cancel,17551,,,1682943631
cancel,19066,,,1682943631
cancel,21999,,,1682943631
newOrder,17551,0,5857,1682943660
newOrder,19066,1,5857,1682943660
newOrder,11604,0,15699,1682943660
newOrder,24957,1,15699,1682943660
cancel,11604,,,1682944232
cancel,17551,,,1682944232
cancel,19066,,,1682944232
cancel,24957,,,1682944232
newOrder,17551,0,5857,1682944262
newOrder,19066,1,5857,1682944262
newOrder,12001,0,9053,1682944262
newOrder,24957,1,9053,1682944262
cancel,12001,,,1682944830
cancel,17551,,,1682944830
cancel,19066,,,1682944830
cancel,24957,,,1682944830
newOrder,17553,0,5858,1682944860
newOrder,19066,1,5858,1682944860
newOrder,11604,0,17116,1682944860
newOrder,24957,1,17116,1682944860
cancel,11604,,,1682945431
cancel,17553,,,1682945431
cancel,19066,,,1682945431
cancel,24957,,,1682945431
newOrder,17542,0,5856,1682945461
newOrder,19066,1,5856,1682945461
newOrder,11286,0,31288,1682945461
newOrder,24999,1,31288,1682945461
cancel,11286,,,1682946030
cancel,17542,,,1682946030
cancel,19066,,,1682946030
cancel,24999,,,1682946030
newOrder,17553,0,5860,1682946061
newOrder,19066,1,5860,1682946061
newOrder,11604,0,27887,1682946061
newOrder,24957,1,27887,1682946061
cancel,11604,,,1682946631
cancel,17553,,,1682946631
cancel,19066,,,1682946631
cancel,24957,,,1682946631
newOrder,17552,0,5860,1682946661
newOrder,19066,1,5860,1682946661
newOrder,12001,0,7624,1682946661
newOrder,24957,1,7624,1682946661
cancel,12001,,,1682947231
cancel,17552,,,1682947231
cancel,19066,,,1682947231
cancel,24957,,,1682947231
newOrder,17552,0,5860,1682947260
newOrder,19066,1,5860,1682947260
newOrder,11604,0,22582,1682947260
newOrder,24957,1,22582,1682947260
cancel,11604,,,1682947831
cancel,17552,,,1682947831
cancel,19066,,,1682947831
cancel,24957,,,1682947831
newOrder,17551,0,5861,1682947861
newOrder,19066,1,5861,1682947861
newOrder,11604,0,21021,1682947861
newOrder,24957,1,21021,1682947861
cancel,11604,,,1682948431
cancel,17551,,,1682948431
cancel,19066,,,1682948431
cancel,24957,,,1682948431
newOrder,17552,0,5862,1682948460
newOrder,19066,1,5862,1682948460
newOrder,11604,0,20745,1682948460
newOrder,24957,1,20745,1682948460
cancel,11604,,,1682949032
cancel,17552,,,1682949032
cancel,19066,,,1682949032
cancel,24957,,,1682949032
newOrder,17552,0,5862,1682949060
newOrder,19066,1,5862,1682949060
newOrder,11604,0,25628,1682949060
newOrder,24957,1,25628,1682949060
cancel,11604,,,1682949632
cancel,17552,,,1682949632
cancel,19066,,,1682949632
cancel,24957,,,1682949632
newOrder,17542,0,5860,1682949664
newOrder,19066,1,5860,1682949664
newOrder,12001,0,8176,1682949664
newOrder,24957,1,8176,1682949664
cancel,12001,,,1682950231
cancel,17542,,,1682950231
cancel,19066,,,1682950231
cancel,24957,,,1682950231
newOrder,17552,0,5864,1682950261
newOrder,19066,1,5864,1682950261
newOrder,11286,0,29777,1682950261
newOrder,24957,1,29777,1682950261
cancel,11286,,,1682950831
cancel,17552,,,1682950831
cancel,19066,,,1682950831
cancel,24957,,,1682950831
newOrder,17548,0,5863,1682950861
newOrder,19066,1,5863,1682950861
newOrder,11286,0,30533,1682950861
newOrder,24957,1,30533,1682950861
cancel,11286,,,1682951431
cancel,17548,,,1682951431
cancel,19066,,,1682951431
cancel,24957,,,1682951431
newOrder,17548,0,5864,1682951461
newOrder,19066,1,5864,1682951461
newOrder,11604,0,9657,1682951461
newOrder,24957,1,9657,1682951461
cancel,11604,,,1682952032
cancel,17548,,,1682952032
cancel,19066,,,1682952032
cancel,24957,,,1682952032
newOrder,17551,0,5865,1682952061
newOrder,19066,1,5865,1682952061
newOrder,12011,0,4402,1682952061
newOrder,21887,1,4402,1682952061
cancel,12011,,,1682952631
cancel,17551,,,1682952631
cancel,19066,,,1682952631
cancel,21887,,,1682952631
newOrder,17550,0,5865,1682952660
newOrder,19066,1,5865,1682952660
newOrder,11604,0,25076,1682952660
newOrder,24957,1,25076,1682952660
cancel,11604,,,1682953231
cancel,17550,,,1682953231
cancel,19066,,,1682953231
cancel,24957,,,1682953231
newOrder,17549,0,5866,1682953261
newOrder,19066,1,5866,1682953261
newOrder,11286,0,28746,1682953261
newOrder,24957,1,28746,1682953261
cancel,11286,,,1682953831
cancel,17549,,,1682953831
cancel,19066,,,1682953831
cancel,24957,,,1682953831
newOrder,17549,0,5866,1682953861
newOrder,19066,1,5866,1682953861
newOrder,11604,0,26590,1682953861
newOrder,24957,1,26590,1682953861
cancel,11604,,,1682954431
cancel,17549,,,1682954431
cancel,19066,,,1682954431
cancel,24957,,,1682954431
newOrder,17548,0,5867,1682954460
newOrder,19066,1,5867,1682954460
newOrder,11286,0,28675,1682954460
newOrder,24957,1,28675,1682954460
cancel,11286,,,1682955031
cancel,17548,,,1682955031
cancel,19066,,,1682955031
cancel,24957,,,1682955031
newOrder,17550,0,5868,1682955061
newOrder,19066,1,5868,1682955061
newOrder,11604,0,13765,1682955061
newOrder,24957,1,13765,1682955061
cancel,11604,,,1682955631
cancel,17550,,,1682955631
cancel,19066,,,1682955631
cancel,24957,,,1682955631
newOrder,17550,0,5868,1682955658
newOrder,19066,1,5868,1682955658
newOrder,11604,0,20453,1682955658
newOrder,24957,1,20453,1682955658
cancel,11604,,,1682956230
cancel,17550,,,1682956230
cancel,19066,,,1682956230
cancel,24957,,,1682956230
newOrder,17550,0,5869,1682956261
newOrder,19066,1,5869,1682956261
newOrder,11604,0,18250,1682956261
newOrder,24957,1,18250,1682956261
cancel,11604,,,1682956831
cancel,17550,,,1682956831
cancel,19066,,,1682956831
cancel,24957,,,1682956831
newOrder,17548,0,5869,1682956860
newOrder,19066,1,5869,1682956860
newOrder,11604,0,14245,1682956860
newOrder,24957,1,14245,1682956860
cancel,11604,,,1682957431
cancel,17548,,,1682957431
cancel,19066,,,1682957431
cancel,24957,,,1682957431
newOrder,17549,0,5870,1682957463
newOrder,19066,1,5870,1682957463
newOrder,11604,0,24635,1682957463
newOrder,24957,1,24635,1682957463
cancel,11604,,,1682958031
cancel,17549,,,1682958031
cancel,19066,,,1682958031
cancel,24957,,,1682958031
newOrder,17550,0,5871,1682958060
newOrder,19066,1,5871,1682958060
newOrder,11604,0,11296,1682958060
newOrder,24957,1,11296,1682958060
cancel,11604,,,1682958631
cancel,17550,,,1682958631
cancel,19066,,,1682958631
cancel,24957,,,1682958631
newOrder,17550,0,5871,1682958659
newOrder,19066,1,5871,1682958659
newOrder,11604,0,10714,1682958659
newOrder,24957,1,10714,1682958659
cancel,11604,,,1682959231
cancel,17550,,,1682959231
cancel,19066,,,1682959231
cancel,24957,,,1682959231
newOrder,17549,0,5872,1682959261
newOrder,19066,1,5872,1682959261
newOrder,11604,0,14471,1682959261
newOrder,24957,1,14471,1682959261
cancel,11604,,,1682959831
cancel,17549,,,1682959831
cancel,19066,,,1682959831
cancel,24957,,,1682959831
newOrder,17550,0,5873,1682959863
newOrder,19066,1,5873,1682959863
newOrder,11604,0,17197,1682959863
newOrder,24957,1,17197,1682959863
cancel,11604,,,1682960431
cancel,17550,,,1682960431
cancel,19066,,,1682960431
cancel,24957,,,1682960431
newOrder,17548,0,5873,1682960461
newOrder,19066,1,5873,1682960461
newOrder,11604,0,10658,1682960461
newOrder,24957,1,10658,1682960461
cancel,11604,,,1682961030
cancel,17548,,,1682961030
cancel,19066,,,1682961030
cancel,24957,,,1682961030
newOrder,17548,0,5873,1682961061
newOrder,19066,1,5873,1682961061
newOrder,11604,0,25797,1682961061
newOrder,24957,1,25797,1682961061
cancel,11604,,,1682961632
cancel,17548,,,1682961632
cancel,19066,,,1682961632
cancel,24957,,,1682961632
newOrder,17549,0,5874,1682961660
newOrder,19066,1,5874,1682961660
newOrder,11604,0,26634,1682961660
newOrder,24957,1,26634,1682961660
cancel,11604,,,1682962231
cancel,17549,,,1682962231
cancel,19066,,,1682962231
cancel,24957,,,1682962231
newOrder,17548,0,5875,1682962260
newOrder,19066,1,5875,1682962260
newOrder,11286,0,28699,1682962260
newOrder,24957,1,28699,1682962260
cancel,11286,,,1682962831
cancel,17548,,,1682962831
cancel,19066,,,1682962831
cancel,24957,,,1682962831
newOrder,17548,0,5875,1682962863
newOrder,19066,1,5875,1682962863
newOrder,11604,0,9934,1682962863
newOrder,24957,1,9934,1682962863
cancel,11604,,,1682963431
cancel,17548,,,1682963431
cancel,19066,,,1682963431
cancel,24957,,,1682963431
newOrder,17544,0,5874,1682963462
newOrder,19066,1,5874,1682963462
newOrder,11604,0,16379,1682963462
newOrder,24957,1,16379,1682963462
cancel,11604,,,1682964032
cancel,17544,,,1682964032
cancel,19066,,,1682964032
cancel,24957,,,1682964032
newOrder,17545,0,5875,1682964061
newOrder,19066,1,5875,1682964061
newOrder,11604,0,10955,1682964061
newOrder,24957,1,10955,1682964061
cancel,11604,,,1682964631
cancel,17545,,,1682964631
cancel,19066,,,1682964631
cancel,24957,,,1682964631
newOrder,17545,0,5876,1682964661
newOrder,19066,1,5876,1682964661
newOrder,11604,0,19397,1682964661
newOrder,24957,1,19397,1682964661
cancel,11604,,,1682965231
cancel,17545,,,1682965231
cancel,19066,,,1682965231
cancel,24957,,,1682965231
newOrder,17545,0,5876,1682965260
newOrder,19066,1,5876,1682965260
newOrder,11604,0,16576,1682965260
newOrder,24957,1,16576,1682965260
cancel,11604,,,1682965830
cancel,17545,,,1682965830
cancel,19066,,,1682965830
cancel,24957,,,1682965830
newOrder,17546,0,5877,1682965860
newOrder,19066,1,5877,1682965860
newOrder,11604,0,20601,1682965860
newOrder,24957,1,20601,1682965860
cancel,11604,,,1682966431
cancel,17546,,,1682966431
cancel,19066,,,1682966431
cancel,24957,,,1682966431
newOrder,17546,0,5878,1682966461
newOrder,19066,1,5878,1682966461
newOrder,11604,0,13818,1682966461
newOrder,24957,1,13818,1682966461
cancel,11604,,,1682967031
cancel,17546,,,1682967031
cancel,19066,,,1682967031
cancel,24957,,,1682967031
newOrder,17546,0,5879,1682967061
newOrder,19066,1,5879,1682967061
newOrder,12001,0,8385,1682967061
newOrder,24957,1,8385,1682967061
cancel,12001,,,1682967631
cancel,17546,,,1682967631
cancel,19066,,,1682967631
cancel,24957,,,1682967631
newOrder,17547,0,5879,1682967659
newOrder,19066,1,5879,1682967659
newOrder,12011,0,5249,1682967659
newOrder,21887,1,5249,1682967659
cancel,12011,,,1682968232
cancel,17547,,,1682968232
cancel,19066,,,1682968232
cancel,21887,,,1682968232
newOrder,17544,0,5879,1682968260
newOrder,19066,1,5879,1682968260
newOrder,11604,0,11599,1682968260
newOrder,24957,1,11599,1682968260
cancel,11604,,,1682968831
cancel,17544,,,1682968831
cancel,19066,,,1682968831
cancel,24957,,,1682968831
newOrder,17545,0,5880,1682968862
newOrder,19066,1,5880,1682968862
newOrder,11604,0,27329,1682968862
newOrder,24957,1,27329,1682968862
cancel,11604,,,1682969138
cancel,17545,,,1682969138
cancel,19066,,,1682969138
cancel,24957,,,1682969138
newOrder,17478,0,5862,1682969145
newOrder,19073,1,5862,1682969145
newOrder,11604,0,16381,1682969145
newOrder,24957,1,16381,1682969145
cancel,11604,,,1682969300
cancel,17478,,,1682969300
cancel,19073,,,1682969300
cancel,24957,,,1682969300
newOrder,17405,0,5840,1682969307
newOrder,19080,1,5840,1682969307
newOrder,11604,0,13859,1682969307
newOrder,24957,1,13859,1682969307
cancel,11604,,,1682969431
cancel,17405,,,1682969431
cancel,19080,,,1682969431
cancel,24957,,,1682969431
newOrder,17281,0,5791,1682969461
newOrder,19066,1,5791,1682969461
newOrder,11604,0,17112,1682969461
newOrder,24957,1,17112,1682969461
cancel,11604,,,1682970031
cancel,17281,,,1682970031
cancel,19066,,,1682970031
cancel,24957,,,1682970031
newOrder,17281,0,5792,1682970061
newOrder,19066,1,5792,1682970061
newOrder,11604,0,24162,1682970061
newOrder,24957,1,24162,1682970061
cancel,11604,,,1682970631
cancel,17281,,,1682970631
cancel,19066,,,1682970631
cancel,24957,,,1682970631
newOrder,17306,0,5802,1682970662
newOrder,19066,1,5802,1682970662
newOrder,11604,0,17210,1682970662
newOrder,24957,1,17210,1682970662
cancel,11604,,,1682971231
cancel,17306,,,1682971231
cancel,19066,,,1682971231
cancel,24957,,,1682971231
newOrder,17327,0,5810,1682971261
newOrder,19066,1,5810,1682971261
newOrder,12001,0,7640,1682971261
newOrder,24957,1,7640,1682971261
cancel,12001,,,1682971831
cancel,17327,,,1682971831
cancel,19066,,,1682971831
cancel,24957,,,1682971831
newOrder,17305,0,5803,1682971861
newOrder,19066,1,5803,1682971861
newOrder,12011,0,5897,1682971861
newOrder,21887,1,5897,1682971861
cancel,12011,,,1682972431
cancel,17305,,,1682972431
cancel,19066,,,1682972431
cancel,21887,,,1682972431
newOrder,17305,0,5803,1682972461
newOrder,19066,1,5803,1682972461
newOrder,11604,0,11777,1682972461
newOrder,24957,1,11777,1682972461
cancel,11604,,,1682973031
cancel,17305,,,1682973031
cancel,19066,,,1682973031
cancel,24957,,,1682973031
newOrder,17370,0,5828,1682973061
newOrder,19066,1,5828,1682973061
newOrder,11604,0,26656,1682973061
newOrder,24957,1,26656,1682973061
cancel,11604,,,1682973631
cancel,17370,,,1682973631
cancel,19066,,,1682973631
cancel,24957,,,1682973631
newOrder,17370,0,5828,1682973660
newOrder,19066,1,5828,1682973660
newOrder,12011,0,4634,1682973660
newOrder,21887,1,4634,1682973660
cancel,12011,,,1682974231
cancel,17370,,,1682974231
cancel,19066,,,1682974231
cancel,21887,,,1682974231
newOrder,17397,0,5838,1682974263
newOrder,19066,1,5838,1682974263
newOrder,11604,0,11980,1682974263
newOrder,24957,1,11980,1682974263
cancel,11604,,,1682974831
cancel,17397,,,1682974831
cancel,19066,,,1682974831
cancel,24957,,,1682974831
newOrder,17401,0,5841,1682974861
newOrder,19066,1,5841,1682974861
newOrder,11286,0,29363,1682974861
newOrder,24957,1,29363,1682974861
cancel,11286,,,1682975431
cancel,17401,,,1682975431
cancel,19066,,,1682975431
cancel,24957,,,1682975431
newOrder,17402,0,5841,1682975459
newOrder,19066,1,5841,1682975459
newOrder,11286,0,29334,1682975459
newOrder,24957,1,29334,1682975459
cancel,11286,,,1682976031
cancel,17402,,,1682976031
cancel,19066,,,1682976031
cancel,24957,,,1682976031
newOrder,17402,0,5842,1682976059
newOrder,19066,1,5842,1682976059
newOrder,11604,0,23891,1682976059
newOrder,24957,1,23891,1682976059
cancel,11604,,,1682976631
cancel,17402,,,1682976631
cancel,19066,,,1682976631
cancel,24957,,,1682976631
newOrder,17401,0,5842,1682976660
newOrder,19066,1,5842,1682976660
newOrder,11604,0,19068,1682976660
newOrder,24957,1,19068,1682976660
cancel,11604,,,1682977231
cancel,17401,,,1682977231
cancel,19066,,,1682977231
cancel,24957,,,1682977231
newOrder,17402,0,5843,1682977261
newOrder,19066,1,5843,1682977261
newOrder,12001,0,9147,1682977261
newOrder,24957,1,9147,1682977261
cancel,12001,,,1682977831
cancel,17402,,,1682977831
cancel,19066,,,1682977831
cancel,24957,,,1682977831
newOrder,17401,0,5843,1682977861
newOrder,19066,1,5843,1682977861
newOrder,12001,0,8527,1682977861
newOrder,24957,1,8527,1682977861
cancel,12001,,,1682978431
cancel,17401,,,1682978431
cancel,19066,,,1682978431
cancel,24957,,,1682978431
newOrder,17400,0,5843,1682978461
newOrder,19066,1,5843,1682978461
newOrder,11604,0,13831,1682978461
newOrder,24957,1,13831,1682978461
cancel,11604,,,1682979031
cancel,17400,,,1682979031
cancel,19066,,,1682979031
cancel,24957,,,1682979031
newOrder,17398,0,5843,1682979059
newOrder,19066,1,5843,1682979059
newOrder,12011,0,4817,1682979059
newOrder,21887,1,4817,1682979059
cancel,12011,,,1682979534
cancel,17398,,,1682979534
cancel,19066,,,1682979534
cancel,21887,,,1682979534
newOrder,17331,0,5822,1682979541
newOrder,19073,1,5822,1682979541
newOrder,11604,0,27266,1682979541
newOrder,24957,1,27266,1682979541
cancel,11604,,,1682979631
cancel,17331,,,1682979631
cancel,19073,,,1682979631
cancel,24957,,,1682979631
newOrder,17309,0,5812,1682979659
newOrder,19066,1,5812,1682979659
newOrder,11286,0,29433,1682979659
newOrder,24957,1,29433,1682979659
cancel,11286,,,1682980231
cancel,17309,,,1682980231
cancel,19066,,,1682980231
cancel,24957,,,1682980231
newOrder,17309,0,5812,1682980261
newOrder,19066,1,5812,1682980261
newOrder,11604,0,23145,1682980261
newOrder,24957,1,23145,1682980261
cancel,11604,,,1682980831
cancel,17309,,,1682980831
cancel,19066,,,1682980831
cancel,24957,,,1682980831
newOrder,17309,0,5813,1682980861
newOrder,19066,1,5813,1682980861
newOrder,11604,0,23380,1682980861
newOrder,24957,1,23380,1682980861
cancel,11604,,,1682981431
cancel,17309,,,1682981431
cancel,19066,,,1682981431
cancel,24957,,,1682981431
newOrder,17308,0,5813,1682981461
newOrder,19066,1,5813,1682981461
newOrder,11286,0,30042,1682981461
newOrder,24957,1,30042,1682981461
cancel,11286,,,1682982031
cancel,17308,,,1682982031
cancel,19066,,,1682982031
cancel,24957,,,1682982031
newOrder,17308,0,5814,1682982060
newOrder,19066,1,5814,1682982060
newOrder,12011,0,3889,1682982060
newOrder,21887,1,3889,1682982060
cancel,12011,,,1682982631
cancel,17308,,,1682982631
cancel,19066,,,1682982631
cancel,21887,,,1682982631
newOrder,17308,0,5814,1682982660
newOrder,19066,1,5814,1682982660
newOrder,11604,0,11155,1682982660
newOrder,24957,1,11155,1682982660
cancel,11604,,,1682983231
cancel,17308,,,1682983231
cancel,19066,,,1682983231
cancel,24957,,,1682983231
newOrder,17308,0,5815,1682983260
newOrder,19066,1,5815,1682983260
newOrder,11604,0,15489,1682983260
newOrder,24957,1,15489,1682983260
cancel,11604,,,1682983831
cancel,17308,,,1682983831
cancel,19066,,,1682983831
cancel,24957,,,1682983831
newOrder,17308,0,5815,1682983860
newOrder,19066,1,5815,1682983860
newOrder,11604,0,16086,1682983860
newOrder,24957,1,16086,1682983860
cancel,11604,,,1682984431
cancel,17308,,,1682984431
cancel,19066,,,1682984431
cancel,24957,,,1682984431
newOrder,17308,0,5816,1682984460
newOrder,19066,1,5816,1682984460
newOrder,11604,0,25174,1682984460
newOrder,24957,1,25174,1682984460
cancel,11604,,,1682985031
cancel,17308,,,1682985031
cancel,19066,,,1682985031
cancel,24957,,,1682985031
newOrder,17308,0,5816,1682985061
newOrder,19066,1,5816,1682985061
newOrder,11604,0,13313,1682985061
newOrder,24957,1,13313,1682985061
cancel,11604,,,1682985632
cancel,17308,,,1682985632
cancel,19066,,,1682985632
cancel,24957,,,1682985632
newOrder,17331,0,5826,1682985660
newOrder,19066,1,5826,1682985660
newOrder,11604,0,21467,1682985660
newOrder,24957,1,21467,1682985660
cancel,11604,,,1682986231
cancel,17331,,,1682986231
cancel,19066,,,1682986231
cancel,24957,,,1682986231
newOrder,17294,0,5812,1682986259
newOrder,19066,1,5812,1682986259
newOrder,12001,0,7122,1682986259
newOrder,24957,1,7122,1682986259
cancel,12001,,,1682986831
cancel,17294,,,1682986831
cancel,19066,,,1682986831
cancel,24957,,,1682986831
newOrder,17243,0,5793,1682986860
newOrder,19066,1,5793,1682986860
newOrder,11604,0,27748,1682986860
newOrder,24957,1,27748,1682986860
cancel,11604,,,1682987431
cancel,17243,,,1682987431
cancel,19066,,,1682987431
cancel,24957,,,1682987431
newOrder,17183,0,5769,1682987461
newOrder,19066,1,5769,1682987461
newOrder,11604,0,23293,1682987461
newOrder,24957,1,23293,1682987461
cancel,11604,,,1682988030
cancel,17183,,,1682988030
cancel,19066,,,1682988030
cancel,24957,,,1682988030
newOrder,17126,0,5744,1682988061
newOrder,19066,1,5744,1682988061
newOrder,11604,0,17149,1682988061
newOrder,24957,1,17149,1682988061
cancel,11604,,,1682988631
cancel,17126,,,1682988631
cancel,19066,,,1682988631
cancel,24957,,,1682988631
newOrder,17064,0,5716,1682988659
newOrder,19066,1,5716,1682988659
newOrder,11286,0,28509,1682988659
newOrder,24957,1,28509,1682988659
cancel,11286,,,1682989231
cancel,17064,,,1682989231
cancel,19066,,,1682989231
cancel,24957,,,1682989231
newOrder,17037,0,5704,1682989261
newOrder,19066,1,5704,1682989261
newOrder,11604,0,27623,1682989261
newOrder,24957,1,27623,1682989261
cancel,11604,,,1682990380
cancel,17037,,,1682990380
cancel,19066,,,1682990380
cancel,24957,,,1682990380
newOrder,16951,0,5663,1682990460
newOrder,19066,1,5663,1682990460
newOrder,12011,0,3590,1682990460
newOrder,21887,1,3590,1682990460
cancel,12011,,,1682990490
cancel,16951,,,1682990490
cancel,19066,,,1682990490
cancel,21887,,,1682990490
newOrder,16951,0,5663,1682990516
newOrder,19066,1,5663,1682990516
newOrder,12011,0,5095,1682990516
newOrder,21887,1,5095,1682990516
cancel,12011,,,1682991123
cancel,16951,,,1682991123
cancel,19066,,,1682991123
cancel,21887,,,1682991123
newOrder,16913,0,5643,1682991148
newOrder,19066,1,5643,1682991148
newOrder,12001,0,8493,1682991148
newOrder,24957,1,8493,1682991148
cancel,12001,,,1682991723
cancel,16913,,,1682991723
cancel,19066,,,1682991723
cancel,24957,,,1682991723
newOrder,16913,0,5644,1682991748
newOrder,19066,1,5644,1682991748
newOrder,11604,0,22818,1682991748
newOrder,24957,1,22818,1682991748
cancel,11604,,,1682992322
cancel,16913,,,1682992322
cancel,19066,,,1682992322
cancel,24957,,,1682992322
newOrder,16913,0,5644,1682992351
newOrder,19066,1,5644,1682992351
newOrder,11604,0,16506,1682992351
newOrder,24957,1,16506,1682992351
cancel,11604,,,1682992922
cancel,16913,,,1682992922
cancel,19066,,,1682992922
cancel,24957,,,1682992922
newOrder,16914,0,5645,1682992949
newOrder,19066,1,5645,1682992949
newOrder,11604,0,20233,1682992949
newOrder,24957,1,20233,1682992949
cancel,11604,,,1682993522
cancel,16914,,,1682993522
cancel,19066,,,1682993522
cancel,24957,,,1682993522
newOrder,16889,0,5633,1682993553
newOrder,19066,1,5633,1682993553
newOrder,11604,0,10543,1682993553
newOrder,24957,1,10543,1682993553
cancel,11604,,,1682994038
cancel,16889,,,1682994038
cancel,19066,,,1682994038
cancel,24957,,,1682994038
newOrder,16890,0,5634,1682994063
newOrder,19066,1,5634,1682994063
newOrder,11286,0,28541,1682994063
newOrder,24957,1,28541,1682994063
cancel,11286,,,1682994253
cancel,16890,,,1682994253
cancel,19066,,,1682994253
cancel,24957,,,1682994253
newOrder,16890,0,5634,1682994288
newOrder,19066,1,5634,1682994288
newOrder,11604,0,13440,1682994288
newOrder,24957,1,13440,1682994288
cancel,11604,,,1682994670
cancel,16890,,,1682994670
cancel,19066,,,1682994670
cancel,24957,,,1682994670
newOrder,16914,0,5647,1682994695
newOrder,19066,1,5647,1682994695
newOrder,11604,0,21391,1682994695
newOrder,24957,1,21391,1682994695
cancel,11604,,,1682994886
cancel,16914,,,1682994886
cancel,19066,,,1682994886
cancel,24957,,,1682994886
newOrder,16914,0,5647,1682994915
newOrder,19066,1,5647,1682994915
newOrder,12011,0,4777,1682994915
newOrder,21887,1,4777,1682994915
cancel,12011,,,1682995270
cancel,16914,,,1682995270
cancel,19066,,,1682995270
cancel,21887,,,1682995270
newOrder,16889,0,5634,1682995295
newOrder,19066,1,5634,1682995295
newOrder,11604,0,23552,1682995295
newOrder,24957,1,23552,1682995295
cancel,11604,,,1682995486
cancel,16889,,,1682995486
cancel,19066,,,1682995486
cancel,24957,,,1682995486
newOrder,16889,0,5635,1682995516
newOrder,19066,1,5635,1682995516
newOrder,12011,0,6081,1682995516
newOrder,24957,1,6081,1682995516
cancel,12011,,,1682995870
cancel,16889,,,1682995870
cancel,19066,,,1682995870
cancel,24957,,,1682995870
newOrder,16889,0,5635,1682995891
newOrder,19066,1,5635,1682995891
newOrder,11604,0,16885,1682995891
newOrder,24957,1,16885,1682995891
cancel,11604,,,1682996086
cancel,16889,,,1682996086
cancel,19066,,,1682996086
cancel,24957,,,1682996086
newOrder,16889,0,5635,1682996142
newOrder,19066,1,5635,1682996142
newOrder,11286,0,28933,1682996142
newOrder,24957,1,28933,1682996142
cancel,11286,,,1682996686
cancel,16889,,,1682996686
cancel,19066,,,1682996686
cancel,24957,,,1682996686
newOrder,16889,0,5636,1682996714
newOrder,19066,1,5636,1682996714
newOrder,11604,0,22714,1682996714
newOrder,24957,1,22714,1682996714
cancel,11604,,,1682997286
cancel,16889,,,1682997286
cancel,19066,,,1682997286
cancel,24957,,,1682997286
newOrder,16890,0,5636,1682997316
newOrder,19066,1,5636,1682997316
newOrder,12001,0,6827,1682997316
newOrder,24957,1,6827,1682997316
cancel,12001,,,1682997886
cancel,16890,,,1682997886
cancel,19066,,,1682997886
cancel,24957,,,1682997886
newOrder,16889,0,5636,1682997915
newOrder,19066,1,5636,1682997915
newOrder,12001,0,7769,1682997915
newOrder,24957,1,7769,1682997915
cancel,12001,,,1682998486
cancel,16889,,,1682998486
cancel,19066,,,1682998486
cancel,24957,,,1682998486
newOrder,17045,0,5716,1682998516
newOrder,19066,1,5716,1682998516
newOrder,11604,0,16479,1682998516
newOrder,24957,1,16479,1682998516
cancel,11604,,,1682999086
cancel,17045,,,1682999086
cancel,19066,,,1682999086
cancel,24957,,,1682999086
newOrder,16973,0,5681,1682999115
newOrder,19066,1,5681,1682999115
newOrder,11604,0,20049,1682999115
newOrder,24957,1,20049,1682999115
cancel,11604,,,1682999686
cancel,16973,,,1682999686
cancel,19066,,,1682999686
cancel,24957,,,1682999686
newOrder,16973,0,5682,1682999715
newOrder,19066,1,5682,1682999715
newOrder,12012,0,3473,1682999715
newOrder,21887,1,3473,1682999715
cancel,12012,,,1683000287
cancel,16973,,,1683000287
cancel,19066,,,1683000287
cancel,21887,,,1683000287
newOrder,16972,0,5682,1683000317
newOrder,19066,1,5682,1683000317
newOrder,12012,0,6931,1683000317
newOrder,24957,1,6931,1683000317
cancel,12012,,,1683000887
cancel,16972,,,1683000887
cancel,19066,,,1683000887
cancel,24957,,,1683000887
newOrder,16975,0,5684,1683000915
newOrder,19066,1,5684,1683000915
newOrder,11604,0,26468,1683000915
newOrder,24957,1,26468,1683000915
cancel,11604,,,1683001486
cancel,16975,,,1683001486
cancel,19066,,,1683001486
cancel,24957,,,1683001486
newOrder,16971,0,5682,1683001514
newOrder,19066,1,5682,1683001514
newOrder,12012,0,4349,1683001514
newOrder,21887,1,4349,1683001514
cancel,12012,,,1683002086
cancel,16971,,,1683002086
cancel,19066,,,1683002086
cancel,21887,,,1683002086
newOrder,16976,0,5685,1683002116
newOrder,19066,1,5685,1683002116
newOrder,11604,0,13696,1683002116
newOrder,24957,1,13696,1683002116
cancel,11604,,,1683002686
cancel,16976,,,1683002686
cancel,19066,,,1683002686
cancel,24957,,,1683002686
newOrder,16976,0,5686,1683002715
newOrder,19066,1,5686,1683002715
newOrder,12012,0,7845,1683002715
newOrder,24957,1,7845,1683002715
cancel,12012,,,1683003286
cancel,16976,,,1683003286
cancel,19066,,,1683003286
cancel,24957,,,1683003286
newOrder,16976,0,5686,1683003320
newOrder,19066,1,5686,1683003320
newOrder,11604,0,30172,1683003320
newOrder,24957,1,30172,1683003320
cancel,11604,,,1683003886
cancel,16976,,,1683003886
cancel,19066,,,1683003886
cancel,24957,,,1683003886
newOrder,16976,0,5687,1683003915
newOrder,19066,1,5687,1683003915
newOrder,11604,0,29227,1683003915
newOrder,24957,1,29227,1683003915
cancel,11604,,,1683004486
cancel,16976,,,1683004486
cancel,19066,,,1683004486
cancel,24957,,,1683004486
newOrder,16976,0,5687,1683004515
newOrder,19066,1,5687,1683004515
newOrder,12012,0,8845,1683004515
newOrder,24957,1,8845,1683004515
cancel,12012,,,1683005086
cancel,16976,,,1683005086
cancel,19066,,,1683005086
cancel,24957,,,1683005086
newOrder,16976,0,5688,1683005116
newOrder,19066,1,5688,1683005116
newOrder,11604,0,13030,1683005116
newOrder,24957,1,13030,1683005116
cancel,11604,,,1683005686
cancel,16976,,,1683005686
cancel,19066,,,1683005686
cancel,24957,,,1683005686
newOrder,16976,0,5688,1683005716
newOrder,19066,1,5688,1683005716
newOrder,11604,0,15761,1683005716
newOrder,24957,1,15761,1683005716
cancel,11604,,,1683006286
cancel,16976,,,1683006286
cancel,19066,,,1683006286
cancel,24957,,,1683006286
newOrder,17003,0,5703,1683006916
newOrder,19066,1,5703,1683006916
newOrder,12012,0,6686,1683006916
newOrder,24957,1,6686,1683006916
cancel,12012,,,1683007486
cancel,17003,,,1683007486
cancel,19066,,,1683007486
cancel,24957,,,1683007486
newOrder,17003,0,5703,1683007516
newOrder,19066,1,5703,1683007516
newOrder,12012,0,6895,1683007516
newOrder,24957,1,6895,1683007516
cancel,12012,,,1683008086
cancel,17003,,,1683008086
cancel,19066,,,1683008086
cancel,24957,,,1683008086
newOrder,17003,0,5704,1683008117
newOrder,19066,1,5704,1683008117
newOrder,11604,0,26123,1683008117
newOrder,24957,1,26123,1683008117
cancel,11604,,,1683008686
cancel,17003,,,1683008686
cancel,19066,,,1683008686
cancel,24957,,,1683008686
newOrder,17003,0,5704,1683008717
newOrder,19066,1,5704,1683008717
newOrder,11604,0,24594,1683008717
newOrder,24957,1,24594,1683008717
cancel,11604,,,1683009286
cancel,17003,,,1683009286
cancel,19066,,,1683009286
cancel,24957,,,1683009286
newOrder,17003,0,5705,1683009317
newOrder,19066,1,5705,1683009317
newOrder,11604,0,20885,1683009317
newOrder,24957,1,20885,1683009317
cancel,11604,,,1683009886
cancel,17003,,,1683009886
cancel,19066,,,1683009886
cancel,24957,,,1683009886
newOrder,17003,0,5705,1683009918
newOrder,19066,1,5705,1683009918
newOrder,11604,0,27361,1683009918
newOrder,24957,1,27361,1683009918
cancel,11604,,,1683010487
cancel,17003,,,1683010487
cancel,19066,,,1683010487
cancel,24957,,,1683010487
newOrder,17003,0,5706,1683010518
newOrder,19066,1,5706,1683010518
newOrder,11604,0,23225,1683010518
newOrder,24957,1,23225,1683010518
cancel,11604,,,1683011086
cancel,17003,,,1683011086
cancel,19066,,,1683011086
cancel,24957,,,1683011086
newOrder,17003,0,5706,1683011119
newOrder,19066,1,5706,1683011119
newOrder,11604,0,20467,1683011119
newOrder,24957,1,20467,1683011119
cancel,11604,,,1683011687
cancel,17003,,,1683011687
cancel,19066,,,1683011687
cancel,24957,,,1683011687
newOrder,17003,0,5707,1683011721
newOrder,19066,1,5707,1683011721
newOrder,11604,0,26679,1683011721
newOrder,24957,1,26679,1683011721
cancel,11604,,,1683012286
cancel,17003,,,1683012286
cancel,19066,,,1683012286
cancel,24957,,,1683012286
newOrder,17003,0,5707,1683012320
newOrder,19066,1,5707,1683012320
newOrder,11604,0,18663,1683012320
newOrder,24957,1,18663,1683012320
cancel,11604,,,1683012886
cancel,17003,,,1683012886
cancel,19066,,,1683012886
cancel,24957,,,1683012886
newOrder,17003,0,5708,1683012918
newOrder,19066,1,5708,1683012918
newOrder,11604,0,12831,1683012918
newOrder,24957,1,12831,1683012918
cancel,11604,,,1683013486
cancel,17003,,,1683013486
cancel,19066,,,1683013486
cancel,24957,,,1683013486
newOrder,17003,0,5708,1683013519
newOrder,19066,1,5708,1683013519
newOrder,11604,0,24008,1683013519
newOrder,24957,1,24008,1683013519
cancel,11604,,,1683014086
cancel,17003,,,1683014086
cancel,19066,,,1683014086
cancel,24957,,,1683014086
newOrder,16993,0,5704,1683014118
newOrder,19066,1,5704,1683014118
newOrder,12012,0,7051,1683014118
newOrder,24957,1,7051,1683014118
cancel,12012,,,1683014686
cancel,16993,,,1683014686
cancel,19066,,,1683014686
cancel,24957,,,1683014686
newOrder,16992,0,5704,1683014718
newOrder,19066,1,5704,1683014718
newOrder,12012,0,3486,1683014718
newOrder,21887,1,3486,1683014718
cancel,12012,,,1683015286
cancel,16992,,,1683015286
cancel,19066,,,1683015286
cancel,21887,,,1683015286
newOrder,16992,0,5705,1683015318
newOrder,19066,1,5705,1683015318
newOrder,11604,0,22814,1683015318
newOrder,24957,1,22814,1683015318
cancel,11604,,,1683015886
cancel,16992,,,1683015886
cancel,19066,,,1683015886
cancel,24957,,,1683015886
newOrder,16992,0,5705,1683015918
newOrder,19066,1,5705,1683015918
newOrder,11604,0,25525,1683015918
newOrder,24957,1,25525,1683015918
cancel,11604,,,1683016486
cancel,16992,,,1683016486
cancel,19066,,,1683016486
cancel,24957,,,1683016486
newOrder,16991,0,5705,1683016516
newOrder,19066,1,5705,1683016516
newOrder,12012,0,5429,1683016516
newOrder,21887,1,5429,1683016516
cancel,12012,,,1683017086
cancel,16991,,,1683017086
cancel,19066,,,1683017086
cancel,21887,,,1683017086
newOrder,16992,0,5706,1683017118
newOrder,19066,1,5706,1683017118
newOrder,12012,0,7446,1683017118
newOrder,24957,1,7446,1683017118
cancel,12012,,,1683017686
cancel,16992,,,1683017686
cancel,19066,,,1683017686
cancel,24957,,,1683017686
newOrder,16991,0,5706,1683017717
newOrder,19066,1,5706,1683017717
newOrder,11604,0,25852,1683017717
newOrder,24957,1,25852,1683017717
cancel,11604,,,1683018287
cancel,16991,,,1683018287
cancel,19066,,,1683018287
cancel,24957,,,1683018287
newOrder,16991,0,5707,1683018317
newOrder,19066,1,5707,1683018317
newOrder,11604,0,28061,1683018317
newOrder,24957,1,28061,1683018317
cancel,11604,,,1683018886
cancel,16991,,,1683018886
cancel,19066,,,1683018886
cancel,24957,,,1683018886
newOrder,16992,0,5708,1683018918
newOrder,19066,1,5708,1683018918
newOrder,12011,0,9826,1683018918
newOrder,24957,1,9826,1683018918
cancel,12011,,,1683019486
cancel,16992,,,1683019486
cancel,19066,,,1683019486
cancel,24957,,,1683019486
newOrder,16991,0,5708,1683019520
newOrder,19066,1,5708,1683019520
newOrder,12012,0,8535,1683019520
newOrder,24957,1,8535,1683019520
cancel,12012,,,1683020086
cancel,16991,,,1683020086
cancel,19066,,,1683020086
cancel,24957,,,1683020086
newOrder,16993,0,5709,1683020117
newOrder,19066,1,5709,1683020117
newOrder,11604,0,18531,1683020117
newOrder,24957,1,18531,1683020117
cancel,11604,,,1683020687
cancel,16993,,,1683020687
cancel,19066,,,1683020687
cancel,24957,,,1683020687
newOrder,16992,0,5709,1683020720
newOrder,19066,1,5709,1683020720
newOrder,11604,0,22594,1683020720
newOrder,24957,1,22594,1683020720
cancel,11604,,,1683021286
cancel,16992,,,1683021286
cancel,19066,,,1683021286
cancel,24957,,,1683021286
newOrder,16992,0,5710,1683021317
newOrder,19066,1,5710,1683021317
newOrder,12012,0,5003,1683021317
newOrder,21887,1,5003,1683021317
cancel,12012,,,1683021886
cancel,16992,,,1683021886
cancel,19066,,,1683021886
cancel,21887,,,1683021886
newOrder,16992,0,5711,1683021919
newOrder,19066,1,5711,1683021919
newOrder,11604,0,21189,1683021919
newOrder,24957,1,21189,1683021919
cancel,11604,,,1683022487
cancel,16992,,,1683022487
cancel,19066,,,1683022487
cancel,24957,,,1683022487
newOrder,16992,0,5711,1683022519
newOrder,19066,1,5711,1683022519
newOrder,11604,0,27345,1683022519
newOrder,24957,1,27345,1683022519
cancel,11604,,,1683023086
cancel,16992,,,1683023086
cancel,19066,,,1683023086
cancel,24957,,,1683023086
newOrder,16993,0,5712,1683023117
newOrder,19066,1,5712,1683023117
newOrder,12012,0,5358,1683023117
newOrder,21887,1,5358,1683023117
cancel,12012,,,1683023686
cancel,16993,,,1683023686
cancel,19066,,,1683023686
cancel,21887,,,1683023686
newOrder,16993,0,5712,1683023717
newOrder,19066,1,5712,1683023717
newOrder,11604,0,16806,1683023717
newOrder,24957,1,16806,1683023717
cancel,11604,,,1683024286
cancel,16993,,,1683024286
cancel,19066,,,1683024286
cancel,24957,,,1683024286
newOrder,16995,0,5714,1683024317
newOrder,19066,1,5714,1683024317
newOrder,12001,0,10152,1683024317
newOrder,24957,1,10152,1683024317
cancel,12001,,,1683024886
cancel,16995,,,1683024886
cancel,19066,,,1683024886
cancel,24957,,,1683024886
newOrder,16994,0,5714,1683024918
newOrder,19066,1,5714,1683024918
newOrder,11604,0,12529,1683024918
newOrder,24957,1,12529,1683024918
cancel,11604,,,1683025486
cancel,16994,,,1683025486
cancel,19066,,,1683025486
cancel,24957,,,1683025486
newOrder,16994,0,5715,1683025517
newOrder,19066,1,5715,1683025517
newOrder,11604,0,18830,1683025517
newOrder,24957,1,18830,1683025517
cancel,11604,,,1683026086
cancel,16994,,,1683026086
cancel,19066,,,1683026086
cancel,24957,,,1683026086
newOrder,16981,0,5708,1683026115
newOrder,19066,1,5708,1683026115
newOrder,11604,0,29115,1683026115
newOrder,24957,1,29115,1683026115
cancel,11604,,,1683026687
cancel,16981,,,1683026687
cancel,19066,,,1683026687
cancel,24957,,,1683026687
newOrder,16979,0,5708,1683026715
newOrder,19066,1,5708,1683026715
newOrder,12011,0,9433,1683026715
newOrder,24957,1,9433,1683026715
cancel,12011,,,1683027286
cancel,16979,,,1683027286
cancel,19066,,,1683027286
cancel,24957,,,1683027286
newOrder,16979,0,5709,1683027316
newOrder,19066,1,5709,1683027316
newOrder,12012,0,7393,1683027316
newOrder,24957,1,7393,1683027316
cancel,12012,,,1683027886
cancel,16979,,,1683027886
cancel,19066,,,1683027886
cancel,24957,,,1683027886
newOrder,16979,0,5709,1683027915
newOrder,19066,1,5709,1683027915
newOrder,11604,0,30658,1683027915
newOrder,24957,1,30658,1683027915
cancel,11604,,,1683028486
cancel,16979,,,1683028486
cancel,19066,,,1683028486
cancel,24957,,,1683028486
newOrder,16945,0,5692,1683028514
newOrder,19066,1,5692,1683028514
newOrder,11604,0,28949,1683028514
newOrder,24957,1,28949,1683028514
cancel,11604,,,1683028975
cancel,16945,,,1683028975
cancel,19066,,,1683028975
cancel,24957,,,1683028975
newOrder,16945,0,5692,1683028996
newOrder,19066,1,5692,1683028996
newOrder,11604,0,30368,1683028996
newOrder,24957,1,30368,1683028996
cancel,11604,,,1683029086
cancel,16945,,,1683029086
cancel,19066,,,1683029086
cancel,24957,,,1683029086
newOrder,16945,0,5692,1683029115
newOrder,19066,1,5692,1683029115
newOrder,11604,0,23803,1683029115
newOrder,24957,1,23803,1683029115