instruction,price,side,qty,time
cancel,10423,,,1686831415
cancel,17372,,,1686831415
cancel,18075,,,1686831415
cancel,24999,,,1686831415
newOrder,17371,0,10711,1686831443
newOrder,18075,1,10711,1686831443
newOrder,12204,0,18564,1686831443
newOrder,24957,1,18564,1686831443
cancel,12204,,,1686832015
cancel,17371,,,1686832015
cancel,18075,,,1686832015
cancel,24957,,,1686832015
newOrder,17366,0,10712,1686832042
newOrder,18075,1,10712,1686832042
newOrder,15217,0,8896,1686832042
newOrder,19999,1,8896,1686832042
cancel,15217,,,1686832616
cancel,17366,,,1686832616
cancel,18075,,,1686832616
cancel,19999,,,1686832616
newOrder,17370,0,10713,1686832644
newOrder,18075,1,10713,1686832644
newOrder,12162,0,20677,1686832644
newOrder,24957,1,20677,1686832644
cancel,12162,,,1686833128
cancel,18075,,,1686833128
cancel,24957,,,1686833128
newOrder,17290,0,10718,1686833136
newOrder,18083,1,10718,1686833136
newOrder,10374,0,36320,1686833136
newOrder,24999,1,36320,1686833136
cancel,10374,,,1686833215
cancel,17290,,,1686833215
cancel,18083,,,1686833215
cancel,24999,,,1686833215
newOrder,17198,0,10717,1686833243
newOrder,18075,1,10717,1686833243
newOrder,10319,0,47849,1686833243
newOrder,24999,1,47849,1686833243
cancel,10319,,,1686833815
cancel,17198,,,1686833815
cancel,18075,,,1686833815
cancel,24999,,,1686833815
newOrder,17198,0,10718,1686833843
newOrder,18075,1,10718,1686833843
newOrder,12204,0,15042,1686833843
newOrder,24957,1,15042,1686833843
cancel,12204,,,1686834415
cancel,17198,,,1686834415
cancel,18075,,,1686834415
cancel,24957,,,1686834415
newOrder,17198,0,10720,1686834444
newOrder,18075,1,10720,1686834444
newOrder,10319,0,27017,1686834444
newOrder,24957,1,27017,1686834444
cancel,10319,,,1686835016
cancel,17198,,,1686835016
cancel,18075,,,1686835016
cancel,24957,,,1686835016
newOrder,17198,0,10721,1686835043
newOrder,18075,1,10721,1686835043
newOrder,10319,0,34043,1686835043
newOrder,24957,1,34043,1686835043
cancel,10319,,,1686835615
cancel,17198,,,1686835615
cancel,18075,,,1686835615
cancel,24957,,,1686835615
newOrder,17198,0,10722,1686835642
newOrder,18075,1,10722,1686835642
newOrder,10319,0,46023,1686835642
newOrder,24999,1,46023,1686835642
cancel,10319,,,1686836215
cancel,17198,,,1686836215
cancel,18075,,,1686836215
cancel,24999,,,1686836215
newOrder,17198,0,10724,1686836241
newOrder,18075,1,10724,1686836241
newOrder,15217,0,10551,1686836241
newOrder,19999,1,10551,1686836241
cancel,15217,,,1686836815
cancel,17198,,,1686836815
cancel,18075,,,1686836815
cancel,19999,,,1686836815
newOrder,17198,0,10725,1686836843
newOrder,18075,1,10725,1686836843
newOrder,15217,0,7560,1686836843
newOrder,19999,1,7560,1686836843
cancel,15217,,,1686837415
cancel,17198,,,1686837415
cancel,18075,,,1686837415
cancel,19999,,,1686837415
newOrder,17198,0,10726,1686837443
newOrder,18075,1,10726,1686837443
newOrder,10319,0,29739,1686837443
newOrder,24957,1,29739,1686837443
cancel,10319,,,1686838015
cancel,17198,,,1686838015
cancel,18075,,,1686838015
cancel,24957,,,1686838015
newOrder,17198,0,10727,1686838045
newOrder,18075,1,10727,1686838045
newOrder,10319,0,43609,1686838045
newOrder,24999,1,43609,1686838045
cancel,10319,,,1686838615
cancel,17198,,,1686838615
cancel,18075,,,1686838615
cancel,24999,,,1686838615
newOrder,17198,0,10729,1686838644
newOrder,18075,1,10729,1686838644
newOrder,10319,0,30830,1686838644
newOrder,24957,1,30830,1686838644
cancel,10319,,,1686839214
cancel,17198,,,1686839214
cancel,18075,,,1686839214
cancel,24957,,,1686839214
newOrder,17198,0,10730,1686839243
newOrder,18075,1,10730,1686839243
newOrder,10319,0,45365,1686839243
newOrder,24999,1,45365,1686839243
cancel,10319,,,1686839815
cancel,17198,,,1686839815
cancel,18075,,,1686839815
cancel,24999,,,1686839815
newOrder,17198,0,10731,1686839846
newOrder,18075,1,10731,1686839846
newOrder,10319,0,24688,1686839846
newOrder,24957,1,24688,1686839846
cancel,10319,,,1686840415
cancel,17198,,,1686840415
cancel,18075,,,1686840415
cancel,24957,,,1686840415
newOrder,17198,0,10733,1686840442
newOrder,18075,1,10733,1686840442
newOrder,10319,0,40014,1686840442
newOrder,24999,1,40014,1686840442
cancel,10319,,,1686841015
cancel,17198,,,1686841015
cancel,18075,,,1686841015
cancel,24999,,,1686841015
newOrder,17198,0,10734,1686841043
newOrder,18075,1,10734,1686841043
newOrder,10319,0,32112,1686841043
newOrder,24957,1,32112,1686841043
cancel,10319,,,1686841615
cancel,17198,,,1686841615
cancel,18075,,,1686841615
cancel,24957,,,1686841615
newOrder,17198,0,10735,1686841645
newOrder,18075,1,10735,1686841645
newOrder,10319,0,41211,1686841645
newOrder,24999,1,41211,1686841645
cancel,10319,,,1686842215
cancel,17198,,,1686842215
cancel,18075,,,1686842215
cancel,24999,,,1686842215
newOrder,17198,0,10737,1686842244
newOrder,18075,1,10737,1686842244
newOrder,10319,0,34511,1686842244
newOrder,24957,1,34511,1686842244
cancel,10319,,,1686842815
cancel,17198,,,1686842815
cancel,18075,,,1686842815
cancel,24957,,,1686842815
newOrder,17198,0,10738,1686842843
newOrder,18075,1,10738,1686842843
newOrder,10319,0,35968,1686842843
newOrder,24999,1,35968,1686842843
cancel,10319,,,1686843415
cancel,17198,,,1686843415
cancel,18075,,,1686843415
cancel,24999,,,1686843415
newOrder,17198,0,10739,1686843443
newOrder,18075,1,10739,1686843443
newOrder,12162,0,19860,1686843443
newOrder,24957,1,19860,1686843443
cancel,12162,,,1686844015
cancel,17198,,,1686844015
cancel,18075,,,1686844015
cancel,24957,,,1686844015
newOrder,17198,0,10741,1686844042
newOrder,18075,1,10741,1686844042
newOrder,15217,0,9859,1686844042
newOrder,19999,1,9859,1686844042
cancel,15217,,,1686844614
cancel,17198,,,1686844614
cancel,18075,,,1686844614
cancel,19999,,,1686844614
newOrder,17285,0,10744,1686844644
newOrder,18075,1,10744,1686844644
newOrder,10371,0,34248,1686844644
newOrder,24957,1,34248,1686844644
cancel,10371,,,1686845215
cancel,17285,,,1686845215
cancel,18075,,,1686845215
cancel,24957,,,1686845215
newOrder,17285,0,10745,1686845243
newOrder,18075,1,10745,1686845243
newOrder,10371,0,50907,1686845243
newOrder,24999,1,50907,1686845243
cancel,10371,,,1686845817
cancel,17285,,,1686845817
cancel,18075,,,1686845817
cancel,24999,,,1686845817
newOrder,17285,0,10746,1686845844
newOrder,18075,1,10746,1686845844
newOrder,10371,0,39504,1686845844
newOrder,24999,1,39504,1686845844
cancel,10371,,,1686846415
cancel,17285,,,1686846415
cancel,18075,,,1686846415
cancel,24999,,,1686846415
newOrder,17285,0,10748,1686846444
newOrder,18075,1,10748,1686846444
newOrder,10371,0,24866,1686846444
newOrder,24957,1,24866,1686846444
cancel,10371,,,1686847014
cancel,17285,,,1686847014
cancel,18075,,,1686847014
cancel,24957,,,1686847014
newOrder,17285,0,10749,1686847043
newOrder,18075,1,10749,1686847043
newOrder,10371,0,34239,1686847043
newOrder,24957,1,34239,1686847043
cancel,10371,,,1686847615
cancel,17285,,,1686847615
cancel,18075,,,1686847615
cancel,24957,,,1686847615
newOrder,17285,0,10750,1686847644
newOrder,18075,1,10750,1686847644
newOrder,12204,0,11324,1686847644
newOrder,24957,1,11324,1686847644
cancel,12204,,,1686848216
cancel,17285,,,1686848216
cancel,18075,,,1686848216
cancel,24957,,,1686848216
newOrder,17285,0,10752,1686848243
newOrder,18075,1,10752,1686848243
newOrder,10371,0,34097,1686848243
newOrder,24957,1,34097,1686848243
cancel,10371,,,1686848815
cancel,17285,,,1686848815
cancel,18075,,,1686848815
cancel,24957,,,1686848815
newOrder,17285,0,10753,1686848844
newOrder,18075,1,10753,1686848844
newOrder,12204,0,13047,1686848844
newOrder,24957,1,13047,1686848844
cancel,12204,,,1686849416
cancel,17285,,,1686849416
cancel,18075,,,1686849416
cancel,24957,,,1686849416
newOrder,17264,0,10754,1686849445
newOrder,18075,1,10754,1686849445
newOrder,10358,0,30083,1686849445
newOrder,24957,1,30083,1686849445
cancel,10358,,,1686850015
cancel,17264,,,1686850015
cancel,18075,,,1686850015
cancel,24957,,,1686850015
newOrder,17267,0,10756,1686850044
newOrder,18075,1,10756,1686850044
newOrder,12204,0,18878,1686850044
newOrder,24957,1,18878,1686850044
cancel,12204,,,1686850616
cancel,17267,,,1686850616
cancel,18075,,,1686850616
cancel,24957,,,1686850616
newOrder,17266,0,10757,1686850641
newOrder,18075,1,10757,1686850641
newOrder,12204,0,13361,1686850641
newOrder,24957,1,13361,1686850641
cancel,12204,,,1686851215
cancel,17266,,,1686851215
cancel,18075,,,1686851215
cancel,24957,,,1686851215
newOrder,17266,0,10758,1686851243
newOrder,18075,1,10758,1686851243
newOrder,15217,0,10575,1686851243
newOrder,19999,1,10575,1686851243
cancel,15217,,,1686851815
cancel,17266,,,1686851815
cancel,18075,,,1686851815
cancel,19999,,,1686851815
newOrder,17183,0,10757,1686851842
newOrder,18075,1,10757,1686851842
newOrder,10310,0,47316,1686851842
newOrder,24999,1,47316,1686851842
cancel,10310,,,1686852415
cancel,17183,,,1686852415
cancel,18075,,,1686852415
cancel,24999,,,1686852415
newOrder,17184,0,10758,1686852441
newOrder,18075,1,10758,1686852441
newOrder,10310,0,52159,1686852441
newOrder,24999,1,52159,1686852441
cancel,10310,,,1686853015
cancel,17184,,,1686853015
cancel,18075,,,1686853015
cancel,24999,,,1686853015
newOrder,17183,0,10759,1686853040
newOrder,18075,1,10759,1686853040
newOrder,12204,0,18551,1686853040
newOrder,24957,1,18551,1686853040
cancel,12204,,,1686853617
cancel,17183,,,1686853617
cancel,18075,,,1686853617
cancel,24957,,,1686853617
newOrder,17185,0,10761,1686853644
newOrder,18075,1,10761,1686853644
newOrder,12162,0,20702,1686853644
newOrder,24957,1,20702,1686853644
cancel,12162,,,1686854215
cancel,17185,,,1686854215
cancel,18075,,,1686854215
cancel,24957,,,1686854215
newOrder,17184,0,10762,1686854242
newOrder,18075,1,10762,1686854242
newOrder,12204,0,15559,1686854242
newOrder,24957,1,15559,1686854242
cancel,12204,,,1686854817
cancel,17184,,,1686854817
cancel,18075,,,1686854817
cancel,24957,,,1686854817
newOrder,17176,0,10763,1686854845
newOrder,18075,1,10763,1686854845
newOrder,15217,0,7723,1686854845
newOrder,19999,1,7723,1686854845
cancel,15217,,,1686855415
cancel,17176,,,1686855415
cancel,18075,,,1686855415
cancel,19999,,,1686855415
newOrder,17256,0,10768,1686855443
newOrder,18075,1,10768,1686855443
newOrder,15217,0,6996,1686855443
newOrder,19999,1,6996,1686855443
cancel,15217,,,1686856015
cancel,17256,,,1686856015
cancel,18075,,,1686856015
cancel,19999,,,1686856015
newOrder,17256,0,10769,1686856043
newOrder,18075,1,10769,1686856043
newOrder,12204,0,14044,1686856043
newOrder,24957,1,14044,1686856043
cancel,12204,,,1686856614
cancel,17256,,,1686856614
cancel,18075,,,1686856614
cancel,24957,,,1686856614
newOrder,17256,0,10770,1686856644
newOrder,18075,1,10770,1686856644
newOrder,10354,0,55977,1686856644
newOrder,24999,1,55977,1686856644
cancel,10354,,,1686857215
cancel,17256,,,1686857215
cancel,18075,,,1686857215
cancel,24999,,,1686857215
newOrder,17344,0,10770,1686857245
newOrder,18075,1,10770,1686857245
newOrder,12204,0,17769,1686857245
newOrder,24957,1,17769,1686857245
cancel,12204,,,1686857815
cancel,17344,,,1686857815
cancel,18075,,,1686857815
cancel,24957,,,1686857815
newOrder,17432,0,10764,1686857844
newOrder,18075,1,10764,1686857844
newOrder,12204,0,14616,1686857844
newOrder,24957,1,14616,1686857844
cancel,12204,,,1686858415
cancel,17432,,,1686858415
cancel,18075,,,1686858415
cancel,24957,,,1686858415
newOrder,17519,0,10753,1686858444
newOrder,18075,1,10753,1686858444
newOrder,15217,0,9188,1686858444
newOrder,19999,1,9188,1686858444
cancel,15217,,,1686859015
cancel,17519,,,1686859015
cancel,18075,,,1686859015
cancel,19999,,,1686859015
newOrder,17519,0,10754,1686859042
newOrder,18075,1,10754,1686859042
newOrder,15217,0,7030,1686859042
newOrder,19999,1,7030,1686859042
cancel,15217,,,1686859615
cancel,17519,,,1686859615
cancel,18075,,,1686859615
cancel,19999,,,1686859615
newOrder,17519,0,10756,1686859643
newOrder,18075,1,10756,1686859643
newOrder,12204,0,13988,1686859643
newOrder,24957,1,13988,1686859643
cancel,12204,,,1686860216
cancel,17519,,,1686860216
cancel,18075,,,1686860216
cancel,24957,,,1686860216
newOrder,17519,0,10757,1686860245
newOrder,18075,1,10757,1686860245
newOrder,15217,0,7880,1686860245
newOrder,19999,1,7880,1686860245
cancel,15217,,,1686860815
cancel,17519,,,1686860815
cancel,18075,,,1686860815
cancel,19999,,,1686860815
newOrder,17506,0,10760,1686860845
newOrder,18075,1,10760,1686860845
newOrder,15217,0,6637,1686860845
newOrder,19999,1,6637,1686860845
cancel,15217,,,1686861415
cancel,17506,,,1686861415
cancel,18075,,,1686861415
cancel,19999,,,1686861415
newOrder,17506,0,10762,1686861443
newOrder,18075,1,10762,1686861443
newOrder,10504,0,33185,1686861443
newOrder,24957,1,33185,1686861443
cancel,10504,,,1686862016
cancel,17506,,,1686862016
cancel,18075,,,1686862016
cancel,24957,,,1686862016
newOrder,17510,0,10763,1686862044
newOrder,18075,1,10763,1686862044
newOrder,10506,0,36788,1686862044
newOrder,24999,1,36788,1686862044
cancel,10506,,,1686862615
cancel,17510,,,1686862615
cancel,18075,,,1686862615
cancel,24999,,,1686862615
newOrder,17510,0,10764,1686862645
newOrder,18075,1,10764,1686862645
newOrder,10506,0,45161,1686862645
newOrder,24999,1,45161,1686862645
cancel,10506,,,1686863215
cancel,17510,,,1686863215
cancel,18075,,,1686863215
cancel,24999,,,1686863215
newOrder,17370,0,10782,1686863244
newOrder,18075,1,10782,1686863244
newOrder,12013,0,22103,1686863244
newOrder,24957,1,22103,1686863244
cancel,12013,,,1686863814
cancel,17370,,,1686863814
cancel,18075,,,1686863814
cancel,24957,,,1686863814
newOrder,17471,0,10773,1686863846
newOrder,18075,1,10773,1686863846
newOrder,10483,0,23442,1686863846
newOrder,24957,1,23442,1686863846
cancel,10483,,,1686864416
cancel,17471,,,1686864416
cancel,18075,,,1686864416
cancel,24957,,,1686864416
newOrder,17471,0,10774,1686864444
newOrder,18075,1,10774,1686864444
newOrder,10483,0,56711,1686864444
newOrder,24999,1,56711,1686864444
cancel,10483,,,1686865015
cancel,17471,,,1686865015
cancel,18075,,,1686865015
cancel,24999,,,1686865015
newOrder,17471,0,10775,1686865043
newOrder,18075,1,10775,1686865043
newOrder,10483,0,53984,1686865043
newOrder,24999,1,53984,1686865043
cancel,10483,,,1686865616
cancel,17471,,,1686865616
cancel,18075,,,1686865616
cancel,24999,,,1686865616
newOrder,17471,0,10777,1686865643
newOrder,18075,1,10777,1686865643
newOrder,10483,0,32616,1686865643
newOrder,24957,1,32616,1686865643
cancel,10483,,,1686866216
cancel,17471,,,1686866216
cancel,18075,,,1686866216
cancel,24957,,,1686866216
newOrder,17471,0,10778,1686866245
newOrder,18075,1,10778,1686866245
newOrder,10483,0,38462,1686866245
newOrder,24999,1,38462,1686866245
cancel,10483,,,1686866815
cancel,17471,,,1686866815
cancel,18075,,,1686866815
cancel,24999,,,1686866815
newOrder,17471,0,10780,1686866842
newOrder,18075,1,10780,1686866842
newOrder,10483,0,39336,1686866842
newOrder,24999,1,39336,1686866842
cancel,10483,,,1686867415
cancel,17471,,,1686867415
cancel,18075,,,1686867415
cancel,24999,,,1686867415
newOrder,17471,0,10781,1686867443
newOrder,18075,1,10781,1686867443
newOrder,10483,0,31934,1686867443
newOrder,24957,1,31934,1686867443
cancel,10483,,,1686868015
cancel,17471,,,1686868015
cancel,18075,,,1686868015
cancel,24957,,,1686868015
newOrder,17471,0,10782,1686868043
newOrder,18075,1,10782,1686868043
newOrder,10483,0,32916,1686868043
newOrder,24957,1,32916,1686868043
cancel,10483,,,1686868615
cancel,17471,,,1686868615
cancel,18075,,,1686868615
cancel,24957,,,1686868615
newOrder,17414,0,10791,1686868643
newOrder,18075,1,10791,1686868643
newOrder,10448,0,34362,1686868643
newOrder,24957,1,34362,1686868643
cancel,10448,,,1686869215
cancel,17414,,,1686869215
cancel,18075,,,1686869215
cancel,24957,,,1686869215
newOrder,17413,0,10792,1686869245
newOrder,18075,1,10792,1686869245
newOrder,10448,0,39835,1686869245
newOrder,24999,1,39835,1686869245
cancel,10448,,,1686869815
cancel,17413,,,1686869815
cancel,18075,,,1686869815
cancel,24999,,,1686869815
newOrder,17413,0,10793,1686869843
newOrder,18075,1,10793,1686869843
newOrder,10448,0,32428,1686869843
newOrder,24957,1,32428,1686869843
cancel,10448,,,1686870415
cancel,17413,,,1686870415
cancel,18075,,,1686870415
cancel,24957,,,1686870415
newOrder,17413,0,10795,1686870445
newOrder,18075,1,10795,1686870445
newOrder,10448,0,41930,1686870445
newOrder,24999,1,41930,1686870445
cancel,10448,,,1686871015
cancel,17413,,,1686871015
cancel,18075,,,1686871015
cancel,24999,,,1686871015
newOrder,17413,0,10796,1686871043
newOrder,18075,1,10796,1686871043
newOrder,10448,0,44516,1686871043
newOrder,24999,1,44516,1686871043
cancel,10448,,,1686871615
cancel,17413,,,1686871615
cancel,18075,,,1686871615
cancel,24999,,,1686871615
newOrder,17413,0,10798,1686871643
newOrder,18075,1,10798,1686871643
newOrder,10448,0,57158,1686871643
newOrder,24999,1,57158,1686871643
cancel,10448,,,1686872215
cancel,17413,,,1686872215
cancel,18075,,,1686872215
cancel,24999,,,1686872215
newOrder,17413,0,10799,1686872245
newOrder,18075,1,10799,1686872245
newOrder,10448,0,29867,1686872245
newOrder,24957,1,29867,1686872245
cancel,10448,,,1686872815
cancel,17413,,,1686872815
cancel,18075,,,1686872815
cancel,24957,,,1686872815
newOrder,17413,0,10800,1686872844
newOrder,18075,1,10800,1686872844
newOrder,10448,0,55289,1686872844
newOrder,24999,1,55289,1686872844
cancel,10448,,,1686873415
cancel,17413,,,1686873415
cancel,18075,,,1686873415
cancel,24999,,,1686873415
newOrder,17388,0,10804,1686873442
newOrder,18075,1,10804,1686873442
newOrder,10433,0,57733,1686873442
newOrder,24999,1,57733,1686873442
cancel,10433,,,1686874015
cancel,17388,,,1686874015
cancel,18075,,,1686874015
cancel,24999,,,1686874015
newOrder,17389,0,10805,1686874042
newOrder,18075,1,10805,1686874042
newOrder,10434,0,47035,1686874042
newOrder,24999,1,47035,1686874042
cancel,10434,,,1686874617
cancel,17389,,,1686874617
cancel,18075,,,1686874617
cancel,24999,,,1686874617
newOrder,17474,0,10797,1686874646
newOrder,18075,1,10797,1686874646
newOrder,10484,0,55861,1686874646
newOrder,24999,1,55861,1686874646
cancel,10484,,,1686875215
cancel,17474,,,1686875215
cancel,18075,,,1686875215
cancel,24999,,,1686875215
newOrder,17474,0,10799,1686875243
newOrder,18075,1,10799,1686875243
newOrder,15217,0,7827,1686875243
newOrder,19999,1,7827,1686875243
cancel,15217,,,1686875815
cancel,17474,,,1686875815
cancel,18075,,,1686875815
cancel,19999,,,1686875815
newOrder,17474,0,10800,1686875843
newOrder,18075,1,10800,1686875843
newOrder,10484,0,42963,1686875843
newOrder,24999,1,42963,1686875843
cancel,10484,,,1686876415
cancel,17474,,,1686876415
cancel,18075,,,1686876415
cancel,24999,,,1686876415
newOrder,17474,0,10801,1686876443
newOrder,18075,1,10801,1686876443
newOrder,12204,0,18757,1686876443
newOrder,24957,1,18757,1686876443
cancel,12204,,,1686877015
cancel,17474,,,1686877015
cancel,18075,,,1686877015
cancel,24957,,,1686877015
newOrder,17474,0,10803,1686877043
newOrder,18075,1,10803,1686877043
newOrder,10484,0,24794,1686877043
newOrder,24957,1,24794,1686877043
cancel,10484,,,1686877615
cancel,17474,,,1686877615
cancel,18075,,,1686877615
cancel,24957,,,1686877615
newOrder,17474,0,10804,1686877643
newOrder,18075,1,10804,1686877643
newOrder,10484,0,28202,1686877643
newOrder,24957,1,28202,1686877643
cancel,10484,,,1686878216
cancel,17474,,,1686878216
cancel,18075,,,1686878216
cancel,24957,,,1686878216
newOrder,17474,0,10806,1686878244
newOrder,18075,1,10806,1686878244
newOrder,10484,0,52075,1686878244
newOrder,24999,1,52075,1686878244
cancel,10484,,,1686878815
cancel,17474,,,1686878815
cancel,18075,,,1686878815
cancel,24999,,,1686878815
newOrder,17474,0,10807,1686878843
newOrder,18075,1,10807,1686878843
newOrder,10484,0,23735,1686878843
newOrder,24957,1,23735,1686878843
cancel,10484,,,1686879415
cancel,17474,,,1686879415
cancel,18075,,,1686879415
cancel,24957,,,1686879415
newOrder,17474,0,10808,1686879443
newOrder,18075,1,10808,1686879443
newOrder,10484,0,44915,1686879443
newOrder,24999,1,44915,1686879443
cancel,10484,,,1686880016
cancel,17474,,,1686880016
cancel,18075,,,1686880016
cancel,24999,,,1686880016
newOrder,17474,0,10810,1686880043
newOrder,18075,1,10810,1686880043
newOrder,15217,0,8533,1686880043
newOrder,19999,1,8533,1686880043
cancel,15217,,,1686880615
cancel,17474,,,1686880615
cancel,18075,,,1686880615
cancel,19999,,,1686880615
newOrder,17474,0,10811,1686880645
newOrder,18075,1,10811,1686880645
newOrder,10484,0,50595,1686880645
newOrder,24999,1,50595,1686880645
cancel,10484,,,1686881216
cancel,17474,,,1686881216
cancel,18075,,,1686881216
cancel,24999,,,1686881216
newOrder,17474,0,10813,1686881244
newOrder,18075,1,10813,1686881244
newOrder,10484,0,30105,1686881244
newOrder,24957,1,30105,1686881244
cancel,10484,,,1686881815
cancel,17474,,,1686881815
cancel,18075,,,1686881815
cancel,24957,,,1686881815
newOrder,17474,0,10814,1686881843
newOrder,18075,1,10814,1686881843
newOrder,10484,0,46906,1686881843
newOrder,24999,1,46906,1686881843
cancel,10484,,,1686882416
cancel,17474,,,1686882416
cancel,18075,,,1686882416
cancel,24999,,,1686882416
newOrder,17474,0,10815,1686882443
newOrder,18075,1,10815,1686882443
newOrder,10484,0,40209,1686882443
newOrder,24999,1,40209,1686882443
cancel,10484,,,1686883017
cancel,17474,,,1686883017
cancel,18075,,,1686883017
cancel,24999,,,1686883017
newOrder,17474,0,10817,1686883044
newOrder,18075,1,10817,1686883044
newOrder,10484,0,35902,1686883044
newOrder,24957,1,35902,1686883044
cancel,10484,,,1686883615
cancel,17474,,,1686883615
cancel,18075,,,1686883615
cancel,24957,,,1686883615
newOrder,17474,0,10818,1686883642
newOrder,18075,1,10818,1686883642
newOrder,10484,0,23528,1686883642
newOrder,24957,1,23528,1686883642
cancel,10484,,,1686884215
cancel,17474,,,1686884215
cancel,18075,,,1686884215
cancel,24957,,,1686884215
newOrder,17474,0,10819,1686884242
newOrder,18075,1,10819,1686884242
newOrder,10484,0,52037,1686884242
newOrder,24999,1,52037,1686884242
cancel,10484,,,1686884816
cancel,17474,,,1686884816
cancel,18075,,,1686884816
cancel,24999,,,1686884816
newOrder,17474,0,10821,1686884842
newOrder,18075,1,10821,1686884842
newOrder,10484,0,36570,1686884842
newOrder,24999,1,36570,1686884842
cancel,10484,,,1686885415
cancel,17474,,,1686885415
cancel,18075,,,1686885415
cancel,24999,,,1686885415
newOrder,17474,0,10822,1686885442
newOrder,18075,1,10822,1686885442
newOrder,10484,0,50563,1686885442
newOrder,24999,1,50563,1686885442
cancel,10484,,,1686886015
cancel,17474,,,1686886015
cancel,18075,,,1686886015
cancel,24999,,,1686886015
newOrder,17474,0,10824,1686886043
newOrder,18075,1,10824,1686886043
newOrder,15217,0,9156,1686886043
newOrder,19999,1,9156,1686886043
cancel,15217,,,1686886615
cancel,17474,,,1686886615
cancel,18075,,,1686886615
cancel,19999,,,1686886615
newOrder,17414,0,10832,1686886644
newOrder,18075,1,10832,1686886644
newOrder,10448,0,25811,1686886644
newOrder,24957,1,25811,1686886644
cancel,10448,,,1686887215
cancel,17414,,,1686887215
cancel,18075,,,1686887215
cancel,24957,,,1686887215
newOrder,17356,0,10838,1686887242
newOrder,18075,1,10838,1686887242
newOrder,15217,0,9611,1686887242
newOrder,19999,1,9611,1686887242
cancel,15217,,,1686887815
cancel,17356,,,1686887815
cancel,18075,,,1686887815
cancel,19999,,,1686887815
newOrder,17354,0,10839,1686887842
newOrder,18075,1,10839,1686887842
newOrder,10412,0,51443,1686887842
newOrder,24999,1,51443,1686887842
cancel,10412,,,1686888415
cancel,17354,,,1686888415
cancel,18075,,,1686888415
cancel,24999,,,1686888415
newOrder,17354,0,10841,1686888442
newOrder,18075,1,10841,1686888442
newOrder,15217,0,8789,1686888442
newOrder,19999,1,8789,1686888442
cancel,15217,,,1686889015
cancel,17354,,,1686889015
cancel,18075,,,1686889015
cancel,19999,,,1686889015
newOrder,17356,0,10842,1686889044
newOrder,18075,1,10842,1686889044
newOrder,10414,0,44532,1686889044
newOrder,24999,1,44532,1686889044
cancel,10414,,,1686889615
cancel,17356,,,1686889615
cancel,18075,,,1686889615
cancel,24999,,,1686889615
newOrder,17356,0,10843,1686889642
newOrder,18075,1,10843,1686889642
newOrder,15217,0,7550,1686889642
newOrder,19999,1,7550,1686889642
cancel,15217,,,1686890215
cancel,17356,,,1686890215
cancel,18075,,,1686890215
cancel,19999,,,1686890215
newOrder,17356,0,10845,1686890245
newOrder,18075,1,10845,1686890245
newOrder,10414,0,29409,1686890245
newOrder,24957,1,29409,1686890245
cancel,10414,,,1686890815
cancel,17356,,,1686890815
cancel,18075,,,1686890815
cancel,24957,,,1686890815
newOrder,17359,0,10846,1686890844
newOrder,18075,1,10846,1686890844
newOrder,15217,0,9154,1686890844
newOrder,19999,1,9154,1686890844
cancel,15217,,,1686891416
cancel,17359,,,1686891416
cancel,18075,,,1686891416
cancel,19999,,,1686891416
newOrder,17357,0,10847,1686891444
newOrder,18075,1,10847,1686891444
newOrder,10414,0,24915,1686891444
newOrder,24957,1,24915,1686891444
cancel,10414,,,1686892015
cancel,17357,,,1686892015
cancel,18075,,,1686892015
cancel,24957,,,1686892015
newOrder,17357,0,10849,1686892043
newOrder,18075,1,10849,1686892043
newOrder,10414,0,46364,1686892043
newOrder,24999,1,46364,1686892043
cancel,10414,,,1686892616
cancel,17357,,,1686892616
cancel,18075,,,1686892616
cancel,24999,,,1686892616
newOrder,17357,0,10850,1686892644
newOrder,18075,1,10850,1686892644
newOrder,10414,0,36597,1686892644
newOrder,24999,1,36597,1686892644
cancel,10414,,,1686893214
cancel,17357,,,1686893214
cancel,18075,,,1686893214
cancel,24999,,,1686893214
newOrder,17358,0,10852,1686893243
newOrder,18075,1,10852,1686893243
newOrder,10415,0,41942,1686893243
newOrder,24999,1,41942,1686893243
cancel,10415,,,1686893816
cancel,17358,,,1686893816
cancel,18075,,,1686893816
cancel,24999,,,1686893816
newOrder,17358,0,10853,1686893843
newOrder,18075,1,10853,1686893843
newOrder,10415,0,33375,1686893843
newOrder,24957,1,33375,1686893843
cancel,10415,,,1686894415
cancel,17358,,,1686894415
cancel,18075,,,1686894415
cancel,24957,,,1686894415
newOrder,17357,0,10854,1686894442
newOrder,18075,1,10854,1686894442
newOrder,10414,0,40302,1686894442
newOrder,24999,1,40302,1686894442
cancel,10414,,,1686895015
cancel,17357,,,1686895015
cancel,18075,,,1686895015
cancel,24999,,,1686895015
newOrder,17355,0,10856,1686895042
newOrder,18075,1,10856,1686895042
newOrder,12204,0,14529,1686895042
newOrder,24957,1,14529,1686895042
cancel,12204,,,1686895616
cancel,17355,,,1686895616
cancel,18075,,,1686895616
cancel,24957,,,1686895616
newOrder,17357,0,10857,1686895645
newOrder,18075,1,10857,1686895645
newOrder,10414,0,34312,1686895645
newOrder,24957,1,34312,1686895645
cancel,10414,,,1686896214
cancel,17357,,,1686896214
cancel,18075,,,1686896214
cancel,24957,,,1686896214
newOrder,17354,0,10859,1686896242
newOrder,18075,1,10859,1686896242
newOrder,10413,0,55181,1686896242
newOrder,24999,1,55181,1686896242
cancel,10413,,,1686896815
cancel,17354,,,1686896815
cancel,18075,,,1686896815
cancel,24999,,,1686896815
newOrder,17354,0,10860,1686896843
newOrder,18075,1,10860,1686896843
newOrder,10412,0,37577,1686896843
newOrder,24999,1,37577,1686896843
cancel,10412,,,1686897415
cancel,17354,,,1686897415
cancel,18075,,,1686897415
cancel,24999,,,1686897415
newOrder,17371,0,10861,1686897441
newOrder,18075,1,10861,1686897441
newOrder,10423,0,29157,1686897441
newOrder,24957,1,29157,1686897441
cancel,10423,,,1686898015
cancel,17371,,,1686898015
cancel,18075,,,1686898015
cancel,24957,,,1686898015
newOrder,17368,0,10862,1686898042
newOrder,18075,1,10862,1686898042
newOrder,10421,0,32085,1686898042
newOrder,24957,1,32085,1686898042
cancel,10421,,,1686898615
cancel,17368,,,1686898615
cancel,18075,,,1686898615
cancel,24957,,,1686898615
newOrder,17370,0,10863,1686898644
newOrder,18075,1,10863,1686898644
newOrder,10422,0,47516,1686898644
newOrder,24999,1,47516,1686898644
cancel,10422,,,1686899214
cancel,17370,,,1686899214
cancel,18075,,,1686899214
cancel,24999,,,1686899214
newOrder,17369,0,10865,1686899241
newOrder,18075,1,10865,1686899241
newOrder,10422,0,24916,1686899241
newOrder,24957,1,24916,1686899241
cancel,10422,,,1686899815
cancel,17369,,,1686899815
cancel,18075,,,1686899815
cancel,24957,,,1686899815
newOrder,17307,0,10869,1686899843
newOrder,18075,1,10869,1686899843
newOrder,10384,0,31381,1686899843
newOrder,24957,1,31381,1686899843
cancel,10384,,,1686900415
cancel,17307,,,1686900415
cancel,18075,,,1686900415
cancel,24957,,,1686900415
newOrder,17297,0,10870,1686900437
newOrder,18075,1,10870,1686900437
newOrder,12162,0,19407,1686900437
newOrder,24957,1,19407,1686900437
cancel,12162,,,1686901015
cancel,17297,,,1686901015
cancel,18075,,,1686901015
cancel,24957,,,1686901015
newOrder,17298,0,10871,1686901036
newOrder,18075,1,10871,1686901036
newOrder,15217,0,10575,1686901036
newOrder,19999,1,10575,1686901036
cancel,15217,,,1686901615
cancel,17298,,,1686901615
cancel,18075,,,1686901615
cancel,19999,,,1686901615
newOrder,17301,0,10873,1686901636
newOrder,18075,1,10873,1686901636
newOrder,10381,0,34957,1686901636
newOrder,24957,1,34957,1686901636
cancel,10381,,,1686902215
cancel,17301,,,1686902215
cancel,18075,,,1686902215
cancel,24957,,,1686902215
newOrder,17300,0,10874,1686902237
newOrder,18075,1,10874,1686902237
newOrder,10380,0,36787,1686902237
newOrder,24999,1,36787,1686902237
cancel,10380,,,1686902815
cancel,17300,,,1686902815
cancel,18075,,,1686902815
cancel,24999,,,1686902815
newOrder,17290,0,10876,1686902836
newOrder,18075,1,10876,1686902836
newOrder,12204,0,13304,1686902836
newOrder,24957,1,13304,1686902836
cancel,12204,,,1686903415
cancel,17290,,,1686903415
cancel,18075,,,1686903415
cancel,24957,,,1686903415
newOrder,17291,0,10877,1686903436
newOrder,18075,1,10877,1686903436
newOrder,10375,0,52643,1686903436
newOrder,24999,1,52643,1686903436
cancel,10375,,,1686904014
cancel,17291,,,1686904014
cancel,18075,,,1686904014
cancel,24999,,,1686904014
newOrder,17311,0,10878,1686904036
newOrder,18075,1,10878,1686904036
newOrder,10386,0,35601,1686904036
newOrder,24957,1,35601,1686904036
cancel,10386,,,1686904615
cancel,17311,,,1686904615
cancel,18075,,,1686904615
cancel,24957,,,1686904615
newOrder,17322,0,10879,1686904636
newOrder,18075,1,10879,1686904636
newOrder,12204,0,17958,1686904636
newOrder,24957,1,17958,1686904636
cancel,12204,,,1686905215
cancel,17322,,,1686905215
cancel,18075,,,1686905215
cancel,24957,,,1686905215
newOrder,17322,0,10881,1686905240
newOrder,18075,1,10881,1686905240
newOrder,10393,0,31538,1686905240
newOrder,24957,1,31538,1686905240
cancel,10393,,,1686905817
cancel,17322,,,1686905817
cancel,18075,,,1686905817
cancel,24957,,,1686905817
newOrder,17322,0,10882,1686905842
newOrder,18075,1,10882,1686905842
newOrder,12204,0,18324,1686905842
newOrder,24957,1,18324,1686905842
cancel,12204,,,1686906414
cancel,17322,,,1686906414
cancel,18075,,,1686906414
cancel,24957,,,1686906414
newOrder,17325,0,10884,1686906438
newOrder,18075,1,10884,1686906438
newOrder,12204,0,18832,1686906438
newOrder,24957,1,18832,1686906438
cancel,12204,,,1686907015
cancel,17325,,,1686907015
cancel,18075,,,1686907015
cancel,24957,,,1686907015
newOrder,17324,0,10885,1686907037
newOrder,18075,1,10885,1686907037
newOrder,10395,0,47345,1686907037
newOrder,24999,1,47345,1686907037
cancel,10395,,,1686907615
cancel,17324,,,1686907615
cancel,18075,,,1686907615
cancel,24999,,,1686907615
newOrder,17323,0,10886,1686907636
newOrder,18075,1,10886,1686907636
newOrder,10394,0,50689,1686907636
newOrder,24999,1,50689,1686907636
cancel,10394,,,1686908215
cancel,17323,,,1686908215
cancel,18075,,,1686908215
cancel,24999,,,1686908215
newOrder,17322,0,10888,1686908236
newOrder,18075,1,10888,1686908236
newOrder,12162,0,21335,1686908236
newOrder,24957,1,21335,1686908236
cancel,12162,,,1686908815
cancel,17322,,,1686908815
cancel,18075,,,1686908815
cancel,24957,,,1686908815
newOrder,17324,0,10889,1686908838
newOrder,18075,1,10889,1686908838
newOrder,10394,0,33290,1686908838
newOrder,24957,1,33290,1686908838
cancel,10394,,,1686909415
cancel,17324,,,1686909415
cancel,18075,,,1686909415
cancel,24957,,,1686909415
newOrder,17324,0,10891,1686909437
newOrder,18075,1,10891,1686909437
newOrder,10394,0,54075,1686909437
newOrder,24999,1,54075,1686909437
cancel,10394,,,1686910015
cancel,17324,,,1686910015
cancel,18075,,,1686910015
cancel,24999,,,1686910015
newOrder,17323,0,10892,1686910039
newOrder,18075,1,10892,1686910039
newOrder,10394,0,41277,1686910039
newOrder,24999,1,41277,1686910039
cancel,10394,,,1686910615
cancel,17323,,,1686910615
cancel,18075,,,1686910615
cancel,24999,,,1686910615
newOrder,17323,0,10893,1686910637
newOrder,18075,1,10893,1686910637
newOrder,10394,0,53607,1686910637
newOrder,24999,1,53607,1686910637
cancel,10394,,,1686911215
cancel,17323,,,1686911215
cancel,18075,,,1686911215
cancel,24999,,,1686911215
newOrder,17268,0,10895,1686911238
newOrder,18075,1,10895,1686911238
newOrder,10361,0,51089,1686911238
newOrder,24999,1,51089,1686911238
cancel,10361,,,1686911815
cancel,17268,,,1686911815
cancel,18075,,,1686911815
cancel,24999,,,1686911815
newOrder,17268,0,10896,1686911837
newOrder,18075,1,10896,1686911837
newOrder,14002,0,11335,1686911837
newOrder,24957,1,11335,1686911837
cancel,14002,,,1686912415
cancel,17268,,,1686912415
cancel,18075,,,1686912415
cancel,24957,,,1686912415
newOrder,17168,0,10892,1686912436
newOrder,18075,1,10892,1686912436
newOrder,10301,0,43577,1686912436
newOrder,24999,1,43577,1686912436
cancel,10301,,,1686913015
cancel,17168,,,1686913015
cancel,18075,,,1686913015
cancel,24999,,,1686913015
newOrder,17216,0,10897,1686913036
newOrder,18075,1,10897,1686913036
newOrder,10330,0,26294,1686913036
newOrder,24957,1,26294,1686913036
cancel,10330,,,1686913615
cancel,17216,,,1686913615
cancel,18075,,,1686913615
cancel,24957,,,1686913615
newOrder,17180,0,10896,1686913636
newOrder,18075,1,10896,1686913636
newOrder,10308,0,57412,1686913636
newOrder,24999,1,57412,1686913636
cancel,10308,,,1686914215
cancel,17180,,,1686914215
cancel,18075,,,1686914215
cancel,24999,,,1686914215
newOrder,17162,0,10895,1686914236
newOrder,18075,1,10895,1686914236
newOrder,10297,0,51725,1686914236
newOrder,24999,1,51725,1686914236
cancel,10297,,,1686914815
cancel,17162,,,1686914815
cancel,18075,,,1686914815
cancel,24999,,,1686914815
newOrder,17164,0,10897,1686914837
newOrder,18075,1,10897,1686914837
newOrder,12204,0,18735,1686914837
newOrder,24957,1,18735,1686914837
cancel,12204,,,1686915415
cancel,17164,,,1686915415
cancel,18075,,,1686915415
cancel,24957,,,1686915415
newOrder,17164,0,10898,1686915439
newOrder,18075,1,10898,1686915439
newOrder,10298,0,50598,1686915439
newOrder,24999,1,50598,1686915439
cancel,10298,,,1686916015
cancel,17164,,,1686916015
cancel,18075,,,1686916015
cancel,24999,,,1686916015
newOrder,17162,0,10899,1686916036
newOrder,18075,1,10899,1686916036
newOrder,10297,0,43056,1686916036
newOrder,24999,1,43056,1686916036
cancel,10297,,,1686916615
cancel,17162,,,1686916615
cancel,18075,,,1686916615
cancel,24999,,,1686916615
newOrder,17162,0,10901,1686916637
newOrder,18075,1,10901,1686916637
newOrder,10297,0,43703,1686916637
newOrder,24999,1,43703,1686916637
cancel,10297,,,1686917215
cancel,17162,,,1686917215
cancel,18075,,,1686917215
cancel,24999,,,1686917215
newOrder,17161,0,10902,1686917237
newOrder,18075,1,10902,1686917237
newOrder,10297,0,41140,1686917237
newOrder,24999,1,41140,1686917237