instruction,price,side,qty,time
cancel,11878,,,1679228390
cancel,19797,,,1679228390
cancel,19963,,,1679228390
cancel,24999,,,1679228390
newOrder,19817,0,17521,1679228406
newOrder,19983,1,17521,1679228406
newOrder,11890,0,80408,1679228406
newOrder,24999,1,80408,1679228406
cancel,11890,,,1679228990
cancel,19817,,,1679228990
cancel,19983,,,1679228990
cancel,24999,,,1679228990
newOrder,19898,0,17472,1679229005
newOrder,20066,1,17472,1679229005
newOrder,11939,0,84335,1679229005
newOrder,24999,1,84335,1679229005
cancel,11939,,,1679229590
cancel,19898,,,1679229590
cancel,20066,,,1679229590
cancel,24999,,,1679229590
newOrder,20014,0,17384,1679229604
newOrder,20182,1,17384,1679229604
newOrder,12008,0,31796,1679229604
newOrder,24999,1,31796,1679229604
cancel,12008,,,1679230189
cancel,20014,,,1679230189
cancel,20182,,,1679230189
cancel,24999,,,1679230189
newOrder,19868,0,17501,1679230204
newOrder,20035,1,17501,1679230204
newOrder,11921,0,39737,1679230204
newOrder,24999,1,39737,1679230204
cancel,11921,,,1679230790
cancel,19868,,,1679230790
cancel,20035,,,1679230790
cancel,24999,,,1679230790
newOrder,19727,0,17582,1679230805
newOrder,19893,1,17582,1679230805
newOrder,11836,0,41811,1679230805
newOrder,24999,1,41811,1679230805
cancel,11836,,,1679231390
cancel,19727,,,1679231390
cancel,19893,,,1679231390
cancel,24999,,,1679231390
newOrder,19727,0,17586,1679231403
newOrder,19893,1,17586,1679231403
newOrder,11836,0,54127,1679231403
newOrder,24999,1,54127,1679231403
cancel,11836,,,1679231990
cancel,19727,,,1679231990
cancel,19893,,,1679231990
cancel,24999,,,1679231990
newOrder,19699,0,17602,1679232005
newOrder,19864,1,17602,1679232005
newOrder,11819,0,35574,1679232005
newOrder,24999,1,35574,1679232005
cancel,11819,,,1679232590
cancel,19699,,,1679232590
cancel,19864,,,1679232590
cancel,24999,,,1679232590
newOrder,19700,0,17605,1679232603
newOrder,19866,1,17605,1679232603
newOrder,14001,0,15539,1679232603
newOrder,22584,1,15539,1679232603
cancel,14001,,,1679233190
cancel,19700,,,1679233190
cancel,19866,,,1679233190
cancel,22584,,,1679233190
newOrder,19700,0,17609,1679233203
newOrder,19866,1,17609,1679233203
newOrder,11820,0,92638,1679233203
newOrder,24999,1,92638,1679233203
cancel,11820,,,1679233790
cancel,19700,,,1679233790
cancel,19866,,,1679233790
cancel,24999,,,1679233790
newOrder,19699,0,17614,1679233804
newOrder,19864,1,17614,1679233804
newOrder,11819,0,73254,1679233804
newOrder,24999,1,73254,1679233804
cancel,11819,,,1679234390
cancel,19699,,,1679234390
cancel,19864,,,1679234390
cancel,24999,,,1679234390
newOrder,19700,0,17617,1679234404
newOrder,19865,1,17617,1679234404
newOrder,11820,0,68130,1679234404
newOrder,24999,1,68130,1679234404
cancel,11820,,,1679234989
cancel,19700,,,1679234989
cancel,19865,,,1679234989
cancel,24999,,,1679234989
newOrder,19701,0,17621,1679235004
newOrder,19867,1,17621,1679235004
newOrder,11821,0,85807,1679235004
newOrder,24999,1,85807,1679235004
cancel,11821,,,1679235589
cancel,19701,,,1679235589
cancel,19867,,,1679235589
cancel,24999,,,1679235589
newOrder,19701,0,17625,1679235604
newOrder,19867,1,17625,1679235604
newOrder,11821,0,56327,1679235604
newOrder,24999,1,56327,1679235604
cancel,11821,,,1679236190
cancel,19701,,,1679236190
cancel,19867,,,1679236190
cancel,24999,,,1679236190
newOrder,19682,0,17636,1679236206
newOrder,19847,1,17636,1679236206
newOrder,14001,0,13319,1679236206
newOrder,22584,1,13319,1679236206
cancel,14001,,,1679236790
cancel,19682,,,1679236790
cancel,19847,,,1679236790
cancel,22584,,,1679236790
newOrder,19571,0,17669,1679236804
newOrder,19736,1,17669,1679236804
newOrder,13003,0,30729,1679236804
newOrder,24999,1,30729,1679236804
cancel,13003,,,1679237390
cancel,19571,,,1679237390
cancel,19736,,,1679237390
cancel,24999,,,1679237390
newOrder,19492,0,17682,1679237404
newOrder,19656,1,17682,1679237404
newOrder,11695,0,49157,1679237404
newOrder,24999,1,49157,1679237404
cancel,11695,,,1679237681
cancel,19492,,,1679237681
cancel,19656,,,1679237681
cancel,24999,,,1679237681
newOrder,19491,0,17684,1679237696
newOrder,20084,1,17684,1679237696
newOrder,11695,0,94301,1679237696
newOrder,24999,1,94301,1679237696
cancel,11695,,,1679238311
cancel,19491,,,1679238311
cancel,20084,,,1679238311
cancel,24999,,,1679238311
newOrder,19490,0,17688,1679238329
newOrder,20084,1,17688,1679238329
newOrder,14001,0,11983,1679238329
newOrder,22584,1,11983,1679238329
cancel,14001,,,1679238910
cancel,19490,,,1679238910
cancel,20084,,,1679238910
cancel,22584,,,1679238910
newOrder,19493,0,17692,1679238925
newOrder,20084,1,17692,1679238925
newOrder,11696,0,91456,1679238925
newOrder,24999,1,91456,1679238925
cancel,11696,,,1679239510
cancel,19493,,,1679239510
cancel,20084,,,1679239510
cancel,24999,,,1679239510
newOrder,19492,0,17696,1679239526
newOrder,20084,1,17696,1679239526
newOrder,14001,0,14772,1679239526
newOrder,22584,1,14772,1679239526
cancel,14001,,,1679240111
cancel,19492,,,1679240111
cancel,20084,,,1679240111
cancel,22584,,,1679240111
newOrder,19492,0,17700,1679240125
newOrder,20084,1,17700,1679240125
newOrder,13515,0,27263,1679240125
newOrder,24999,1,27263,1679240125
cancel,13515,,,1679240711
cancel,19492,,,1679240711
cancel,20084,,,1679240711
cancel,24999,,,1679240711
newOrder,19491,0,17704,1679240725
newOrder,20084,1,17704,1679240725
newOrder,11695,0,72407,1679240725
newOrder,24999,1,72407,1679240725
cancel,11695,,,1679241311
cancel,19491,,,1679241311
cancel,20084,,,1679241311
cancel,24999,,,1679241311
newOrder,19491,0,17708,1679241325
newOrder,20084,1,17708,1679241325
newOrder,11694,0,70260,1679241325
newOrder,24999,1,70260,1679241325
cancel,11694,,,1679241917
cancel,19491,,,1679241917
cancel,20084,,,1679241917
cancel,24999,,,1679241917
newOrder,19386,0,17705,1679241932
newOrder,20084,1,17705,1679241932
newOrder,11631,0,38035,1679241932
newOrder,24999,1,38035,1679241932
cancel,11631,,,1679242510
cancel,19386,,,1679242510
cancel,20084,,,1679242510
cancel,24999,,,1679242510
newOrder,19384,0,17709,1679242527
newOrder,20084,1,17709,1679242527
newOrder,11631,0,43311,1679242527
newOrder,24999,1,43311,1679242527
cancel,11631,,,1679243111
cancel,19384,,,1679243111
cancel,20084,,,1679243111
cancel,24999,,,1679243111
newOrder,19384,0,17713,1679243126
newOrder,20084,1,17713,1679243126
newOrder,11630,0,47812,1679243126
newOrder,24999,1,47812,1679243126
cancel,11630,,,1679243711
cancel,19384,,,1679243711
cancel,20084,,,1679243711
cancel,24999,,,1679243711
newOrder,19385,0,17717,1679243724
newOrder,20084,1,17717,1679243724
newOrder,11631,0,89520,1679243724
newOrder,24999,1,89520,1679243724
cancel,11631,,,1679244311
cancel,19385,,,1679244311
cancel,20084,,,1679244311
cancel,24999,,,1679244311
newOrder,19388,0,17722,1679244326
newOrder,20084,1,17722,1679244326
newOrder,11633,0,93390,1679244326
newOrder,24999,1,93390,1679244326
cancel,11633,,,1679244911
cancel,19388,,,1679244911
cancel,20084,,,1679244911
cancel,24999,,,1679244911
newOrder,19388,0,17726,1679244925
newOrder,20084,1,17726,1679244925
newOrder,13515,0,19339,1679244925
newOrder,24999,1,19339,1679244925
cancel,13515,,,1679245511
cancel,19388,,,1679245511
cancel,20084,,,1679245511
cancel,24999,,,1679245511
newOrder,19389,0,17730,1679245525
newOrder,20084,1,17730,1679245525
newOrder,11633,0,51316,1679245525
newOrder,24999,1,51316,1679245525
cancel,11633,,,1679246110
cancel,19389,,,1679246110
cancel,20084,,,1679246110
cancel,24999,,,1679246110
newOrder,19388,0,17734,1679246124
newOrder,20084,1,17734,1679246124
newOrder,11633,0,75472,1679246124
newOrder,24999,1,75472,1679246124
cancel,11633,,,1679246711
cancel,19388,,,1679246711
cancel,20084,,,1679246711
cancel,24999,,,1679246711
newOrder,19296,0,17716,1679246725
newOrder,20084,1,17716,1679246725
newOrder,13515,0,19315,1679246725
newOrder,24999,1,19315,1679246725
cancel,13515,,,1679247311
cancel,19296,,,1679247311
cancel,20084,,,1679247311
cancel,24999,,,1679247311
newOrder,19296,0,17720,1679247325
newOrder,20084,1,17720,1679247325
newOrder,11578,0,82516,1679247325
newOrder,24999,1,82516,1679247325
cancel,11578,,,1679247911
cancel,19296,,,1679247911
cancel,20084,,,1679247911
cancel,24999,,,1679247911
newOrder,19296,0,17724,1679247925
newOrder,20084,1,17724,1679247925
newOrder,14001,0,15641,1679247925
newOrder,22584,1,15641,1679247925
cancel,14001,,,1679248511
cancel,19296,,,1679248511
cancel,20084,,,1679248511
cancel,22584,,,1679248511
newOrder,19296,0,17728,1679248525
newOrder,20084,1,17728,1679248525
newOrder,11578,0,76708,1679248525
newOrder,24999,1,76708,1679248525
cancel,11578,,,1679249110
cancel,19296,,,1679249110
cancel,20084,,,1679249110
cancel,24999,,,1679249110
newOrder,19295,0,17731,1679249124
newOrder,20084,1,17731,1679249124
newOrder,11577,0,55016,1679249124
newOrder,24999,1,55016,1679249124
cancel,11577,,,1679249710
cancel,19295,,,1679249710
cancel,20084,,,1679249710
cancel,24999,,,1679249710
newOrder,19295,0,17735,1679249724
newOrder,20084,1,17735,1679249724
newOrder,11577,0,35577,1679249724
newOrder,24999,1,35577,1679249724
cancel,11577,,,1679250310
cancel,19295,,,1679250310
cancel,20084,,,1679250310
cancel,24999,,,1679250310
newOrder,19176,0,17689,1679250324
newOrder,20084,1,17689,1679250324
newOrder,11505,0,47771,1679250324
newOrder,24999,1,47771,1679250324
cancel,11505,,,1679250911
cancel,19176,,,1679250911
cancel,20084,,,1679250911
cancel,24999,,,1679250911
newOrder,19209,0,17709,1679250925
newOrder,20084,1,17709,1679250925
newOrder,11525,0,56731,1679250925
newOrder,24999,1,56731,1679250925
cancel,11525,,,1679251511
cancel,19209,,,1679251511
cancel,20084,,,1679251511
cancel,24999,,,1679251511
newOrder,19209,0,17713,1679251524
newOrder,20084,1,17713,1679251524
newOrder,13515,0,26559,1679251524
newOrder,24999,1,26559,1679251524
cancel,13515,,,1679252111
cancel,19209,,,1679252111
cancel,20084,,,1679252111
cancel,24999,,,1679252111
newOrder,19209,0,17717,1679252127
newOrder,20084,1,17717,1679252127
newOrder,11525,0,33362,1679252127
newOrder,24999,1,33362,1679252127
cancel,11525,,,1679252688
cancel,19209,,,1679252688
cancel,20084,,,1679252688
cancel,24999,,,1679252688
newOrder,19121,0,17677,1679252695
newOrder,20092,1,17677,1679252695
newOrder,11472,0,53954,1679252695
newOrder,24999,1,53954,1679252695
cancel,11472,,,1679252710
cancel,19121,,,1679252710
cancel,20092,,,1679252710
cancel,24999,,,1679252710
newOrder,19209,0,17721,1679252724
newOrder,20084,1,17721,1679252724
newOrder,11525,0,45539,1679252724
newOrder,24999,1,45539,1679252724
cancel,11525,,,1679253311
cancel,19209,,,1679253311
cancel,20084,,,1679253311
cancel,24999,,,1679253311
newOrder,19110,0,17669,1679253327
newOrder,20084,1,17669,1679253327
newOrder,11466,0,88511,1679253327
newOrder,24999,1,88511,1679253327
cancel,11466,,,1679253910
cancel,19110,,,1679253910
cancel,20084,,,1679253910
cancel,24999,,,1679253910
newOrder,19109,0,17672,1679253925
newOrder,20084,1,17672,1679253925
newOrder,11465,0,57580,1679253925
newOrder,24999,1,57580,1679253925
cancel,11465,,,1679254510
cancel,19109,,,1679254510
cancel,20084,,,1679254510
cancel,24999,,,1679254510
newOrder,19150,0,17701,1679254524
newOrder,20084,1,17701,1679254524
newOrder,11490,0,80651,1679254524
newOrder,24999,1,80651,1679254524
cancel,11490,,,1679255110
cancel,19150,,,1679255110
cancel,20084,,,1679255110
cancel,24999,,,1679255110
newOrder,19150,0,17705,1679255124
newOrder,20084,1,17705,1679255124
newOrder,13515,0,19725,1679255124
newOrder,24999,1,19725,1679255124
cancel,13515,,,1679255710
cancel,19150,,,1679255710
cancel,20084,,,1679255710
cancel,24999,,,1679255710
newOrder,19151,0,17709,1679255725
newOrder,20084,1,17709,1679255725
newOrder,11490,0,77941,1679255725
newOrder,24999,1,77941,1679255725
cancel,11490,,,1679256310
cancel,19151,,,1679256310
cancel,20084,,,1679256310
cancel,24999,,,1679256310
newOrder,19150,0,17713,1679256324
newOrder,20084,1,17713,1679256324
newOrder,11490,0,33443,1679256324
newOrder,24999,1,33443,1679256324
cancel,11490,,,1679256911
cancel,19150,,,1679256911
cancel,20084,,,1679256911
cancel,24999,,,1679256911
newOrder,19142,0,17712,1679256925
newOrder,20084,1,17712,1679256925
newOrder,11485,0,58226,1679256925
newOrder,24999,1,58226,1679256925
cancel,11485,,,1679257511
cancel,19142,,,1679257511
cancel,20084,,,1679257511
cancel,24999,,,1679257511
newOrder,19141,0,17715,1679257525
newOrder,20084,1,17715,1679257525
newOrder,13515,0,19720,1679257525
newOrder,24999,1,19720,1679257525
cancel,13515,,,1679258110
cancel,19141,,,1679258110
cancel,20084,,,1679258110
cancel,24999,,,1679258110
newOrder,19118,0,17705,1679258125
newOrder,20084,1,17705,1679258125
newOrder,13515,0,19175,1679258125
newOrder,24999,1,19175,1679258125
cancel,13515,,,1679258710
cancel,19118,,,1679258710
cancel,20084,,,1679258710
cancel,24999,,,1679258710
newOrder,19119,0,17709,1679258724
newOrder,20084,1,17709,1679258724
newOrder,11472,0,50771,1679258724
newOrder,24999,1,50771,1679258724
cancel,11472,,,1679259310
cancel,19119,,,1679259310
cancel,20084,,,1679259310
cancel,24999,,,1679259310
newOrder,19119,0,17713,1679259325
newOrder,20084,1,17713,1679259325
newOrder,13515,0,28226,1679259325
newOrder,24999,1,28226,1679259325
cancel,13515,,,1679259911
cancel,19119,,,1679259911
cancel,20084,,,1679259911
cancel,24999,,,1679259911
newOrder,19120,0,17718,1679259927
newOrder,20084,1,17718,1679259927
newOrder,11472,0,88724,1679259927
newOrder,24999,1,88724,1679259927
cancel,11472,,,1679260511
cancel,19120,,,1679260511
cancel,20084,,,1679260511
cancel,24999,,,1679260511
newOrder,19121,0,17722,1679260526
newOrder,20084,1,17722,1679260526
newOrder,14001,0,14030,1679260526
newOrder,22584,1,14030,1679260526
cancel,14001,,,1679261111
cancel,19121,,,1679261111
cancel,20084,,,1679261111
cancel,22584,,,1679261111
newOrder,19119,0,17725,1679261125
newOrder,20084,1,17725,1679261125
newOrder,11472,0,75171,1679261125
newOrder,24999,1,75171,1679261125
cancel,11472,,,1679261710
cancel,19119,,,1679261710
cancel,20084,,,1679261710
cancel,24999,,,1679261710
newOrder,19120,0,17729,1679261725
newOrder,20084,1,17729,1679261725
newOrder,11472,0,61667,1679261725
newOrder,24999,1,61667,1679261725
cancel,11472,,,1679262311
cancel,19120,,,1679262311
cancel,20084,,,1679262311
cancel,24999,,,1679262311
newOrder,18978,0,17622,1679262325
newOrder,20084,1,17622,1679262325
newOrder,11387,0,89848,1679262325
newOrder,24999,1,89848,1679262325
cancel,11387,,,1679262911
cancel,18978,,,1679262911
cancel,20084,,,1679262911
cancel,24999,,,1679262911
newOrder,18978,0,17626,1679262929
newOrder,20084,1,17626,1679262929
newOrder,11387,0,83021,1679262929
newOrder,24999,1,83021,1679262929
cancel,11387,,,1679263511
cancel,18978,,,1679263511
cancel,20084,,,1679263511
cancel,24999,,,1679263511
newOrder,18978,0,17630,1679263525
newOrder,20084,1,17630,1679263525
newOrder,11387,0,37278,1679263525
newOrder,24999,1,37278,1679263525
cancel,11387,,,1679264110
cancel,18978,,,1679264110
cancel,20084,,,1679264110
cancel,24999,,,1679264110
newOrder,18978,0,17634,1679264125
newOrder,20084,1,17634,1679264125
newOrder,11387,0,36429,1679264125
newOrder,24999,1,36429,1679264125
cancel,11387,,,1679264710
cancel,18978,,,1679264710
cancel,20084,,,1679264710
cancel,24999,,,1679264710
newOrder,18979,0,17639,1679264725
newOrder,20084,1,17639,1679264725
newOrder,11387,0,67295,1679264725
newOrder,24999,1,67295,1679264725
cancel,11387,,,1679265311
cancel,18979,,,1679265311
cancel,20084,,,1679265311
cancel,24999,,,1679265311
newOrder,18979,0,17642,1679265326
newOrder,20084,1,17642,1679265326
newOrder,14001,0,12940,1679265326
newOrder,22584,1,12940,1679265326
cancel,14001,,,1679265910
cancel,18979,,,1679265910
cancel,20084,,,1679265910
cancel,22584,,,1679265910
newOrder,18980,0,17647,1679265925
newOrder,20084,1,17647,1679265925
newOrder,11388,0,76114,1679265925
newOrder,24999,1,76114,1679265925
cancel,11388,,,1679266510
cancel,18980,,,1679266510
cancel,20084,,,1679266510
cancel,24999,,,1679266510
newOrder,18981,0,17652,1679266525
newOrder,20084,1,17652,1679266525
newOrder,11389,0,76768,1679266525
newOrder,24999,1,76768,1679266525
cancel,11389,,,1679267110
cancel,18981,,,1679267110
cancel,20084,,,1679267110
cancel,24999,,,1679267110
newOrder,18951,0,17628,1679267125
newOrder,20084,1,17628,1679267125
newOrder,11371,0,75192,1679267125
newOrder,24999,1,75192,1679267125
cancel,11371,,,1679267711
cancel,18951,,,1679267711
cancel,20084,,,1679267711
cancel,24999,,,1679267711
newOrder,18951,0,17631,1679267725
newOrder,20084,1,17631,1679267725
newOrder,11371,0,72412,1679267725
newOrder,24999,1,72412,1679267725
cancel,11371,,,1679268310
cancel,18951,,,1679268310
cancel,20084,,,1679268310
cancel,24999,,,1679268310
newOrder,18953,0,17636,1679268328
newOrder,20084,1,17636,1679268328
newOrder,11372,0,71901,1679268328
newOrder,24999,1,71901,1679268328
cancel,11372,,,1679268911
cancel,18953,,,1679268911
cancel,20084,,,1679268911
cancel,24999,,,1679268911
newOrder,18965,0,17652,1679268926
newOrder,20084,1,17652,1679268926
newOrder,11379,0,67532,1679268926
newOrder,24999,1,67532,1679268926
cancel,11379,,,1679269510
cancel,18965,,,1679269510
cancel,20084,,,1679269510
cancel,24999,,,1679269510
newOrder,18871,0,17559,1679269526
newOrder,19029,1,17559,1679269526
newOrder,11322,0,53053,1679269526
newOrder,24999,1,53053,1679269526
cancel,11322,,,1679270111
cancel,18871,,,1679270111
cancel,19029,,,1679270111
cancel,24999,,,1679270111
newOrder,18871,0,17563,1679270128
newOrder,19029,1,17563,1679270128
newOrder,14001,0,16108,1679270128
newOrder,22584,1,16108,1679270128
cancel,14001,,,1679270711
cancel,18871,,,1679270711
cancel,19029,,,1679270711
cancel,22584,,,1679270711
newOrder,18872,0,17568,1679270725
newOrder,19031,1,17568,1679270725
newOrder,14001,0,13895,1679270725
newOrder,22584,1,13895,1679270725
cancel,14001,,,1679271310
cancel,18872,,,1679271310
cancel,19031,,,1679271310
cancel,22584,,,1679271310
newOrder,18871,0,17570,1679271326
newOrder,19030,1,17570,1679271326
newOrder,11323,0,80458,1679271326
newOrder,24999,1,80458,1679271326
cancel,11323,,,1679271910
cancel,18871,,,1679271910
cancel,19030,,,1679271910
cancel,24999,,,1679271910
newOrder,18870,0,17572,1679271933
newOrder,19029,1,17572,1679271933
newOrder,11322,0,72245,1679271933
newOrder,24999,1,72245,1679271933
cancel,11322,,,1679272419
cancel,18870,,,1679272419
cancel,19029,,,1679272419
cancel,24999,,,1679272419
newOrder,18870,0,17576,1679272437
newOrder,19029,1,17576,1679272437
newOrder,13515,0,21553,1679272437
newOrder,24999,1,21553,1679272437
cancel,13515,,,1679272950
cancel,18870,,,1679272950
cancel,19029,,,1679272950
cancel,24999,,,1679272950
newOrder,18869,0,13564,1679273346
newOrder,19028,1,13564,1679273346
newOrder,11321,0,54256,1679273346
newOrder,24999,1,54256,1679273346
cancel,11321,,,1679273399
cancel,18869,,,1679273399
cancel,19028,,,1679273399
cancel,24999,,,1679273399
newOrder,18869,0,13564,1679273408
newOrder,19028,1,13564,1679273408
newOrder,11322,0,54258,1679273408
newOrder,24999,1,54258,1679273408
cancel,11322,,,1679274482
cancel,18869,,,1679274482
cancel,19028,,,1679274482
cancel,24999,,,1679274482
newOrder,18862,0,13561,1679274491
newOrder,19021,1,13561,1679274491
newOrder,11317,0,54242,1679274491
newOrder,24999,1,54242,1679274491
cancel,11317,,,1679274626
cancel,18862,,,1679274626
cancel,19021,,,1679274626
cancel,24999,,,1679274626
newOrder,18862,0,13561,1679274635
newOrder,20084,1,13561,1679274635
newOrder,11317,0,54245,1679274635
newOrder,24999,1,54245,1679274635
cancel,11317,,,1679274792
cancel,18862,,,1679274792
cancel,20084,,,1679274792
cancel,24999,,,1679274792
newOrder,18862,0,17581,1679274808
newOrder,20084,1,17581,1679274808
newOrder,11317,0,34883,1679274808
newOrder,24999,1,34883,1679274808
cancel,11317,,,1679275424
cancel,18862,,,1679275424
cancel,20084,,,1679275424
cancel,24999,,,1679275424
newOrder,18862,0,17585,1679275439
newOrder,20084,1,17585,1679275439
newOrder,14001,0,12570,1679275439
newOrder,22584,1,12570,1679275439
cancel,14001,,,1679275605
cancel,18862,,,1679275605
cancel,20084,,,1679275605
cancel,22584,,,1679275605
newOrder,18838,0,17559,1679275626
newOrder,20084,1,17559,1679275626
newOrder,11303,0,36933,1679275626
newOrder,24999,1,36933,1679275626
cancel,11303,,,1679276237
cancel,18838,,,1679276237
cancel,20084,,,1679276237
cancel,24999,,,1679276237
newOrder,18838,0,17562,1679276255
newOrder,20084,1,17562,1679276255
newOrder,11303,0,83849,1679276255
newOrder,24999,1,83849,1679276255
cancel,11303,,,1679276839
cancel,18838,,,1679276839
cancel,20084,,,1679276839
cancel,24999,,,1679276839
newOrder,18936,0,17673,1679276857
newOrder,20084,1,17673,1679276857
newOrder,11362,0,73718,1679276857
newOrder,24999,1,73718,1679276857
cancel,11362,,,1679277437
cancel,18936,,,1679277437
cancel,20084,,,1679277437
cancel,24999,,,1679277437
newOrder,18936,0,17676,1679277455
newOrder,20084,1,17676,1679277455
newOrder,11361,0,48851,1679277455
newOrder,24999,1,48851,1679277455
cancel,11361,,,1679278037
cancel,18936,,,1679278037
cancel,20084,,,1679278037
cancel,24999,,,1679278037
newOrder,18928,0,17672,1679278054
newOrder,20084,1,17672,1679278054
newOrder,11357,0,87900,1679278054
newOrder,24999,1,87900,1679278054
cancel,11357,,,1679278637
cancel,18928,,,1679278637
cancel,20084,,,1679278637
cancel,24999,,,1679278637
newOrder,18936,0,17684,1679278652
newOrder,20084,1,17684,1679278652
newOrder,11362,0,66207,1679278652
newOrder,24999,1,66207,1679278652
cancel,11362,,,1679279237
cancel,18936,,,1679279237
cancel,20084,,,1679279237
cancel,24999,,,1679279237
newOrder,18937,0,17688,1679279251
newOrder,20084,1,17688,1679279251
newOrder,11362,0,84407,1679279251
newOrder,24999,1,84407,1679279251
cancel,11362,,,1679279837
cancel,18937,,,1679279837
cancel,20084,,,1679279837
cancel,24999,,,1679279837
newOrder,18937,0,17692,1679279854
newOrder,20084,1,17692,1679279854
newOrder,14001,0,18001,1679279854
newOrder,24999,1,18001,1679279854
cancel,14001,,,1679280437
cancel,18937,,,1679280437
cancel,20084,,,1679280437
cancel,24999,,,1679280437
newOrder,18935,0,17694,1679280452
newOrder,20084,1,17694,1679280452
newOrder,13004,0,23622,1679280452
newOrder,24999,1,23622,1679280452
cancel,13004,,,1679281037
cancel,18935,,,1679281037
cancel,20084,,,1679281037
cancel,24999,,,1679281037
newOrder,18935,0,17697,1679281052
newOrder,20084,1,17697,1679281052
newOrder,11361,0,54956,1679281052
newOrder,24999,1,54956,1679281052
cancel,11361,,,1679281637
cancel,18935,,,1679281637
cancel,20084,,,1679281637
cancel,24999,,,1679281637
newOrder,18934,0,17700,1679281652
newOrder,20084,1,17700,1679281652
newOrder,11360,0,49155,1679281652
newOrder,24999,1,49155,1679281652
cancel,11360,,,1679282238
cancel,18934,,,1679282238
cancel,20084,,,1679282238
cancel,24999,,,1679282238
newOrder,18934,0,17704,1679282251
newOrder,20084,1,17704,1679282251
newOrder,11361,0,48791,1679282251
newOrder,24999,1,48791,1679282251
cancel,11361,,,1679282836
cancel,18934,,,1679282836
cancel,20084,,,1679282836
cancel,24999,,,1679282836
newOrder,18934,0,17708,1679282852
newOrder,20084,1,17708,1679282852
newOrder,14001,0,11429,1679282852
newOrder,22584,1,11429,1679282852
cancel,14001,,,1679283437
cancel,18934,,,1679283437
cancel,20084,,,1679283437
cancel,22584,,,1679283437
newOrder,18933,0,17711,1679283451
newOrder,20084,1,17711,1679283451
newOrder,11360,0,53722,1679283451
newOrder,24999,1,53722,1679283451
cancel,11360,,,1679284037
cancel,18933,,,1679284037
cancel,20084,,,1679284037
cancel,24999,,,1679284037
newOrder,18936,0,17717,1679284051
newOrder,20084,1,17717,1679284051
newOrder,11361,0,83401,1679284051
newOrder,24999,1,83401,1679284051
cancel,11361,,,1679284637
cancel,18936,,,1679284637
cancel,20084,,,1679284637
cancel,24999,,,1679284637
newOrder,18939,0,17724,1679284652
newOrder,20084,1,17724,1679284652
newOrder,11363,0,40280,1679284652
newOrder,24999,1,40280,1679284652
cancel,11363,,,1679285237
cancel,18939,,,1679285237
cancel,20084,,,1679285237
cancel,24999,,,1679285237
newOrder,18938,0,17727,1679285252
newOrder,20084,1,17727,1679285252
newOrder,11363,0,75408,1679285252
newOrder,24999,1,75408,1679285252
cancel,11363,,,1679285837
cancel,18938,,,1679285837
cancel,20084,,,1679285837
cancel,24999,,,1679285837
newOrder,18939,0,17732,1679285855
newOrder,20084,1,17732,1679285855
newOrder,11364,0,62951,1679285855
newOrder,24999,1,62951,1679285855
cancel,11364,,,1679286437
cancel,18939,,,1679286437
cancel,20084,,,1679286437
cancel,24999,,,1679286437
newOrder,18941,0,17738,1679286452
newOrder,20084,1,17738,1679286452
newOrder,13003,0,33806,1679286452
newOrder,24999,1,33806,1679286452
cancel,13003,,,1679287037
cancel,18941,,,1679287037
cancel,20084,,,1679287037
cancel,24999,,,1679287037
newOrder,18939,0,17740,1679287053
newOrder,20084,1,17740,1679287053
newOrder,13005,0,24870,1679287053
newOrder,24999,1,24870,1679287053
cancel,13005,,,1679287637
cancel,18939,,,1679287637
cancel,20084,,,1679287637
cancel,24999,,,1679287637
newOrder,18940,0,17744,1679287652
newOrder,20084,1,17744,1679287652
newOrder,13004,0,44594,1679287652
newOrder,24999,1,44594,1679287652
cancel,13004,,,1679288237
cancel,18940,,,1679288237
cancel,20084,,,1679288237
cancel,24999,,,1679288237
newOrder,18939,0,17747,1679288252
newOrder,20084,1,17747,1679288252
newOrder,13005,0,41020,1679288252
newOrder,24999,1,41020,1679288252
cancel,13005,,,1679288836
cancel,18939,,,1679288836
cancel,20084,,,1679288836
cancel,24999,,,1679288836
newOrder,18939,0,17750,1679288850
newOrder,20084,1,17750,1679288850
newOrder,11363,0,75943,1679288850
newOrder,24999,1,75943,1679288850
cancel,11363,,,1679289437
cancel,18939,,,1679289437
cancel,20084,,,1679289437
cancel,24999,,,1679289437
newOrder,18938,0,17753,1679289451
newOrder,20084,1,17753,1679289451
newOrder,13003,0,58566,1679289451
newOrder,24999,1,58566,1679289451
cancel,13003,,,1679290037
cancel,18938,,,1679290037
cancel,20084,,,1679290037
cancel,24999,,,1679290037
newOrder,18938,0,17758,1679290051
newOrder,20084,1,17758,1679290051
newOrder,13004,0,55890,1679290051
newOrder,24999,1,55890,1679290051
cancel,13004,,,1679290637
cancel,18938,,,1679290637
cancel,20084,,,1679290637
cancel,24999,,,1679290637
newOrder,18938,0,17761,1679290652
newOrder,20084,1,17761,1679290652
newOrder,11363,0,82923,1679290652
newOrder,24999,1,82923,1679290652
cancel,11363,,,1679291237
cancel,18938,,,1679291237
cancel,20084,,,1679291237
cancel,24999,,,1679291237
newOrder,18938,0,17765,1679291252
newOrder,20084,1,17765,1679291252
newOrder,11363,0,62469,1679291252
newOrder,24999,1,62469,1679291252
cancel,11363,,,1679291836
cancel,18938,,,1679291836
cancel,20084,,,1679291836
cancel,24999,,,1679291836
newOrder,18937,0,17768,1679291851
newOrder,20084,1,17768,1679291851
newOrder,11362,0,82533,1679291851
newOrder,24999,1,82533,1679291851
cancel,11362,,,1679292437
cancel,18937,,,1679292437
cancel,20084,,,1679292437
cancel,24999,,,1679292437
newOrder,18938,0,17773,1679292452
newOrder,20084,1,17773,1679292452
newOrder,13005,0,18765,1679292452
newOrder,24999,1,18765,1679292452
cancel,13005,,,1679293039
cancel,18938,,,1679293039
cancel,20084,,,1679293039
cancel,24999,,,1679293039
newOrder,18936,0,17774,1679293053
newOrder,20084,1,17774,1679293053
newOrder,11362,0,78916,1679293053
newOrder,24999,1,78916,1679293053
cancel,11362,,,1679293637
cancel,18936,,,1679293637
cancel,20084,,,1679293637
cancel,24999,,,1679293637
newOrder,18940,0,17782,1679293653
newOrder,20084,1,17782,1679293653
newOrder,13003,0,58020,1679293653
newOrder,24999,1,58020,1679293653
cancel,13003,,,1679294237
cancel,18940,,,1679294237
cancel,20084,,,1679294237
cancel,24999,,,1679294237
newOrder,18938,0,17783,1679294252
newOrder,20084,1,17783,1679294252
newOrder,13005,0,16116,1679294252
newOrder,22584,1,16116,1679294252
cancel,13005,,,1679294836
cancel,18938,,,1679294836
cancel,20084,,,1679294836
cancel,22584,,,1679294836
newOrder,18919,0,17767,1679294851
newOrder,20084,1,17767,1679294851
newOrder,11351,0,64297,1679294851
newOrder,24999,1,64297,1679294851
cancel,11351,,,1679295437
cancel,18919,,,1679295437
cancel,20084,,,1679295437
cancel,24999,,,1679295437
newOrder,18918,0,17771,1679295452
newOrder,20084,1,17771,1679295452
newOrder,11351,0,81179,1679295452
newOrder,24999,1,81179,1679295452
cancel,11351,,,1679296037
cancel,18918,,,1679296037
cancel,20084,,,1679296037
cancel,24999,,,1679296037
newOrder,18917,0,17772,1679296050
newOrder,20084,1,17772,1679296050
newOrder,13005,0,14732,1679296050
newOrder,22584,1,14732,1679296050
cancel,13005,,,1679296638
cancel,18917,,,1679296638
cancel,20084,,,1679296638
cancel,22584,,,1679296638
newOrder,18917,0,17777,1679296653
newOrder,20084,1,17777,1679296653
newOrder,13005,0,21312,1679296653
newOrder,24999,1,21312,1679296653
cancel,13005,,,1679297237
cancel,18917,,,1679297237
cancel,20084,,,1679297237
cancel,24999,,,1679297237
newOrder,18919,0,17782,1679297251
newOrder,20084,1,17782,1679297251
newOrder,13004,0,50486,1679297251
newOrder,24999,1,50486,1679297251
cancel,13004,,,1679297837
cancel,18919,,,1679297837
cancel,20084,,,1679297837
cancel,24999,,,1679297837
newOrder,18918,0,17785,1679297853
newOrder,20084,1,17785,1679297853
newOrder,13005,0,24147,1679297853
newOrder,24999,1,24147,1679297853
cancel,13005,,,1679298437
cancel,18918,,,1679298437
cancel,20084,,,1679298437
cancel,24999,,,1679298437
newOrder,18850,0,17711,1679298451
newOrder,20084,1,17711,1679298451
newOrder,11310,0,85885,1679298451
newOrder,24999,1,85885,1679298451
cancel,11310,,,1679299037
cancel,18850,,,1679299037
cancel,20084,,,1679299037
cancel,24999,,,1679299037
newOrder,18849,0,17713,1679299052
newOrder,20084,1,17713,1679299052
newOrder,11309,0,62277,1679299052
newOrder,24999,1,62277,1679299052
cancel,11309,,,1679299637
cancel,18849,,,1679299637
cancel,20084,,,1679299637
cancel,24999,,,1679299637
newOrder,18852,0,17721,1679299653
newOrder,20084,1,17721,1679299653
newOrder,13005,0,36096,1679299653
newOrder,24999,1,36096,1679299653
cancel,13005,,,1679300237
cancel,18852,,,1679300237
cancel,20084,,,1679300237
cancel,24999,,,1679300237
newOrder,18859,0,17733,1679300253
newOrder,20084,1,17733,1679300253
newOrder,13004,0,55868,1679300253
newOrder,24999,1,55868,1679300253
cancel,13004,,,1679300836
cancel,18859,,,1679300836
cancel,20084,,,1679300836
cancel,24999,,,1679300836
newOrder,18857,0,17734,1679300852
newOrder,20084,1,17734,1679300852
newOrder,13005,0,39436,1679300852
newOrder,24999,1,39436,1679300852
cancel,13005,,,1679301437
cancel,18857,,,1679301437
cancel,20084,,,1679301437
cancel,24999,,,1679301437
newOrder,18850,0,17730,1679301452
newOrder,20084,1,17730,1679301452
newOrder,13005,0,41624,1679301452
newOrder,24999,1,41624,1679301452
cancel,13005,,,1679302036
cancel,18850,,,1679302036
cancel,20084,,,1679302036
cancel,24999,,,1679302036
newOrder,18856,0,17741,1679302053
newOrder,20084,1,17741,1679302053
newOrder,13004,0,52519,1679302053
newOrder,24999,1,52519,1679302053
cancel,13004,,,1679302637
cancel,18856,,,1679302637
cancel,20084,,,1679302637
cancel,24999,,,1679302637
newOrder,18853,0,17741,1679302651
newOrder,20084,1,17741,1679302651
newOrder,13005,0,15287,1679302651
newOrder,22584,1,15287,1679302651
cancel,13005,,,1679303238
cancel,18853,,,1679303238
cancel,20084,,,1679303238
cancel,22584,,,1679303238
newOrder,18853,0,17745,1679303252
newOrder,20084,1,17745,1679303252
newOrder,11312,0,81645,1679303252
newOrder,24999,1,81645,1679303252
cancel,11312,,,1679303837
cancel,18853,,,1679303837
cancel,20084,,,1679303837
cancel,24999,,,1679303837
newOrder,18855,0,17750,1679303852
newOrder,20084,1,17750,1679303852
newOrder,11313,0,59897,1679303852
newOrder,24999,1,59897,1679303852
cancel,11313,,,1679304437
cancel,18855,,,1679304437
cancel,20084,,,1679304437
cancel,24999,,,1679304437
newOrder,18851,0,17750,1679304453
newOrder,20084,1,17750,1679304453
newOrder,11311,0,61846,1679304453
newOrder,24999,1,61846,1679304453
cancel,11311,,,1679305037
cancel,18851,,,1679305037
cancel,20084,,,1679305037
cancel,24999,,,1679305037
newOrder,18849,0,17751,1679305052
newOrder,20084,1,17751,1679305052
newOrder,11310,0,92953,1679305052
newOrder,24999,1,92953,1679305052
cancel,11310,,,1679305637
cancel,18849,,,1679305637
cancel,20084,,,1679305637
cancel,24999,,,1679305637
newOrder,18851,0,17757,1679305651
newOrder,20084,1,17757,1679305651
newOrder,11311,0,88869,1679305651
newOrder,24999,1,88869,1679305651
cancel,11311,,,1679306237
cancel,18851,,,1679306237
cancel,20084,,,1679306237
cancel,24999,,,1679306237
newOrder,18850,0,17759,1679306251
newOrder,20084,1,17759,1679306251
newOrder,13005,0,42686,1679306251
newOrder,24999,1,42686,1679306251
cancel,13005,,,1679306836
cancel,18850,,,1679306836
cancel,20084,,,1679306836
cancel,24999,,,1679306836
newOrder,18849,0,17762,1679306852
newOrder,20084,1,17762,1679306852
newOrder,13005,0,29037,1679306852
newOrder,24999,1,29037,1679306852
cancel,13005,,,1679307437
cancel,18849,,,1679307437
cancel,20084,,,1679307437
cancel,24999,,,1679307437
newOrder,18742,0,17624,1679307452
newOrder,20084,1,17624,1679307452
newOrder,11245,0,84334,1679307452
newOrder,24999,1,84334,1679307452
cancel,11245,,,1679308037
cancel,18742,,,1679308037
cancel,20084,,,1679308037
cancel,24999,,,1679308037
newOrder,18742,0,17627,1679308052
newOrder,20084,1,17627,1679308052
newOrder,13004,0,47255,1679308052
newOrder,24999,1,47255,1679308052
cancel,13004,,,1679308637
cancel,18742,,,1679308637
cancel,20084,,,1679308637
cancel,24999,,,1679308637
newOrder,18742,0,17631,1679308652
newOrder,20084,1,17631,1679308652
newOrder,11245,0,87004,1679308652
newOrder,24999,1,87004,1679308652
cancel,11245,,,1679309237
cancel,18742,,,1679309237
cancel,20084,,,1679309237
cancel,24999,,,1679309237
newOrder,18742,0,17634,1679309253
newOrder,20084,1,17634,1679309253
newOrder,11245,0,70298,1679309253
newOrder,24999,1,70298,1679309253
cancel,11245,,,1679309837
cancel,18742,,,1679309837
cancel,20084,,,1679309837
cancel,24999,,,1679309837
newOrder,18742,0,17638,1679309851
newOrder,20084,1,17638,1679309851
newOrder,13005,0,31130,1679309851
newOrder,24999,1,31130,1679309851
cancel,13005,,,1679310436
cancel,18742,,,1679310436
cancel,20084,,,1679310436
cancel,24999,,,1679310436
newOrder,18742,0,17642,1679310453
newOrder,20084,1,17642,1679310453
newOrder,11245,0,94106,1679310453
newOrder,24999,1,94106,1679310453
cancel,11245,,,1679311037
cancel,18742,,,1679311037
cancel,20084,,,1679311037
cancel,24999,,,1679311037
newOrder,18742,0,17645,1679311051
newOrder,20084,1,17645,1679311051
newOrder,11245,0,74596,1679311051
newOrder,24999,1,74596,1679311051
cancel,11245,,,1679311637
cancel,18742,,,1679311637
cancel,20084,,,1679311637
cancel,24999,,,1679311637
newOrder,18742,0,17649,1679311652
newOrder,20084,1,17649,1679311652
newOrder,13005,0,24385,1679311652
newOrder,24999,1,24385,1679311652
cancel,13005,,,1679312236
cancel,18742,,,1679312236
cancel,20084,,,1679312236
cancel,24999,,,1679312236
newOrder,18660,0,17527,1679312252
newOrder,20084,1,17527,1679312252
newOrder,13005,0,41963,1679312252
newOrder,24999,1,41963,1679312252
cancel,13005,,,1679312837
cancel,18660,,,1679312837
cancel,20084,,,1679312837
cancel,24999,,,1679312837
newOrder,18660,0,17530,1679312853
newOrder,20084,1,17530,1679312853
newOrder,11196,0,60252,1679312853
newOrder,24999,1,60252,1679312853
cancel,11196,,,1679313437
cancel,18660,,,1679313437
cancel,20084,,,1679313437
cancel,24999,,,1679313437
newOrder,18660,0,17534,1679313451
newOrder,20084,1,17534,1679313451
newOrder,13004,0,48104,1679313451
newOrder,24999,1,48104,1679313451
cancel,13004,,,1679314037
cancel,18660,,,1679314037
cancel,20084,,,1679314037
cancel,24999,,,1679314037
newOrder,18660,0,17537,1679314051
newOrder,20084,1,17537,1679314051
newOrder,11196,0,69927,1679314051
newOrder,24999,1,69927,1679314051