instruction,price,side,qty,time
cancel,12302,,,1685621933
cancel,17925,,,1685621933
cancel,18989,,,1685621933
newOrder,17925,0,2419,1685621955
newOrder,18990,1,251,1685621955
newOrder,12302,0,3354,1685621955
cancel,12302,,,1685622532
cancel,17925,,,1685622532
cancel,18990,,,1685622532
newOrder,17925,0,2419,1685622556
newOrder,18990,1,251,1685622556
newOrder,12302,0,7553,1685622556
cancel,12302,,,1685623133
cancel,17925,,,1685623133
cancel,18990,,,1685623133
newOrder,17925,0,2419,1685623155
newOrder,18989,1,251,1685623155
newOrder,12302,0,3661,1685623155
cancel,12302,,,1685623732
cancel,17925,,,1685623732
cancel,18989,,,1685623732
newOrder,17925,0,2426,1685623754
newOrder,18960,1,251,1685623754
newOrder,15111,0,2493,1685623754
cancel,15111,,,1685624335
cancel,17925,,,1685624335
cancel,18960,,,1685624335
newOrder,17925,0,2426,1685624357
newOrder,18960,1,251,1685624357
newOrder,12302,0,7702,1685624357
cancel,12302,,,1685624932
cancel,17925,,,1685624932
cancel,18960,,,1685624932
newOrder,17925,0,2426,1685624955
newOrder,18961,1,251,1685624955
newOrder,16111,0,1562,1685624955
cancel,16111,,,1685625533
cancel,17925,,,1685625533
cancel,18961,,,1685625533
newOrder,17925,0,2443,1685625555
newOrder,18884,1,251,1685625555
newOrder,16111,0,2226,1685625555
cancel,16111,,,1685626133
cancel,17925,,,1685626133
cancel,18884,,,1685626133
newOrder,17925,0,2442,1685626158
newOrder,18885,1,251,1685626158
newOrder,12302,0,9734,1685626158
cancel,12302,,,1685626733
cancel,17925,,,1685626733
cancel,18885,,,1685626733
newOrder,17925,0,2443,1685626755
newOrder,18884,1,251,1685626755
newOrder,12302,0,6876,1685626755
cancel,12302,,,1685627333
cancel,17925,,,1685627333
cancel,18884,,,1685627333
newOrder,17925,0,2443,1685627357
newOrder,18884,1,251,1685627357
newOrder,12302,0,7935,1685627357
cancel,12302,,,1685627860
cancel,18884,,,1685627860
newOrder,17842,0,2579,1685627867
newOrder,18083,1,2579,1685627867
newOrder,12302,0,6537,1685627867
cancel,12302,,,1685627933
cancel,17842,,,1685627933
cancel,18083,,,1685627933
newOrder,17925,0,2568,1685627956
newOrder,18111,1,2568,1685627956
newOrder,12302,0,13143,1685627956
cancel,12302,,,1685628533
cancel,17925,,,1685628533
cancel,18111,,,1685628533
newOrder,17925,0,2571,1685628556
newOrder,18084,1,2571,1685628556
newOrder,12302,0,4899,1685628556
cancel,12302,,,1685628860
cancel,18084,,,1685628860
newOrder,17842,0,2580,1685628867
newOrder,18083,1,2580,1685628867
newOrder,12302,0,10561,1685628867
cancel,12302,,,1685628989
cancel,18083,,,1685628989
newOrder,17752,0,2588,1685628996
newOrder,18090,1,2588,1685628996
newOrder,12302,0,12980,1685628996
cancel,12302,,,1685629104
cancel,18090,,,1685629104
newOrder,17655,0,2595,1685629111
newOrder,18098,1,2595,1685629111
newOrder,12302,0,12287,1685629111
cancel,12302,,,1685629133
cancel,17655,,,1685629133
cancel,18098,,,1685629133
newOrder,17531,0,2603,1685629157
newOrder,18075,1,2603,1685629157
newOrder,12302,0,13093,1685629157
newOrder,24957,1,10515,1685629157
cancel,12302,,,1685629253
cancel,17531,,,1685629253
cancel,18075,,,1685629253
cancel,24957,,,1685629253
newOrder,17450,0,2607,1685629262
newOrder,18083,1,2607,1685629262
newOrder,12302,0,10622,1685629262
newOrder,24957,1,10622,1685629262
cancel,12302,,,1685629418
cancel,18083,,,1685629418
cancel,24957,,,1685629418
newOrder,17362,0,2609,1685629427
newOrder,18090,1,2609,1685629427
newOrder,12302,0,3901,1685629427
newOrder,24957,1,3901,1685629427
cancel,12302,,,1685629591
cancel,18090,,,1685629591
cancel,24957,,,1685629591
newOrder,17267,0,2611,1685629600
newOrder,18098,1,2611,1685629600
newOrder,15111,0,1907,1685629600
newOrder,19074,1,1907,1685629600
cancel,15111,,,1685629634
cancel,18098,,,1685629634
cancel,19074,,,1685629634
newOrder,17166,0,2611,1685629643
newOrder,18106,1,2611,1685629643
newOrder,12302,0,4563,1685629643
newOrder,24957,1,4563,1685629643
cancel,12302,,,1685629732
cancel,17166,,,1685629732
cancel,18106,,,1685629732
cancel,24957,,,1685629732
newOrder,17046,0,2608,1685629757
newOrder,18075,1,2608,1685629757
newOrder,12302,0,12685,1685629757
newOrder,24957,1,12685,1685629757
cancel,12302,,,1685630333
cancel,17046,,,1685630333
cancel,18075,,,1685630333
cancel,24957,,,1685630333
newOrder,16955,0,2605,1685630359
newOrder,18075,1,2605,1685630359
newOrder,12302,0,5075,1685630359
newOrder,24957,1,5075,1685630359
cancel,12302,,,1685630932
cancel,16955,,,1685630932
cancel,18075,,,1685630932
cancel,24957,,,1685630932
newOrder,16938,0,2604,1685630957
newOrder,18075,1,2604,1685630957
newOrder,12302,0,10556,1685630957
newOrder,24957,1,10556,1685630957
cancel,12302,,,1685631533
cancel,16938,,,1685631533
cancel,18075,,,1685631533
cancel,24957,,,1685631533
newOrder,16938,0,2605,1685631557
newOrder,18075,1,2605,1685631557
newOrder,12302,0,4588,1685631557
newOrder,24957,1,4588,1685631557
cancel,12302,,,1685632133
cancel,16938,,,1685632133
cancel,18075,,,1685632133
cancel,24957,,,1685632133
newOrder,16938,0,2605,1685632156
newOrder,18075,1,2605,1685632156
newOrder,12302,0,13009,1685632156
newOrder,24957,1,13009,1685632156
cancel,12302,,,1685632733
cancel,16938,,,1685632733
cancel,18075,,,1685632733
cancel,24957,,,1685632733
newOrder,16866,0,2601,1685632758
newOrder,18075,1,2601,1685632758
newOrder,12302,0,10309,1685632758
newOrder,24957,1,10309,1685632758
cancel,12302,,,1685633137
cancel,18075,,,1685633137
cancel,24957,,,1685633137
newOrder,16788,0,2596,1685633147
newOrder,18083,1,2596,1685633147
newOrder,12302,0,9392,1685633147
newOrder,24957,1,9392,1685633147
cancel,12302,,,1685633175
cancel,16788,,,1685633175
cancel,18083,,,1685633175
cancel,24957,,,1685633175
newOrder,16704,0,2590,1685633184
newOrder,18090,1,2590,1685633184
newOrder,12302,0,4228,1685633184
newOrder,24957,1,4228,1685633184
cancel,12302,,,1685633262
cancel,16704,,,1685633262
cancel,18090,,,1685633262
cancel,24957,,,1685633262
newOrder,16613,0,2582,1685633271
newOrder,18098,1,2582,1685633271
newOrder,15111,0,2698,1685633271
newOrder,21899,1,2698,1685633271
cancel,15111,,,1685633333
cancel,16613,,,1685633333
cancel,18098,,,1685633333
cancel,21899,,,1685633333
newOrder,16613,0,2580,1685633357
newOrder,18075,1,2580,1685633357
newOrder,12302,0,12545,1685633357
newOrder,24957,1,12545,1685633357
cancel,12302,,,1685633443
cancel,16613,,,1685633443
cancel,18075,,,1685633443
cancel,24957,,,1685633443
newOrder,16536,0,2572,1685633450
newOrder,18083,1,2572,1685633450
newOrder,12302,0,12985,1685633450
newOrder,24957,1,12985,1685633450
cancel,12302,,,1685633916
cancel,18083,,,1685633916
cancel,24957,,,1685633916
newOrder,16453,0,2562,1685633924
newOrder,18090,1,2562,1685633924
newOrder,12302,0,6281,1685633924
newOrder,24957,1,6281,1685633924
cancel,12302,,,1685633933
cancel,16453,,,1685633933
cancel,18090,,,1685633933
cancel,24957,,,1685633933
newOrder,16364,0,2547,1685633957
newOrder,18075,1,2547,1685633957
newOrder,12501,0,3044,1685633957
newOrder,24957,1,3044,1685633957
cancel,12501,,,1685634098
cancel,16364,,,1685634098
cancel,18075,,,1685634098
cancel,24957,,,1685634098
newOrder,16289,0,2536,1685634106
newOrder,18083,1,2536,1685634106
newOrder,12302,0,3900,1685634106
newOrder,24957,1,3900,1685634106
cancel,12302,,,1685634533
cancel,16289,,,1685634533
cancel,18083,,,1685634533
cancel,24957,,,1685634533
newOrder,16214,0,2522,1685634557
newOrder,18075,1,2522,1685634557
newOrder,12302,0,4168,1685634557
newOrder,24957,1,4168,1685634557
cancel,12302,,,1685635133
cancel,16214,,,1685635133
cancel,18075,,,1685635133
cancel,24957,,,1685635133
newOrder,16332,0,2543,1685635157
newOrder,18075,1,2543,1685635157
newOrder,12302,0,10452,1685635157
newOrder,24957,1,10452,1685635157
cancel,12302,,,1685635733
cancel,16332,,,1685635733
cancel,18075,,,1685635733
cancel,24957,,,1685635733
newOrder,16259,0,2531,1685635757
newOrder,18075,1,2531,1685635757
newOrder,9755,0,13519,1685635757
newOrder,24957,1,13519,1685635757
cancel,9755,,,1685636333
cancel,16259,,,1685636333
cancel,18075,,,1685636333
cancel,24957,,,1685636333
newOrder,16259,0,2531,1685636358
newOrder,18075,1,2531,1685636358
newOrder,12304,0,4717,1685636358
newOrder,24957,1,4717,1685636358
cancel,12304,,,1685636933
cancel,16259,,,1685636933
cancel,18075,,,1685636933
cancel,24957,,,1685636933
newOrder,16259,0,2531,1685636956
newOrder,18075,1,2531,1685636956
newOrder,12162,0,8728,1685636956
newOrder,24957,1,8728,1685636956
cancel,12162,,,1685637533
cancel,16259,,,1685637533
cancel,18075,,,1685637533
cancel,24957,,,1685637533
newOrder,16260,0,2532,1685637558
newOrder,18075,1,2532,1685637558
newOrder,12162,0,9840,1685637558
newOrder,24957,1,9840,1685637558
cancel,12162,,,1685638134
cancel,16260,,,1685638134
cancel,18075,,,1685638134
cancel,24957,,,1685638134
newOrder,16262,0,2532,1685638157
newOrder,18075,1,2532,1685638157
newOrder,12162,0,10058,1685638157
newOrder,24957,1,10058,1685638157
cancel,12162,,,1685638733
cancel,16262,,,1685638733
cancel,18075,,,1685638733
cancel,24957,,,1685638733
newOrder,16262,0,2533,1685638757
newOrder,18075,1,2533,1685638757
newOrder,12162,0,9945,1685638757
newOrder,24957,1,9945,1685638757
cancel,12162,,,1685639333
cancel,16262,,,1685639333
cancel,18075,,,1685639333
cancel,24957,,,1685639333
newOrder,16262,0,2533,1685639356
newOrder,18075,1,2533,1685639356
newOrder,12002,0,11790,1685639356
newOrder,24957,1,11790,1685639356
cancel,12002,,,1685639933
cancel,16262,,,1685639933
cancel,18075,,,1685639933
cancel,24957,,,1685639933
newOrder,16263,0,2533,1685639957
newOrder,18075,1,2533,1685639957
newOrder,12162,0,10232,1685639957
newOrder,24957,1,10232,1685639957
cancel,12162,,,1685640533
cancel,16263,,,1685640533
cancel,18075,,,1685640533
cancel,24957,,,1685640533
newOrder,16263,0,2533,1685640558
newOrder,18075,1,2533,1685640558
newOrder,12162,0,9397,1685640558
newOrder,24957,1,9397,1685640558
cancel,12162,,,1685641133
cancel,16263,,,1685641133
cancel,18075,,,1685641133
cancel,24957,,,1685641133
newOrder,16262,0,2534,1685641158
newOrder,18075,1,2534,1685641158
newOrder,12162,0,9827,1685641158
newOrder,24957,1,9827,1685641158
cancel,12162,,,1685641733
cancel,16262,,,1685641733
cancel,18075,,,1685641733
cancel,24957,,,1685641733
newOrder,16262,0,2534,1685641756
newOrder,18075,1,2534,1685641756
newOrder,9757,0,13284,1685641756
newOrder,24957,1,13284,1685641756
cancel,9757,,,1685642332
cancel,16262,,,1685642332
cancel,18075,,,1685642332
cancel,24957,,,1685642332
newOrder,16263,0,2534,1685642358
newOrder,18075,1,2534,1685642358
newOrder,12304,0,4449,1685642358
newOrder,24957,1,4449,1685642358
cancel,12304,,,1685642934
cancel,16263,,,1685642934
cancel,18075,,,1685642934
cancel,24957,,,1685642934
newOrder,16200,0,2523,1685642957
newOrder,18075,1,2523,1685642957
newOrder,9720,0,12567,1685642957
newOrder,24957,1,12567,1685642957
cancel,9720,,,1685643300
cancel,16200,,,1685643300
cancel,18075,,,1685643300
cancel,24957,,,1685643300
newOrder,16125,0,2510,1685643308
newOrder,18083,1,2510,1685643308
newOrder,12304,0,7713,1685643308
newOrder,24957,1,7713,1685643308
cancel,12304,,,1685643533
cancel,16125,,,1685643533
cancel,18083,,,1685643533
cancel,24957,,,1685643533
newOrder,16154,0,2515,1685643556
newOrder,18075,1,2515,1685643556
newOrder,12304,0,4170,1685643556
newOrder,24957,1,4170,1685643556
cancel,12304,,,1685644133
cancel,16154,,,1685644133
cancel,18075,,,1685644133
cancel,24957,,,1685644133
newOrder,16153,0,2515,1685644158
newOrder,18075,1,2515,1685644158
newOrder,15111,0,1526,1685644158
cancel,15111,,,1685644733
cancel,16153,,,1685644733
cancel,18075,,,1685644733
newOrder,16153,0,2515,1685644756
newOrder,18075,1,2515,1685644756
newOrder,12162,0,8605,1685644756
newOrder,24957,1,8605,1685644756
cancel,12162,,,1685645334
cancel,16153,,,1685645334
cancel,18075,,,1685645334
cancel,24957,,,1685645334
newOrder,16154,0,2515,1685645358
newOrder,18075,1,2515,1685645358
newOrder,12304,0,5642,1685645358
newOrder,24957,1,5642,1685645358
cancel,12304,,,1685645933
cancel,16154,,,1685645933
cancel,18075,,,1685645933
cancel,24957,,,1685645933
newOrder,16152,0,2515,1685645957
newOrder,18075,1,2515,1685645957
newOrder,9691,0,13251,1685645957
newOrder,24957,1,13251,1685645957
cancel,9691,,,1685646534
cancel,16152,,,1685646534
cancel,18075,,,1685646534
cancel,24957,,,1685646534
newOrder,16153,0,2516,1685646558
newOrder,18075,1,2516,1685646558
newOrder,12162,0,8647,1685646558
newOrder,24957,1,8647,1685646558
cancel,12162,,,1685647022
cancel,16153,,,1685647022
cancel,18075,,,1685647022
cancel,24957,,,1685647022
newOrder,16079,0,2502,1685647029
newOrder,18083,1,2502,1685647029
newOrder,12002,0,11813,1685647029
newOrder,24957,1,11813,1685647029
cancel,12002,,,1685647132
cancel,16079,,,1685647132
cancel,18083,,,1685647132
cancel,24957,,,1685647132
newOrder,16031,0,2491,1685647157
newOrder,18075,1,2491,1685647157
newOrder,12162,0,9237,1685647157
newOrder,24957,1,9237,1685647157
cancel,12162,,,1685647393
cancel,16031,,,1685647393
cancel,18075,,,1685647393
cancel,24957,,,1685647393
newOrder,15957,0,2476,1685647402
newOrder,18083,1,2476,1685647402
newOrder,12162,0,9119,1685647402
newOrder,24957,1,9119,1685647402
cancel,12162,,,1685647496
cancel,15957,,,1685647496
cancel,18083,,,1685647496
cancel,24957,,,1685647496
newOrder,15877,0,2459,1685647504
newOrder,18090,1,2459,1685647504
newOrder,9526,0,12769,1685647504
newOrder,24957,1,12769,1685647504
cancel,9526,,,1685647614
cancel,18090,,,1685647614
cancel,24957,,,1685647614
newOrder,15791,0,2439,1685647623
newOrder,18098,1,2439,1685647623
newOrder,9474,0,12963,1685647623
newOrder,24957,1,12963,1685647623
cancel,9474,,,1685647714
cancel,18098,,,1685647714
cancel,24957,,,1685647714
newOrder,15698,0,2416,1685647722
newOrder,18106,1,2416,1685647722
newOrder,12304,0,4157,1685647722
newOrder,24957,1,4157,1685647722
cancel,12304,,,1685647733
cancel,15698,,,1685647733
cancel,18106,,,1685647733
cancel,24957,,,1685647733
newOrder,15555,0,2368,1685647756
newOrder,18075,1,2368,1685647756
newOrder,12002,0,11118,1685647756
newOrder,24957,1,11118,1685647756
cancel,12002,,,1685647881
cancel,18075,,,1685647881
cancel,24957,,,1685647881
newOrder,15483,0,2348,1685647892
newOrder,18083,1,2348,1685647892
newOrder,12162,0,9917,1685647892
newOrder,24957,1,9917,1685647892
cancel,12162,,,1685647923
cancel,18083,,,1685647923
cancel,24957,,,1685647923
newOrder,15405,0,2325,1685647935
newOrder,18090,1,2325,1685647935
newOrder,12304,0,4302,1685647935
newOrder,24957,1,4302,1685647935
cancel,12304,,,1685647985
cancel,18090,,,1685647985
cancel,24957,,,1685647985
newOrder,15321,0,2300,1685647995
newOrder,18098,1,2300,1685647995
newOrder,12162,0,9351,1685647995
newOrder,24957,1,9351,1685647995
cancel,12162,,,1685648127
cancel,18098,,,1685648127
cancel,24957,,,1685648127
newOrder,15231,0,2271,1685648136
newOrder,18106,1,2271,1685648136
newOrder,9139,0,11597,1685648136
newOrder,24957,1,11597,1685648136
cancel,9139,,,1685648177
cancel,18106,,,1685648177
cancel,24957,,,1685648177
newOrder,15135,0,2239,1685648185
newOrder,18113,1,2239,1685648185
newOrder,12304,0,3636,1685648185
newOrder,24957,1,3636,1685648185
cancel,12304,,,1685648334
cancel,15135,,,1685648334
cancel,18113,,,1685648334
cancel,24957,,,1685648334
newOrder,15125,0,2224,1685648358
newOrder,18075,1,2224,1685648358
newOrder,12162,0,8293,1685648358
newOrder,24957,1,8293,1685648358
cancel,12162,,,1685648933
cancel,15125,,,1685648933
cancel,18075,,,1685648933
cancel,24957,,,1685648933
newOrder,15138,0,2229,1685648961
newOrder,18075,1,2229,1685648961
newOrder,12304,0,5225,1685648961
newOrder,24957,1,5225,1685648961
cancel,12304,,,1685649533
cancel,15138,,,1685649533
cancel,18075,,,1685649533
cancel,24957,,,1685649533
newOrder,15140,0,2229,1685649557
newOrder,18075,1,2229,1685649557
newOrder,12122,0,9931,1685649557
newOrder,24957,1,9931,1685649557
cancel,12122,,,1685650134
cancel,15140,,,1685650134
cancel,18075,,,1685650134
cancel,24957,,,1685650134
newOrder,15140,0,2230,1685650162
newOrder,18075,1,2230,1685650162
newOrder,12162,0,7564,1685650162
newOrder,24957,1,7564,1685650162
cancel,12162,,,1685650436
cancel,15140,,,1685650436
cancel,18075,,,1685650436
cancel,24957,,,1685650436
newOrder,15140,0,8286,1685650459
newOrder,18075,1,8286,1685650459
newOrder,12304,0,12500,1685650459
newOrder,24957,1,12500,1685650459
cancel,12304,,,1685651068
cancel,15140,,,1685651068
cancel,18075,,,1685651068
cancel,24957,,,1685651068
newOrder,15140,0,8287,1685651090
newOrder,18075,1,8287,1685651090
newOrder,15111,0,3891,1685651090
cancel,15111,,,1685651669
cancel,15140,,,1685651669
cancel,18075,,,1685651669
newOrder,15140,0,8287,1685651693
newOrder,18075,1,8287,1685651693
newOrder,9084,0,38052,1685651693
newOrder,24999,1,38052,1685651693
cancel,9084,,,1685652267
cancel,15140,,,1685652267
cancel,18075,,,1685652267
cancel,24999,,,1685652267
newOrder,15140,0,8288,1685652289
newOrder,18075,1,8288,1685652289
newOrder,12304,0,12834,1685652289
newOrder,24957,1,12834,1685652289
cancel,12304,,,1685652867
cancel,15140,,,1685652867
cancel,18075,,,1685652867
cancel,24957,,,1685652867
newOrder,15140,0,8288,1685652890
newOrder,18075,1,8288,1685652890
newOrder,9084,0,37619,1685652890
newOrder,24999,1,37619,1685652890
cancel,9084,,,1685653467
cancel,15140,,,1685653467
cancel,18075,,,1685653467
cancel,24999,,,1685653467
newOrder,15140,0,8288,1685653490
newOrder,18075,1,8288,1685653490
newOrder,9084,0,26548,1685653490
newOrder,24957,1,26548,1685653490
cancel,9084,,,1685654068
cancel,15140,,,1685654068
cancel,18075,,,1685654068
cancel,24957,,,1685654068
newOrder,15140,0,8289,1685654093
newOrder,18075,1,8289,1685654093
newOrder,9084,0,43442,1685654093
newOrder,24999,1,43442,1685654093
cancel,9084,,,1685654667
cancel,15140,,,1685654667
cancel,18075,,,1685654667
cancel,24999,,,1685654667
newOrder,15140,0,8289,1685654691
newOrder,18075,1,8289,1685654691
newOrder,9084,0,36570,1685654691
newOrder,24999,1,36570,1685654691
cancel,9084,,,1685655267
cancel,15140,,,1685655267
cancel,18075,,,1685655267
cancel,24999,,,1685655267
newOrder,15140,0,8290,1685655291
newOrder,18075,1,8290,1685655291
newOrder,9084,0,26924,1685655291
newOrder,24957,1,26924,1685655291
cancel,9084,,,1685655868
cancel,15140,,,1685655868
cancel,18075,,,1685655868
cancel,24957,,,1685655868
newOrder,15140,0,8290,1685655892
newOrder,18075,1,8290,1685655892
newOrder,9084,0,26586,1685655892
newOrder,24957,1,26586,1685655892
cancel,9084,,,1685656467
cancel,15140,,,1685656467
cancel,18075,,,1685656467
cancel,24957,,,1685656467
newOrder,15140,0,8291,1685656490
newOrder,18075,1,8291,1685656490
newOrder,9084,0,36562,1685656490
newOrder,24999,1,36562,1685656490
cancel,9084,,,1685657067
cancel,15140,,,1685657067
cancel,18075,,,1685657067
cancel,24999,,,1685657067
newOrder,15140,0,8291,1685657091
newOrder,18075,1,8291,1685657091
newOrder,9084,0,30649,1685657091
newOrder,24957,1,30649,1685657091
cancel,9084,,,1685657667
cancel,15140,,,1685657667
cancel,18075,,,1685657667
cancel,24957,,,1685657667
newOrder,15140,0,8291,1685657691
newOrder,18075,1,8291,1685657691
newOrder,9084,0,30872,1685657691
newOrder,24957,1,30872,1685657691
cancel,9084,,,1685658267
cancel,15140,,,1685658267
cancel,18075,,,1685658267
cancel,24957,,,1685658267
newOrder,15090,0,8256,1685658289
newOrder,18075,1,8256,1685658289
newOrder,12304,0,12330,1685658289
newOrder,24957,1,12330,1685658289
cancel,12304,,,1685658867
cancel,15090,,,1685658867
cancel,18075,,,1685658867
cancel,24957,,,1685658867
newOrder,15028,0,8211,1685658890
newOrder,18075,1,8211,1685658890
newOrder,9017,0,41424,1685658890
newOrder,24999,1,41424,1685658890
cancel,9017,,,1685659467
cancel,15028,,,1685659467
cancel,18075,,,1685659467
cancel,24999,,,1685659467
newOrder,14969,0,8166,1685659490
newOrder,18075,1,8166,1685659490
newOrder,8981,0,22427,1685659490
newOrder,24957,1,22427,1685659490
cancel,8981,,,1685660067
cancel,14969,,,1685660067
cancel,18075,,,1685660067
cancel,24957,,,1685660067
newOrder,14969,0,8166,1685660092
newOrder,18075,1,8166,1685660092
newOrder,8981,0,34832,1685660092
newOrder,24999,1,34832,1685660092
cancel,8981,,,1685660667
cancel,14969,,,1685660667
cancel,18075,,,1685660667
cancel,24999,,,1685660667
newOrder,15760,0,8652,1685660690
newOrder,18075,1,8652,1685660690
newOrder,9456,0,32324,1685660690
newOrder,24957,1,32324,1685660690
cancel,9456,,,1685661267
cancel,15760,,,1685661267
cancel,18075,,,1685661267
cancel,24957,,,1685661267
newOrder,15792,0,8667,1685661290
newOrder,18075,1,8667,1685661290
newOrder,12304,0,8968,1685661290
newOrder,21899,1,8968,1685661290
cancel,12304,,,1685661866
cancel,15792,,,1685661866
cancel,18075,,,1685661866
cancel,21899,,,1685661866
newOrder,15831,0,8684,1685661890
newOrder,18075,1,8684,1685661890
newOrder,12013,0,16587,1685661890
newOrder,24957,1,16587,1685661890
cancel,12013,,,1685662468
cancel,15831,,,1685662468
cancel,18075,,,1685662468
cancel,24957,,,1685662468
newOrder,15828,0,8684,1685662494
newOrder,18075,1,8684,1685662494
newOrder,9497,0,17918,1685662494
newOrder,24957,1,17918,1685662494
cancel,9497,,,1685663067
cancel,15828,,,1685663067
cancel,18075,,,1685663067
cancel,24957,,,1685663067
newOrder,15752,0,8651,1685663091
newOrder,18075,1,8651,1685663091
newOrder,9451,0,35850,1685663091
newOrder,24999,1,35850,1685663091
cancel,9451,,,1685663668
cancel,15752,,,1685663668
cancel,18075,,,1685663668
cancel,24999,,,1685663668
newOrder,15995,0,8749,1685663690
newOrder,18075,1,8749,1685663690
newOrder,9597,0,20299,1685663690
newOrder,24957,1,20299,1685663690
cancel,9597,,,1685664267
cancel,15995,,,1685664267
cancel,18075,,,1685664267
cancel,24957,,,1685664267
newOrder,16001,0,8752,1685664292
newOrder,18075,1,8752,1685664292
newOrder,9600,0,38379,1685664292
newOrder,24999,1,38379,1685664292
cancel,9600,,,1685664867
cancel,16001,,,1685664867
cancel,18075,,,1685664867
cancel,24999,,,1685664867
newOrder,16001,0,8752,1685664890
newOrder,18075,1,8752,1685664890
newOrder,9600,0,29479,1685664890
newOrder,24957,1,29479,1685664890
cancel,9600,,,1685665467
cancel,16001,,,1685665467
cancel,18075,,,1685665467
cancel,24957,,,1685665467
newOrder,16001,0,8753,1685665491
newOrder,18075,1,8753,1685665491
newOrder,9601,0,21844,1685665491
newOrder,24957,1,21844,1685665491
cancel,9601,,,1685666067
cancel,16001,,,1685666067
cancel,18075,,,1685666067
cancel,24957,,,1685666067
newOrder,16001,0,8754,1685666090
newOrder,18075,1,8754,1685666090
newOrder,12304,0,13371,1685666090
newOrder,24957,1,13371,1685666090
cancel,12304,,,1685666668
cancel,16001,,,1685666668
cancel,18075,,,1685666668
cancel,24957,,,1685666668
newOrder,16001,0,8754,1685666692
newOrder,18075,1,8754,1685666692
newOrder,12002,0,17687,1685666692
newOrder,24957,1,17687,1685666692
cancel,12002,,,1685667266
cancel,16001,,,1685667266
cancel,18075,,,1685667266
cancel,24957,,,1685667266
newOrder,16001,0,8755,1685667288
newOrder,18075,1,8755,1685667288
newOrder,12501,0,5857,1685667288
cancel,12501,,,1685667867
cancel,16001,,,1685667867
cancel,18075,,,1685667867
newOrder,15999,0,8755,1685667890
newOrder,18075,1,8755,1685667890
newOrder,12304,0,10761,1685667890
newOrder,24957,1,10761,1685667890
cancel,12304,,,1685668468
cancel,15999,,,1685668468
cancel,18075,,,1685668468
cancel,24957,,,1685668468
newOrder,16001,0,8756,1685668488
newOrder,18075,1,8756,1685668488
newOrder,12501,0,8158,1685668488
cancel,12501,,,1685669068
cancel,16001,,,1685669068
cancel,18075,,,1685669068
newOrder,16000,0,8756,1685669091
newOrder,18075,1,8756,1685669091
newOrder,9600,0,26654,1685669091
newOrder,24957,1,26654,1685669091
cancel,9600,,,1685669667
cancel,16000,,,1685669667
cancel,18075,,,1685669667
cancel,24957,,,1685669667
newOrder,16000,0,8757,1685669689
newOrder,18075,1,8757,1685669689
newOrder,12304,0,10670,1685669689
newOrder,24957,1,10670,1685669689
cancel,12304,,,1685670268
cancel,16000,,,1685670268
cancel,18075,,,1685670268
cancel,24957,,,1685670268
newOrder,15959,0,8743,1685670291
newOrder,18075,1,8743,1685670291
newOrder,9576,0,30004,1685670291
newOrder,24957,1,30004,1685670291
cancel,9576,,,1685670867
cancel,15959,,,1685670867
cancel,18075,,,1685670867
cancel,24957,,,1685670867
newOrder,15966,0,8746,1685670891
newOrder,18075,1,8746,1685670891
newOrder,9579,0,39805,1685670891
newOrder,24999,1,39805,1685670891
cancel,9579,,,1685671467
cancel,15966,,,1685671467
cancel,18075,,,1685671467
cancel,24999,,,1685671467
newOrder,15965,0,8746,1685671491
newOrder,18075,1,8746,1685671491
newOrder,9579,0,45319,1685671491
newOrder,24999,1,45319,1685671491
cancel,9579,,,1685672068
cancel,15965,,,1685672068
cancel,18075,,,1685672068
cancel,24999,,,1685672068
newOrder,15965,0,8747,1685672090
newOrder,18075,1,8747,1685672090
newOrder,12013,0,16429,1685672090
newOrder,24957,1,16429,1685672090
cancel,12013,,,1685672667
cancel,15965,,,1685672667
cancel,18075,,,1685672667
cancel,24957,,,1685672667
newOrder,15965,0,8747,1685672690
newOrder,18075,1,8747,1685672690
newOrder,9579,0,17974,1685672690
newOrder,24957,1,17974,1685672690
cancel,9579,,,1685673267
cancel,15965,,,1685673267
cancel,18075,,,1685673267
cancel,24957,,,1685673267
newOrder,15965,0,8748,1685673290
newOrder,18075,1,8748,1685673290
newOrder,9579,0,45248,1685673290
newOrder,24999,1,45248,1685673290
cancel,9579,,,1685673867
cancel,15965,,,1685673867
cancel,18075,,,1685673867
cancel,24999,,,1685673867
newOrder,15965,0,8748,1685673891
newOrder,18075,1,8748,1685673891
newOrder,9579,0,45971,1685673891
newOrder,24999,1,45971,1685673891
cancel,9579,,,1685674467
cancel,15965,,,1685674467
cancel,18075,,,1685674467
cancel,24999,,,1685674467
newOrder,15965,0,8749,1685674491
newOrder,18075,1,8749,1685674491
newOrder,9579,0,31905,1685674491
newOrder,24957,1,31905,1685674491
cancel,9579,,,1685675067
cancel,15965,,,1685675067
cancel,18075,,,1685675067
cancel,24957,,,1685675067
newOrder,15965,0,8750,1685675090
newOrder,18075,1,8750,1685675090
newOrder,9579,0,27805,1685675090
newOrder,24957,1,27805,1685675090
cancel,9579,,,1685675667
cancel,15965,,,1685675667
cancel,18075,,,1685675667
cancel,24957,,,1685675667
newOrder,15967,0,8751,1685675691
newOrder,18075,1,8751,1685675691
newOrder,9580,0,41377,1685675691
newOrder,24999,1,41377,1685675691
cancel,9580,,,1685676268
cancel,15967,,,1685676268
cancel,18075,,,1685676268
cancel,24999,,,1685676268
newOrder,15967,0,8751,1685676291
newOrder,18075,1,8751,1685676291
newOrder,9580,0,46733,1685676291
newOrder,24999,1,46733,1685676291
cancel,9580,,,1685676867
cancel,15967,,,1685676867
cancel,18075,,,1685676867
cancel,24999,,,1685676867
newOrder,15967,0,8752,1685676890
newOrder,18075,1,8752,1685676890
newOrder,12162,0,15662,1685676890
newOrder,24957,1,15662,1685676890
cancel,12162,,,1685677468
cancel,15967,,,1685677468
cancel,18075,,,1685677468
cancel,24957,,,1685677468
newOrder,15966,0,8752,1685677488
newOrder,18075,1,8752,1685677488
newOrder,12501,0,8859,1685677488
cancel,12501,,,1685678067
cancel,15966,,,1685678067
cancel,18075,,,1685678067
newOrder,15966,0,8753,1685678091
newOrder,18075,1,8753,1685678091
newOrder,12304,0,12618,1685678091
newOrder,24957,1,12618,1685678091
cancel,12304,,,1685678666
cancel,15966,,,1685678666
cancel,18075,,,1685678666
cancel,24957,,,1685678666
newOrder,15965,0,8753,1685678690
newOrder,18075,1,8753,1685678690
newOrder,12304,0,11877,1685678690
newOrder,24957,1,11877,1685678690
cancel,12304,,,1685679267
cancel,15965,,,1685679267
cancel,18075,,,1685679267
cancel,24957,,,1685679267
newOrder,15903,0,8730,1685679291
newOrder,18075,1,8730,1685679291
newOrder,9542,0,21598,1685679291
newOrder,24957,1,21598,1685679291
cancel,9542,,,1685679867
cancel,15903,,,1685679867
cancel,18075,,,1685679867
cancel,24957,,,1685679867
newOrder,15903,0,8731,1685679888
newOrder,18075,1,8731,1685679888
newOrder,12501,0,8659,1685679888
cancel,12501,,,1685680467
cancel,15903,,,1685680467
cancel,18075,,,1685680467
newOrder,15903,0,8731,1685680491
newOrder,18075,1,8731,1685680491
newOrder,9542,0,21657,1685680491
newOrder,24957,1,21657,1685680491
cancel,9542,,,1685681067
cancel,15903,,,1685681067
cancel,18075,,,1685681067
cancel,24957,,,1685681067
newOrder,15903,0,8732,1685681090
newOrder,18075,1,8732,1685681090
newOrder,9542,0,23809,1685681090
newOrder,24957,1,23809,1685681090
cancel,9542,,,1685681667
cancel,15903,,,1685681667
cancel,18075,,,1685681667
cancel,24957,,,1685681667
newOrder,15903,0,8732,1685681691
newOrder,18075,1,8732,1685681691
newOrder,9542,0,20750,1685681691
newOrder,24957,1,20750,1685681691
cancel,9542,,,1685682268
cancel,15903,,,1685682268
cancel,18075,,,1685682268
cancel,24957,,,1685682268
newOrder,15903,0,8733,1685682290
newOrder,18075,1,8733,1685682290
newOrder,12501,0,6546,1685682290
cancel,12501,,,1685682867
cancel,15903,,,1685682867
cancel,18075,,,1685682867
newOrder,15903,0,8734,1685682890
newOrder,18075,1,8734,1685682890
newOrder,9542,0,39242,1685682890
newOrder,24999,1,39242,1685682890
cancel,9542,,,1685683468
cancel,15903,,,1685683468
cancel,18075,,,1685683468
cancel,24999,,,1685683468
newOrder,15882,0,8725,1685683491
newOrder,18075,1,8725,1685683491
newOrder,9529,0,45462,1685683491
newOrder,24999,1,45462,1685683491
cancel,9529,,,1685684068
cancel,15882,,,1685684068
cancel,18075,,,1685684068
cancel,24999,,,1685684068
newOrder,15882,0,8726,1685684090
newOrder,18075,1,8726,1685684090
newOrder,9529,0,37562,1685684090
newOrder,24999,1,37562,1685684090
cancel,9529,,,1685684667
cancel,15882,,,1685684667
cancel,18075,,,1685684667
cancel,24999,,,1685684667
newOrder,15882,0,8727,1685684688
newOrder,18075,1,8727,1685684688
newOrder,12501,0,5954,1685684688
cancel,12501,,,1685685267
cancel,15882,,,1685685267
cancel,18075,,,1685685267
newOrder,15830,0,8706,1685685290
newOrder,18075,1,8706,1685685290
newOrder,12304,0,12298,1685685290
newOrder,24957,1,12298,1685685290
cancel,12304,,,1685685869
cancel,15830,,,1685685869
cancel,18075,,,1685685869
cancel,24957,,,1685685869
newOrder,15829,0,8706,1685685891
newOrder,18075,1,8706,1685685891
newOrder,12501,0,8126,1685685891
cancel,12501,,,1685686468
cancel,15829,,,1685686468
cancel,18075,,,1685686468
newOrder,15740,0,8667,1685686490
newOrder,18075,1,8667,1685686490
newOrder,12013,0,16709,1685686490
newOrder,24957,1,16709,1685686490
cancel,12013,,,1685687068
cancel,15740,,,1685687068
cancel,18075,,,1685687068
cancel,24957,,,1685687068
newOrder,15740,0,8667,1685687095
newOrder,18075,1,8667,1685687095
newOrder,9444,0,41934,1685687095
newOrder,24999,1,41934,1685687095
cancel,9444,,,1685687667
cancel,15740,,,1685687667
cancel,18075,,,1685687667
cancel,24999,,,1685687667
newOrder,15862,0,8721,1685687690
newOrder,18075,1,8721,1685687690
newOrder,9517,0,24292,1685687690
newOrder,24957,1,24292,1685687690
cancel,9517,,,1685688266
cancel,15862,,,1685688266
cancel,18075,,,1685688266
cancel,24957,,,1685688266
newOrder,15862,0,8722,1685688290
newOrder,18075,1,8722,1685688290
newOrder,9517,0,25792,1685688290
newOrder,24957,1,25792,1685688290
cancel,9517,,,1685688867
cancel,15862,,,1685688867
cancel,18075,,,1685688867
cancel,24957,,,1685688867
newOrder,15862,0,8723,1685688891
newOrder,18075,1,8723,1685688891
newOrder,9517,0,27051,1685688891
newOrder,24957,1,27051,1685688891
cancel,9517,,,1685689469
cancel,15862,,,1685689469
cancel,18075,,,1685689469
cancel,24957,,,1685689469
newOrder,15862,0,8723,1685689492
newOrder,18075,1,8723,1685689492
newOrder,9517,0,39049,1685689492
newOrder,24999,1,39049,1685689492
cancel,9517,,,1685690067
cancel,15862,,,1685690067
cancel,18075,,,1685690067
cancel,24999,,,1685690067
newOrder,15862,0,8724,1685690090
newOrder,18075,1,8724,1685690090
newOrder,9517,0,39004,1685690090
newOrder,24999,1,39004,1685690090
cancel,9517,,,1685690667
cancel,15862,,,1685690667
cancel,18075,,,1685690667
cancel,24999,,,1685690667
newOrder,15862,0,8724,1685690691
newOrder,18075,1,8724,1685690691
newOrder,12304,0,9758,1685690691
newOrder,24957,1,9758,1685690691
cancel,12304,,,1685691267
cancel,15862,,,1685691267
cancel,18075,,,1685691267
cancel,24957,,,1685691267
newOrder,15862,0,8725,1685691291
newOrder,18075,1,8725,1685691291
newOrder,9517,0,27985,1685691291
newOrder,24957,1,27985,1685691291
cancel,9517,,,1685691867
cancel,15862,,,1685691867
cancel,18075,,,1685691867
cancel,24957,,,1685691867
newOrder,15862,0,8725,1685691890
newOrder,18075,1,8725,1685691890
newOrder,12013,0,16492,1685691890
newOrder,24957,1,16492,1685691890
cancel,12013,,,1685692467
cancel,15862,,,1685692467
cancel,18075,,,1685692467
cancel,24957,,,1685692467
newOrder,15862,0,8726,1685692489
newOrder,18075,1,8726,1685692489
newOrder,9517,0,41795,1685692489
newOrder,24999,1,41795,1685692489
cancel,9517,,,1685693067
cancel,15862,,,1685693067
cancel,18075,,,1685693067
cancel,24999,,,1685693067
newOrder,15862,0,8726,1685693092
newOrder,18075,1,8726,1685693092
newOrder,9517,0,28201,1685693092
newOrder,24957,1,28201,1685693092
cancel,9517,,,1685693668
cancel,15862,,,1685693668
cancel,18075,,,1685693668
cancel,24957,,,1685693668
newOrder,15862,0,8727,1685693691
newOrder,18075,1,8727,1685693691
newOrder,9517,0,37765,1685693691
newOrder,24999,1,37765,1685693691
cancel,9517,,,1685694266
cancel,15862,,,1685694266
cancel,18075,,,1685694266
cancel,24999,,,1685694266
newOrder,15862,0,8728,1685694292
newOrder,18075,1,8728,1685694292
newOrder,12501,0,5556,1685694292
cancel,12501,,,1685694870
cancel,15862,,,1685694870
cancel,18075,,,1685694870
newOrder,15862,0,8728,1685694893
newOrder,18075,1,8728,1685694893
newOrder,9517,0,33268,1685694893
newOrder,24957,1,33268,1685694893
cancel,9517,,,1685695467
cancel,15862,,,1685695467
cancel,18075,,,1685695467
cancel,24957,,,1685695467
newOrder,15862,0,8729,1685695489
newOrder,18075,1,8729,1685695489
newOrder,9517,0,31070,1685695489
newOrder,24957,1,31070,1685695489
cancel,9517,,,1685696067
cancel,15862,,,1685696067
cancel,18075,,,1685696067
cancel,24957,,,1685696067
newOrder,15862,0,8729,1685696093
newOrder,18075,1,8729,1685696093
newOrder,9517,0,21328,1685696093
newOrder,24957,1,21328,1685696093
cancel,9517,,,1685696667
cancel,15862,,,1685696667
cancel,18075,,,1685696667
cancel,24957,,,1685696667
newOrder,15863,0,8730,1685696690
newOrder,18075,1,8730,1685696690
newOrder,9518,0,26545,1685696690
newOrder,24957,1,26545,1685696690
cancel,9518,,,1685697267
cancel,15863,,,1685697267
cancel,18075,,,1685697267
cancel,24957,,,1685697267
newOrder,15863,0,8731,1685697291
newOrder,18075,1,8731,1685697291
newOrder,9518,0,28815,1685697291
newOrder,24957,1,28815,1685697291
cancel,9518,,,1685697867
cancel,15863,,,1685697867
cancel,18075,,,1685697867
cancel,24957,,,1685697867
newOrder,15865,0,8732,1685697889
newOrder,18075,1,8732,1685697889
newOrder,12501,0,5294,1685697889
cancel,12501,,,1685698468
cancel,15865,,,1685698468
cancel,18075,,,1685698468
newOrder,15865,0,8733,1685698491
newOrder,18075,1,8733,1685698491
newOrder,9519,0,37593,1685698491
newOrder,24999,1,37593,1685698491
cancel,9519,,,1685699067
cancel,15865,,,1685699067
cancel,18075,,,1685699067
cancel,24999,,,1685699067
newOrder,15865,0,8733,1685699092
newOrder,18075,1,8733,1685699092
newOrder,12013,0,16732,1685699092
newOrder,24957,1,16732,1685699092
cancel,12013,,,1685699667
cancel,15865,,,1685699667
cancel,18075,,,1685699667
cancel,24957,,,1685699667
newOrder,15865,0,8734,1685699689
newOrder,18075,1,8734,1685699689
newOrder,12162,0,14002,1685699689
newOrder,24957,1,14002,1685699689
cancel,12162,,,1685700267
cancel,15865,,,1685700267
cancel,18075,,,1685700267
cancel,24957,,,1685700267
newOrder,15865,0,8735,1685700289
newOrder,18075,1,8735,1685700289
newOrder,9519,0,30079,1685700289
newOrder,24957,1,30079,1685700289
cancel,9519,,,1685700868
cancel,15865,,,1685700868
cancel,18075,,,1685700868
cancel,24957,,,1685700868
newOrder,15865,0,8735,1685700890
newOrder,18075,1,8735,1685700890
newOrder,9519,0,37211,1685700890
newOrder,24999,1,37211,1685700890
cancel,9519,,,1685701466
cancel,15865,,,1685701466
cancel,18075,,,1685701466
cancel,24999,,,1685701466
newOrder,15865,0,8736,1685701492
newOrder,18075,1,8736,1685701492
newOrder,12013,0,17038,1685701492
newOrder,24957,1,17038,1685701492
cancel,12013,,,1685702068
cancel,15865,,,1685702068
cancel,18075,,,1685702068
cancel,24957,,,1685702068
newOrder,15865,0,8736,1685702092
newOrder,18075,1,8736,1685702092
newOrder,9519,0,41459,1685702092
newOrder,24999,1,41459,1685702092
cancel,9519,,,1685702667
cancel,15865,,,1685702667
cancel,18075,,,1685702667
cancel,24999,,,1685702667
newOrder,15865,0,8737,1685702689
newOrder,18075,1,8737,1685702689
newOrder,9519,0,44042,1685702689
newOrder,24999,1,44042,1685702689
cancel,9519,,,1685703267
cancel,15865,,,1685703267
cancel,18075,,,1685703267
cancel,24999,,,1685703267
newOrder,15865,0,8737,1685703291
newOrder,18075,1,8737,1685703291
newOrder,9519,0,20158,1685703291
newOrder,24957,1,20158,1685703291
cancel,9519,,,1685703867
cancel,15865,,,1685703867
cancel,18075,,,1685703867
cancel,24957,,,1685703867
newOrder,15865,0,8738,1685703890
newOrder,18075,1,8738,1685703890
newOrder,9519,0,31594,1685703890
newOrder,24957,1,31594,1685703890
cancel,9519,,,1685704468
cancel,15865,,,1685704468
cancel,18075,,,1685704468
cancel,24957,,,1685704468
newOrder,15865,0,8739,1685704491
newOrder,18075,1,8739,1685704491
newOrder,12304,0,13268,1685704491
newOrder,24957,1,13268,1685704491
cancel,12304,,,1685705066
cancel,15865,,,1685705066
cancel,18075,,,1685705066
cancel,24957,,,1685705066
newOrder,15865,0,8739,1685705090
newOrder,18075,1,8739,1685705090
newOrder,12304,0,10001,1685705090
newOrder,24957,1,10001,1685705090
cancel,12304,,,1685705668
cancel,15865,,,1685705668
cancel,18075,,,1685705668
cancel,24957,,,1685705668
newOrder,15865,0,8740,1685705691
newOrder,18075,1,8740,1685705691
newOrder,9519,0,33156,1685705691
newOrder,24957,1,33156,1685705691
cancel,9519,,,1685706267
cancel,15865,,,1685706267
cancel,18075,,,1685706267
cancel,24957,,,1685706267
newOrder,15865,0,8740,1685706290
newOrder,18075,1,8740,1685706290
newOrder,12501,0,6405,1685706290
cancel,12501,,,1685706866
cancel,15865,,,1685706866
cancel,18075,,,1685706866
newOrder,15865,0,8741,1685706889
newOrder,18075,1,8741,1685706889
newOrder,9519,0,43855,1685706889
newOrder,24999,1,43855,1685706889
cancel,9519,,,1685707467
cancel,15865,,,1685707467
cancel,18075,,,1685707467
cancel,24999,,,1685707467
newOrder,15865,0,8741,1685707493
newOrder,18075,1,8741,1685707493
newOrder,12162,0,14689,1685707493
newOrder,24957,1,14689,1685707493