instruction,price,side,qty,time
cancel,11554,,,1679659727
cancel,19257,,,1679659727
cancel,20084,,,1679659727
cancel,24999,,,1679659727
newOrder,19257,0,21335,1679659754
newOrder,20084,1,21335,1679659754
newOrder,11554,0,66268,1679659754
newOrder,24999,1,66268,1679659754
cancel,11554,,,1679660327
cancel,19257,,,1679660327
cancel,20084,,,1679660327
cancel,24999,,,1679660327
newOrder,19257,0,21343,1679660371
newOrder,20084,1,21343,1679660371
newOrder,11554,0,104341,1679660371
newOrder,24999,1,104341,1679660371
cancel,11554,,,1679660927
cancel,19257,,,1679660927
cancel,20084,,,1679660927
cancel,24999,,,1679660927
newOrder,19257,0,21350,1679660954
newOrder,20084,1,21350,1679660954
newOrder,11554,0,59733,1679660954
newOrder,24999,1,59733,1679660954
cancel,11554,,,1679661527
cancel,19257,,,1679661527
cancel,20084,,,1679661527
cancel,24999,,,1679661527
newOrder,19230,0,21320,1679661555
newOrder,20084,1,21320,1679661555
newOrder,13004,0,17617,1679661555
newOrder,22584,1,17617,1679661555
cancel,13004,,,1679662127
cancel,19230,,,1679662127
cancel,20084,,,1679662127
cancel,22584,,,1679662127
newOrder,19229,0,21326,1679662154
newOrder,20084,1,21326,1679662154
newOrder,11537,0,42630,1679662154
newOrder,24999,1,42630,1679662154
cancel,11537,,,1679662728
cancel,19229,,,1679662728
cancel,20084,,,1679662728
cancel,24999,,,1679662728
newOrder,19257,0,21372,1679662754
newOrder,20084,1,21372,1679662754
newOrder,13004,0,27567,1679662754
newOrder,24999,1,27567,1679662754
cancel,13004,,,1679663328
cancel,19257,,,1679663328
cancel,20084,,,1679663328
cancel,24999,,,1679663328
newOrder,19257,0,21379,1679663355
newOrder,20084,1,21379,1679663355
newOrder,11554,0,60150,1679663355
newOrder,24999,1,60150,1679663355
cancel,11554,,,1679663928
cancel,19257,,,1679663928
cancel,20084,,,1679663928
cancel,24999,,,1679663928
newOrder,19257,0,21386,1679663954
newOrder,20084,1,21386,1679663954
newOrder,11554,0,50781,1679663954
newOrder,24999,1,50781,1679663954
cancel,11554,,,1679664527
cancel,19257,,,1679664527
cancel,20084,,,1679664527
cancel,24999,,,1679664527
newOrder,19257,0,21394,1679664553
newOrder,20084,1,21394,1679664553
newOrder,13004,0,30926,1679664553
newOrder,24999,1,30926,1679664553
cancel,13004,,,1679665127
cancel,19257,,,1679665127
cancel,20084,,,1679665127
cancel,24999,,,1679665127
newOrder,19257,0,21401,1679665153
newOrder,20084,1,21401,1679665153
newOrder,11554,0,71697,1679665153
newOrder,24999,1,71697,1679665153
cancel,11554,,,1679665727
cancel,19257,,,1679665727
cancel,20084,,,1679665727
cancel,24999,,,1679665727
newOrder,19257,0,21408,1679665754
newOrder,20084,1,21408,1679665754
newOrder,13004,0,21243,1679665754
newOrder,22584,1,21243,1679665754
cancel,13004,,,1679666327
cancel,19257,,,1679666327
cancel,20084,,,1679666327
cancel,22584,,,1679666327
newOrder,19302,0,21472,1679666354
newOrder,20084,1,21472,1679666354
newOrder,11581,0,74483,1679666354
newOrder,24999,1,74483,1679666354
cancel,11581,,,1679666927
cancel,19302,,,1679666927
cancel,20084,,,1679666927
cancel,24999,,,1679666927
newOrder,19302,0,21480,1679666954
newOrder,20084,1,21480,1679666954
newOrder,13004,0,24994,1679666954
newOrder,24999,1,24994,1679666954
cancel,13004,,,1679667527
cancel,19302,,,1679667527
cancel,20084,,,1679667527
cancel,24999,,,1679667527
newOrder,19302,0,21487,1679667554
newOrder,20084,1,21487,1679667554
newOrder,11581,0,110339,1679667554
newOrder,24999,1,110339,1679667554
cancel,11581,,,1679668128
cancel,19302,,,1679668128
cancel,20084,,,1679668128
cancel,24999,,,1679668128
newOrder,19302,0,21495,1679668155
newOrder,20084,1,21495,1679668155
newOrder,11581,0,51360,1679668155
newOrder,24999,1,51360,1679668155
cancel,11581,,,1679668728
cancel,19302,,,1679668728
cancel,20084,,,1679668728
cancel,24999,,,1679668728
newOrder,19302,0,21502,1679668753
newOrder,20084,1,21502,1679668753
newOrder,11581,0,99079,1679668753
newOrder,24999,1,99079,1679668753
cancel,11581,,,1679669327
cancel,19302,,,1679669327
cancel,20084,,,1679669327
cancel,24999,,,1679669327
newOrder,19488,0,21672,1679669357
newOrder,20084,1,21672,1679669357
newOrder,13004,0,24654,1679669357
newOrder,24999,1,24654,1679669357
cancel,13004,,,1679669927
cancel,19488,,,1679669927
cancel,20084,,,1679669927
cancel,24999,,,1679669927
newOrder,19488,0,21680,1679669953
newOrder,20084,1,21680,1679669953
newOrder,13004,0,24683,1679669953
newOrder,24999,1,24683,1679669953
cancel,13004,,,1679670528
cancel,19488,,,1679670528
cancel,20084,,,1679670528
cancel,24999,,,1679670528
newOrder,19488,0,21688,1679670556
newOrder,20084,1,21688,1679670556
newOrder,11693,0,101563,1679670556
newOrder,24999,1,101563,1679670556
cancel,11693,,,1679671129
cancel,19488,,,1679671129
cancel,20084,,,1679671129
cancel,24999,,,1679671129
newOrder,19488,0,21696,1679671155
newOrder,20084,1,21696,1679671155
newOrder,13004,0,36521,1679671155
newOrder,24999,1,36521,1679671155
cancel,13004,,,1679671728
cancel,19488,,,1679671728
cancel,20084,,,1679671728
cancel,24999,,,1679671728
newOrder,19488,0,21704,1679671755
newOrder,20084,1,21704,1679671755
newOrder,11693,0,109902,1679671755
newOrder,24999,1,109902,1679671755
cancel,11693,,,1679672328
cancel,19488,,,1679672328
cancel,20084,,,1679672328
cancel,24999,,,1679672328
newOrder,19488,0,21712,1679672355
newOrder,20084,1,21712,1679672355
newOrder,11693,0,48349,1679672355
newOrder,24999,1,48349,1679672355
cancel,11693,,,1679672927
cancel,19488,,,1679672927
cancel,20084,,,1679672927
cancel,24999,,,1679672927
newOrder,19408,0,21664,1679672955
newOrder,20084,1,21664,1679672955
newOrder,11645,0,99956,1679672955
newOrder,24999,1,99956,1679672955
cancel,11645,,,1679673528
cancel,19408,,,1679673528
cancel,20084,,,1679673528
cancel,24999,,,1679673528
newOrder,19371,0,21638,1679673570
newOrder,20084,1,21638,1679673570
newOrder,11622,0,111336,1679673570
newOrder,24999,1,111336,1679673570
cancel,11622,,,1679674128
cancel,19371,,,1679674128
cancel,20084,,,1679674128
cancel,24999,,,1679674128
newOrder,19427,0,21695,1679674156
newOrder,20084,1,21695,1679674156
newOrder,13004,0,24003,1679674156
newOrder,24999,1,24003,1679674156
cancel,13004,,,1679674728
cancel,19427,,,1679674728
cancel,20084,,,1679674728
cancel,24999,,,1679674728
newOrder,19322,0,21601,1679674756
newOrder,20084,1,21601,1679674756
newOrder,13004,0,29398,1679674756
newOrder,24999,1,29398,1679674756
cancel,13004,,,1679675331
cancel,19322,,,1679675331
cancel,20084,,,1679675331
cancel,24999,,,1679675331
newOrder,19326,0,21613,1679675358
newOrder,20084,1,21613,1679675358
newOrder,13004,0,27310,1679675358
newOrder,24999,1,27310,1679675358
cancel,13004,,,1679675928
cancel,19326,,,1679675928
cancel,20084,,,1679675928
cancel,24999,,,1679675928
newOrder,19325,0,21620,1679675956
newOrder,20084,1,21620,1679675956
newOrder,13003,0,37326,1679675956
newOrder,24999,1,37326,1679675956
cancel,13003,,,1679676528
cancel,19325,,,1679676528
cancel,20084,,,1679676528
cancel,24999,,,1679676528
newOrder,19326,0,21628,1679676556
newOrder,20084,1,21628,1679676556
newOrder,11596,0,112741,1679676556
newOrder,24999,1,112741,1679676556
cancel,11596,,,1679677128
cancel,19326,,,1679677128
cancel,20084,,,1679677128
cancel,24999,,,1679677128
newOrder,19324,0,21634,1679677155
newOrder,20084,1,21634,1679677155
newOrder,11594,0,94632,1679677155
newOrder,24999,1,94632,1679677155
cancel,11594,,,1679677727
cancel,19324,,,1679677727
cancel,20084,,,1679677727
cancel,24999,,,1679677727
newOrder,19323,0,21640,1679677756
newOrder,20084,1,21640,1679677756
newOrder,11594,0,72159,1679677756
newOrder,24999,1,72159,1679677756
cancel,11594,,,1679678328
cancel,19323,,,1679678328
cancel,20084,,,1679678328
cancel,24999,,,1679678328
newOrder,19334,0,21660,1679678356
newOrder,20084,1,21660,1679678356
newOrder,11600,0,60731,1679678356
newOrder,24999,1,60731,1679678356
cancel,11600,,,1679678928
cancel,19334,,,1679678928
cancel,20084,,,1679678928
cancel,24999,,,1679678928
newOrder,19322,0,21654,1679678955
newOrder,20084,1,21654,1679678955
newOrder,11593,0,111892,1679678955
newOrder,24999,1,111892,1679678955
cancel,11593,,,1679679528
cancel,19322,,,1679679528
cancel,20084,,,1679679528
cancel,24999,,,1679679528
newOrder,19323,0,21663,1679679555
newOrder,20084,1,21663,1679679555
newOrder,13004,0,29280,1679679555
newOrder,24999,1,29280,1679679555
cancel,13004,,,1679680128
cancel,19323,,,1679680128
cancel,20084,,,1679680128
cancel,24999,,,1679680128
newOrder,19323,0,21671,1679680156
newOrder,20084,1,21671,1679680156
newOrder,13004,0,22880,1679680156
newOrder,24999,1,22880,1679680156
cancel,13004,,,1679680728
cancel,19323,,,1679680728
cancel,20084,,,1679680728
cancel,24999,,,1679680728
newOrder,19300,0,21652,1679680755
newOrder,20084,1,21652,1679680755
newOrder,11580,0,68954,1679680755
newOrder,24999,1,68954,1679680755
cancel,11580,,,1679681329
cancel,19300,,,1679681329
cancel,20084,,,1679681329
cancel,24999,,,1679681329
newOrder,19303,0,21671,1679681953
newOrder,20084,1,21671,1679681953
newOrder,11582,0,86525,1679681953
newOrder,24999,1,86525,1679681953
cancel,11582,,,1679682527
cancel,19303,,,1679682527
cancel,20084,,,1679682527
cancel,24999,,,1679682527
newOrder,19304,0,21679,1679682553
newOrder,20084,1,21679,1679682553
newOrder,11582,0,71847,1679682553
newOrder,24999,1,71847,1679682553
cancel,11582,,,1679683128
cancel,19304,,,1679683128
cancel,20084,,,1679683128
cancel,24999,,,1679683128
newOrder,19305,0,21689,1679683155
newOrder,20084,1,21689,1679683155
newOrder,11583,0,90986,1679683155
newOrder,24999,1,90986,1679683155
cancel,11583,,,1679683727
cancel,19305,,,1679683727
cancel,20084,,,1679683727
cancel,24999,,,1679683727
newOrder,19305,0,21696,1679683755
newOrder,20084,1,21696,1679683755
newOrder,11583,0,49250,1679683755
newOrder,24999,1,49250,1679683755
cancel,11583,,,1679684326
cancel,19305,,,1679684326
cancel,20084,,,1679684326
cancel,24999,,,1679684326
newOrder,19305,0,21704,1679684355
newOrder,20084,1,21704,1679684355
newOrder,11583,0,98971,1679684355
newOrder,24999,1,98971,1679684355
cancel,11583,,,1679684928
cancel,19305,,,1679684928
cancel,20084,,,1679684928
cancel,24999,,,1679684928
newOrder,19304,0,21710,1679684952
newOrder,20084,1,21710,1679684952
newOrder,11582,0,64209,1679684952
newOrder,24999,1,64209,1679684952
cancel,11582,,,1679685528
cancel,19304,,,1679685528
cancel,20084,,,1679685528
cancel,24999,,,1679685528
newOrder,19303,0,21717,1679685554
newOrder,20084,1,21717,1679685554
newOrder,11582,0,86550,1679685554
newOrder,24999,1,86550,1679685554
cancel,11582,,,1679686127
cancel,19303,,,1679686127
cancel,20084,,,1679686127
cancel,24999,,,1679686127
newOrder,19303,0,21724,1679686153
newOrder,20084,1,21724,1679686153
newOrder,11582,0,100709,1679686153
newOrder,24999,1,100709,1679686153
cancel,11582,,,1679686730
cancel,19303,,,1679686730
cancel,20084,,,1679686730
cancel,24999,,,1679686730
newOrder,19329,0,21764,1679686761
newOrder,20084,1,21764,1679686761
newOrder,13004,0,15538,1679686761
newOrder,22584,1,15538,1679686761
cancel,13004,,,1679687327
cancel,19329,,,1679687327
cancel,20084,,,1679687327
cancel,22584,,,1679687327
newOrder,19306,0,21744,1679687355
newOrder,20084,1,21744,1679687355
newOrder,11584,0,57474,1679687355
newOrder,24999,1,57474,1679687355
cancel,11584,,,1679687928
cancel,19306,,,1679687928
cancel,20084,,,1679687928
cancel,24999,,,1679687928
newOrder,19307,0,21753,1679687953
newOrder,20084,1,21753,1679687953
newOrder,11584,0,89794,1679687953
newOrder,24999,1,89794,1679687953
cancel,11584,,,1679688528
cancel,19307,,,1679688528
cancel,20084,,,1679688528
cancel,24999,,,1679688528
newOrder,19307,0,21761,1679688556
newOrder,20084,1,21761,1679688556
newOrder,11584,0,103397,1679688556
newOrder,24999,1,103397,1679688556
cancel,11584,,,1679689127
cancel,19307,,,1679689127
cancel,20084,,,1679689127
cancel,24999,,,1679689127
newOrder,19309,0,21770,1679689154
newOrder,20084,1,21770,1679689154
newOrder,11585,0,105641,1679689154
newOrder,24999,1,105641,1679689154
cancel,11585,,,1679689728
cancel,19309,,,1679689728
cancel,20084,,,1679689728
cancel,24999,,,1679689728
newOrder,19308,0,21778,1679689754
newOrder,20084,1,21778,1679689754
newOrder,13004,0,34113,1679689754
newOrder,24999,1,34113,1679689754
cancel,13004,,,1679690328
cancel,19308,,,1679690328
cancel,20084,,,1679690328
cancel,24999,,,1679690328
newOrder,19278,0,21746,1679690355
newOrder,20084,1,21746,1679690355
newOrder,11567,0,64876,1679690355
newOrder,24999,1,64876,1679690355
cancel,11567,,,1679690928
cancel,19278,,,1679690928
cancel,20084,,,1679690928
cancel,24999,,,1679690928
newOrder,19280,0,21757,1679690955
newOrder,20084,1,21757,1679690955
newOrder,11568,0,111242,1679690955
newOrder,24999,1,111242,1679690955
cancel,11568,,,1679691528
cancel,19280,,,1679691528
cancel,20084,,,1679691528
cancel,24999,,,1679691528
newOrder,19279,0,21763,1679691553
newOrder,20084,1,21763,1679691553
newOrder,11568,0,69333,1679691553
newOrder,24999,1,69333,1679691553
cancel,11568,,,1679692127
cancel,19279,,,1679692127
cancel,20084,,,1679692127
cancel,24999,,,1679692127
newOrder,19278,0,21769,1679692156
newOrder,20084,1,21769,1679692156
newOrder,11567,0,46591,1679692156
newOrder,24999,1,46591,1679692156
cancel,11567,,,1679692728
cancel,19278,,,1679692728
cancel,20084,,,1679692728
cancel,24999,,,1679692728
newOrder,19280,0,21780,1679692755
newOrder,20084,1,21780,1679692755
newOrder,11568,0,60639,1679692755
newOrder,24999,1,60639,1679692755
cancel,11568,,,1679693327
cancel,19280,,,1679693327
cancel,20084,,,1679693327
cancel,24999,,,1679693327
newOrder,19279,0,21786,1679693356
newOrder,20084,1,21786,1679693356
newOrder,11568,0,81377,1679693356
newOrder,24999,1,81377,1679693356
cancel,11568,,,1679693928
cancel,19279,,,1679693928
cancel,20084,,,1679693928
cancel,24999,,,1679693928
newOrder,19282,0,21798,1679693955
newOrder,20084,1,21798,1679693955
newOrder,13003,0,37134,1679693955
newOrder,24999,1,37134,1679693955
cancel,13003,,,1679694527
cancel,19282,,,1679694527
cancel,20084,,,1679694527
cancel,24999,,,1679694527
newOrder,19277,0,21800,1679694555
newOrder,20084,1,21800,1679694555
newOrder,13003,0,37684,1679694555
newOrder,24999,1,37684,1679694555
cancel,13003,,,1679695127
cancel,19277,,,1679695127
cancel,20084,,,1679695127
cancel,24999,,,1679695127
newOrder,19280,0,21811,1679695154
newOrder,20084,1,21811,1679695154
newOrder,11568,0,108630,1679695154
newOrder,24999,1,108630,1679695154
cancel,11568,,,1679695727
cancel,19280,,,1679695727
cancel,20084,,,1679695727
cancel,24999,,,1679695727
newOrder,19280,0,21819,1679695752
newOrder,20084,1,21819,1679695752
newOrder,11568,0,55224,1679695752
newOrder,24999,1,55224,1679695752
cancel,11568,,,1679696327
cancel,19280,,,1679696327
cancel,20084,,,1679696327
cancel,24999,,,1679696327
newOrder,19281,0,21828,1679696354
newOrder,20084,1,21828,1679696354
newOrder,13004,0,34178,1679696354
newOrder,24999,1,34178,1679696354
cancel,13004,,,1679696927
cancel,19281,,,1679696927
cancel,20084,,,1679696927
cancel,24999,,,1679696927
newOrder,19279,0,21834,1679696955
newOrder,20084,1,21834,1679696955
newOrder,11568,0,71491,1679696955
newOrder,24999,1,71491,1679696955
cancel,11568,,,1679697527
cancel,19279,,,1679697527
cancel,20084,,,1679697527
cancel,24999,,,1679697527
newOrder,19280,0,21842,1679697554
newOrder,20084,1,21842,1679697554
newOrder,11568,0,116582,1679697554
newOrder,24999,1,116582,1679697554
cancel,11568,,,1679698128
cancel,19280,,,1679698128
cancel,20084,,,1679698128
cancel,24999,,,1679698128
newOrder,19262,0,21825,1679698154
newOrder,20084,1,21825,1679698154
newOrder,11557,0,104568,1679698154
newOrder,24999,1,104568,1679698154
cancel,11557,,,1679698727
cancel,19262,,,1679698727
cancel,20084,,,1679698727
cancel,24999,,,1679698727
newOrder,19262,0,21833,1679698754
newOrder,20084,1,21833,1679698754
newOrder,11557,0,85997,1679698754
newOrder,24999,1,85997,1679698754
cancel,11557,,,1679699327
cancel,19262,,,1679699327
cancel,20084,,,1679699327
cancel,24999,,,1679699327
newOrder,19262,0,21841,1679699353
newOrder,20084,1,21841,1679699353
newOrder,11557,0,113170,1679699353
newOrder,24999,1,113170,1679699353
cancel,11557,,,1679699927
cancel,19262,,,1679699927
cancel,20084,,,1679699927
cancel,24999,,,1679699927
newOrder,19262,0,21848,1679699954
newOrder,20084,1,21848,1679699954
newOrder,13004,0,32513,1679699954
newOrder,24999,1,32513,1679699954
cancel,13004,,,1679700528
cancel,19262,,,1679700528
cancel,20084,,,1679700528
cancel,24999,,,1679700528
newOrder,19262,0,21856,1679700554
newOrder,20084,1,21856,1679700554
newOrder,13004,0,27952,1679700554
newOrder,24999,1,27952,1679700554
cancel,13004,,,1679701127
cancel,19262,,,1679701127
cancel,20084,,,1679701127
cancel,24999,,,1679701127
newOrder,19262,0,21864,1679701155
newOrder,20084,1,21864,1679701155
newOrder,11557,0,50188,1679701155
newOrder,24999,1,50188,1679701155
cancel,11557,,,1679701727
cancel,19262,,,1679701727
cancel,20084,,,1679701727
cancel,24999,,,1679701727
newOrder,19262,0,21872,1679701754
newOrder,20084,1,21872,1679701754
newOrder,11557,0,86439,1679701754
newOrder,24999,1,86439,1679701754
cancel,11557,,,1679702327
cancel,19262,,,1679702327
cancel,20084,,,1679702327
cancel,24999,,,1679702327
newOrder,19262,0,21880,1679702353
newOrder,20084,1,21880,1679702353
newOrder,11557,0,97230,1679702353
newOrder,24999,1,97230,1679702353
cancel,11557,,,1679702928
cancel,19262,,,1679702928
cancel,20084,,,1679702928
cancel,24999,,,1679702928
newOrder,19262,0,21888,1679702954
newOrder,20084,1,21888,1679702954
newOrder,11557,0,43761,1679702954
newOrder,24999,1,43761,1679702954
cancel,11557,,,1679703527
cancel,19262,,,1679703527
cancel,20084,,,1679703527
cancel,24999,,,1679703527
newOrder,19262,0,21896,1679703553
newOrder,20084,1,21896,1679703553
newOrder,11557,0,90800,1679703553
newOrder,24999,1,90800,1679703553
cancel,11557,,,1679704127
cancel,19262,,,1679704127
cancel,20084,,,1679704127
cancel,24999,,,1679704127
newOrder,19262,0,21904,1679704155
newOrder,20084,1,21904,1679704155
newOrder,13004,0,26659,1679704155
newOrder,24999,1,26659,1679704155
cancel,13004,,,1679704727
cancel,19262,,,1679704727
cancel,20084,,,1679704727
cancel,24999,,,1679704727
newOrder,19262,0,21912,1679704753
newOrder,20084,1,21912,1679704753
newOrder,11557,0,84710,1679704753
newOrder,24999,1,84710,1679704753
cancel,11557,,,1679705327
cancel,19262,,,1679705327
cancel,20084,,,1679705327
cancel,24999,,,1679705327
newOrder,19262,0,21920,1679705355
newOrder,20084,1,21920,1679705355
newOrder,11557,0,100849,1679705355
newOrder,24999,1,100849,1679705355
cancel,11557,,,1679705928
cancel,19262,,,1679705928
cancel,20084,,,1679705928
cancel,24999,,,1679705928
newOrder,19262,0,21928,1679705955
newOrder,20084,1,21928,1679705955
newOrder,11557,0,105904,1679705955
newOrder,24999,1,105904,1679705955
cancel,11557,,,1679706528
cancel,19262,,,1679706528
cancel,20084,,,1679706528
cancel,24999,,,1679706528
newOrder,19262,0,21936,1679706554
newOrder,20084,1,21936,1679706554
newOrder,11557,0,106072,1679706554
newOrder,24999,1,106072,1679706554
cancel,11557,,,1679707128
cancel,19262,,,1679707128
cancel,20084,,,1679707128
cancel,24999,,,1679707128
newOrder,19262,0,21944,1679707153
newOrder,20084,1,21944,1679707153
newOrder,11557,0,50915,1679707153
newOrder,24999,1,50915,1679707153
cancel,11557,,,1679707728
cancel,19262,,,1679707728
cancel,20084,,,1679707728
cancel,24999,,,1679707728
newOrder,19262,0,21952,1679707754
newOrder,20084,1,21952,1679707754
newOrder,11557,0,63387,1679707754
newOrder,24999,1,63387,1679707754
cancel,11557,,,1679708327
cancel,19262,,,1679708327
cancel,20084,,,1679708327
cancel,24999,,,1679708327
newOrder,19262,0,21960,1679708354
newOrder,20084,1,21960,1679708354
newOrder,11557,0,44966,1679708354
newOrder,24999,1,44966,1679708354
cancel,11557,,,1679708927
cancel,19262,,,1679708927
cancel,20084,,,1679708927
cancel,24999,,,1679708927
newOrder,19225,0,21908,1679708954
newOrder,20084,1,21908,1679708954
newOrder,11535,0,116700,1679708954
newOrder,24999,1,116700,1679708954
cancel,11535,,,1679709528
cancel,19225,,,1679709528
cancel,20084,,,1679709528
cancel,24999,,,1679709528
newOrder,19225,0,21916,1679709554
newOrder,20084,1,21916,1679709554
newOrder,11535,0,112398,1679709554
newOrder,24999,1,112398,1679709554
cancel,11535,,,1679710127
cancel,19225,,,1679710127
cancel,20084,,,1679710127
cancel,24999,,,1679710127
newOrder,19225,0,21924,1679710153
newOrder,20084,1,21924,1679710153
newOrder,11535,0,39781,1679710153
newOrder,24999,1,39781,1679710153
cancel,11535,,,1679710728
cancel,19225,,,1679710728
cancel,20084,,,1679710728
cancel,24999,,,1679710728
newOrder,19225,0,21932,1679710754
newOrder,20084,1,21932,1679710754
newOrder,11535,0,66132,1679710754
newOrder,24999,1,66132,1679710754
cancel,11535,,,1679711328
cancel,19225,,,1679711328
cancel,20084,,,1679711328
cancel,24999,,,1679711328
newOrder,19225,0,21940,1679711355
newOrder,20084,1,21940,1679711355
newOrder,11535,0,105407,1679711355
newOrder,24999,1,105407,1679711355
cancel,11535,,,1679711927
cancel,19225,,,1679711927
cancel,20084,,,1679711927
cancel,24999,,,1679711927
newOrder,19225,0,21948,1679711953
newOrder,20084,1,21948,1679711953
newOrder,11535,0,51444,1679711953
newOrder,24999,1,51444,1679711953
cancel,11535,,,1679712528
cancel,19225,,,1679712528
cancel,20084,,,1679712528
cancel,24999,,,1679712528
newOrder,19225,0,21956,1679712557
newOrder,20084,1,21956,1679712557
newOrder,11535,0,79563,1679712557
newOrder,24999,1,79563,1679712557
cancel,11535,,,1679713128
cancel,19225,,,1679713128
cancel,20084,,,1679713128
cancel,24999,,,1679713128
newOrder,19226,0,21965,1679713154
newOrder,20084,1,21965,1679713154
newOrder,13004,0,25282,1679713154
newOrder,24999,1,25282,1679713154
cancel,13004,,,1679713727
cancel,19226,,,1679713727
cancel,20084,,,1679713727
cancel,24999,,,1679713727
newOrder,19226,0,21973,1679713753
newOrder,20084,1,21973,1679713753
newOrder,11535,0,83499,1679713753
newOrder,24999,1,83499,1679713753
cancel,11535,,,1679714327
cancel,19226,,,1679714327
cancel,20084,,,1679714327
cancel,24999,,,1679714327
newOrder,19226,0,21981,1679714354
newOrder,20084,1,21981,1679714354
newOrder,11535,0,63276,1679714354
newOrder,24999,1,63276,1679714354
cancel,11535,,,1679714928
cancel,19226,,,1679714928
cancel,20084,,,1679714928
cancel,24999,,,1679714928
newOrder,19226,0,21989,1679714953
newOrder,20084,1,21989,1679714953
newOrder,11535,0,114029,1679714953
newOrder,24999,1,114029,1679714953
cancel,11535,,,1679715527
cancel,19226,,,1679715527
cancel,20084,,,1679715527
cancel,24999,,,1679715527
newOrder,19226,0,21997,1679715552
newOrder,20084,1,21997,1679715552
newOrder,11535,0,50143,1679715552
newOrder,24999,1,50143,1679715552
cancel,11535,,,1679716128
cancel,19226,,,1679716128
cancel,20084,,,1679716128
cancel,24999,,,1679716128
newOrder,19226,0,22005,1679716153
newOrder,20084,1,22005,1679716153
newOrder,13004,0,17133,1679716153
newOrder,22584,1,17133,1679716153
cancel,13004,,,1679716727
cancel,19226,,,1679716727
cancel,20084,,,1679716727
cancel,22584,,,1679716727
newOrder,19226,0,22013,1679716753
newOrder,20084,1,22013,1679716753
newOrder,11535,0,45416,1679716753
newOrder,24999,1,45416,1679716753
cancel,11535,,,1679717328
cancel,19226,,,1679717328
cancel,20084,,,1679717328
cancel,24999,,,1679717328
newOrder,19226,0,22021,1679717354
newOrder,20084,1,22021,1679717354
newOrder,11535,0,101716,1679717354
newOrder,24999,1,101716,1679717354
cancel,11535,,,1679717927
cancel,19226,,,1679717927
cancel,20084,,,1679717927
cancel,24999,,,1679717927
newOrder,19226,0,22030,1679717955
newOrder,20084,1,22030,1679717955
newOrder,11535,0,78783,1679717955
newOrder,24999,1,78783,1679717955
cancel,11535,,,1679718527
cancel,19226,,,1679718527
cancel,20084,,,1679718527
cancel,24999,,,1679718527
newOrder,19226,0,22038,1679718553
newOrder,20084,1,22038,1679718553
newOrder,11535,0,58911,1679718553
newOrder,24999,1,58911,1679718553
cancel,11535,,,1679719127
cancel,19226,,,1679719127
cancel,20084,,,1679719127
cancel,24999,,,1679719127
newOrder,19226,0,22046,1679719153
newOrder,20084,1,22046,1679719153
newOrder,11535,0,106691,1679719153
newOrder,24999,1,106691,1679719153
cancel,11535,,,1679719727
cancel,19226,,,1679719727
cancel,20084,,,1679719727
cancel,24999,,,1679719727
newOrder,19226,0,22054,1679719755
newOrder,20084,1,22054,1679719755
newOrder,13004,0,33859,1679719755
newOrder,24999,1,33859,1679719755
cancel,13004,,,1679720327
cancel,19226,,,1679720327
cancel,20084,,,1679720327
cancel,24999,,,1679720327
newOrder,19207,0,22030,1679720354
newOrder,20084,1,22030,1679720354
newOrder,11524,0,84034,1679720354
newOrder,24999,1,84034,1679720354
cancel,11524,,,1679720928
cancel,19207,,,1679720928
cancel,20084,,,1679720928
cancel,24999,,,1679720928
newOrder,19207,0,22038,1679720954
newOrder,20084,1,22038,1679720954
newOrder,11524,0,47339,1679720954
newOrder,24999,1,47339,1679720954
cancel,11524,,,1679721527
cancel,19207,,,1679721527
cancel,20084,,,1679721527
cancel,24999,,,1679721527
newOrder,19207,0,22046,1679721554
newOrder,20084,1,22046,1679721554
newOrder,11524,0,105762,1679721554
newOrder,24999,1,105762,1679721554
cancel,11524,,,1679722127
cancel,19207,,,1679722127
cancel,20084,,,1679722127
cancel,24999,,,1679722127
newOrder,19207,0,22054,1679722154
newOrder,20084,1,22054,1679722154
newOrder,11524,0,88223,1679722154
newOrder,24999,1,88223,1679722154
cancel,11524,,,1679722727
cancel,19207,,,1679722727
cancel,20084,,,1679722727
cancel,24999,,,1679722727
newOrder,19207,0,22062,1679722754
newOrder,20084,1,22062,1679722754
newOrder,11524,0,77983,1679722754
newOrder,24999,1,77983,1679722754
cancel,11524,,,1679723327
cancel,19207,,,1679723327
cancel,20084,,,1679723327
cancel,24999,,,1679723327
newOrder,19207,0,22070,1679723352
newOrder,20084,1,22070,1679723352
newOrder,11524,0,68273,1679723352
newOrder,24999,1,68273,1679723352
cancel,11524,,,1679723927
cancel,19207,,,1679723927
cancel,20084,,,1679723927
cancel,24999,,,1679723927
newOrder,19207,0,22078,1679723954
newOrder,20084,1,22078,1679723954
newOrder,11524,0,56321,1679723954
newOrder,24999,1,56321,1679723954
cancel,11524,,,1679724527
cancel,19207,,,1679724527
cancel,20084,,,1679724527
cancel,24999,,,1679724527
newOrder,19207,0,22086,1679724553
newOrder,20084,1,22086,1679724553
newOrder,13004,0,17769,1679724553
newOrder,22584,1,17769,1679724553
cancel,13004,,,1679725127
cancel,19207,,,1679725127
cancel,20084,,,1679725127
cancel,22584,,,1679725127
newOrder,19207,0,22094,1679725154
newOrder,20084,1,22094,1679725154
newOrder,11524,0,110185,1679725154
newOrder,24999,1,110185,1679725154
cancel,11524,,,1679725727
cancel,19207,,,1679725727
cancel,20084,,,1679725727
cancel,24999,,,1679725727
newOrder,19207,0,22103,1679725753
newOrder,20084,1,22103,1679725753
newOrder,11524,0,117658,1679725753
newOrder,24999,1,117658,1679725753
cancel,11524,,,1679726328
cancel,19207,,,1679726328
cancel,20084,,,1679726328
cancel,24999,,,1679726328
newOrder,19207,0,22111,1679726355
newOrder,20084,1,22111,1679726355
newOrder,13004,0,18497,1679726355
newOrder,22584,1,18497,1679726355
cancel,13004,,,1679726927
cancel,19207,,,1679726927
cancel,20084,,,1679726927
cancel,22584,,,1679726927
newOrder,19207,0,22119,1679726954
newOrder,20084,1,22119,1679726954
newOrder,11524,0,65005,1679726954
newOrder,24999,1,65005,1679726954
cancel,11524,,,1679727527
cancel,19207,,,1679727527
cancel,20084,,,1679727527
cancel,24999,,,1679727527
newOrder,19207,0,22127,1679727553
newOrder,20084,1,22127,1679727553
newOrder,11524,0,81373,1679727553
newOrder,24999,1,81373,1679727553
cancel,11524,,,1679728127
cancel,19207,,,1679728127
cancel,20084,,,1679728127
cancel,24999,,,1679728127
newOrder,19216,0,22150,1679728153
newOrder,20084,1,22150,1679728153
newOrder,11529,0,64448,1679728153
newOrder,24999,1,64448,1679728153
cancel,11529,,,1679728727
cancel,19216,,,1679728727
cancel,20084,,,1679728727
cancel,24999,,,1679728727
newOrder,19216,0,22158,1679728754
newOrder,20084,1,22158,1679728754
newOrder,11529,0,50067,1679728754
newOrder,24999,1,50067,1679728754
cancel,11529,,,1679729327
cancel,19216,,,1679729327
cancel,20084,,,1679729327
cancel,24999,,,1679729327
newOrder,19216,0,22167,1679729352
newOrder,20084,1,22167,1679729352
newOrder,11529,0,112333,1679729352
newOrder,24999,1,112333,1679729352
cancel,11529,,,1679729928
cancel,19216,,,1679729928
cancel,20084,,,1679729928
cancel,24999,,,1679729928
newOrder,19197,0,22140,1679729953
newOrder,20084,1,22140,1679729953
newOrder,13004,0,19439,1679729953
newOrder,22584,1,19439,1679729953
cancel,13004,,,1679730528
cancel,19197,,,1679730528
cancel,20084,,,1679730528
cancel,22584,,,1679730528
newOrder,19197,0,22148,1679730554
newOrder,20084,1,22148,1679730554
newOrder,11518,0,97961,1679730554
newOrder,24999,1,97961,1679730554
cancel,11518,,,1679731128
cancel,19197,,,1679731128
cancel,20084,,,1679731128
cancel,24999,,,1679731128
newOrder,19197,0,22157,1679731154
newOrder,20084,1,22157,1679731154
newOrder,11518,0,47067,1679731154
newOrder,24999,1,47067,1679731154
cancel,11518,,,1679731728
cancel,19197,,,1679731728
cancel,20084,,,1679731728
cancel,24999,,,1679731728
newOrder,19197,0,22165,1679731754
newOrder,20084,1,22165,1679731754
newOrder,11518,0,71384,1679731754
newOrder,24999,1,71384,1679731754
cancel,11518,,,1679732328
cancel,19197,,,1679732328
cancel,20084,,,1679732328
cancel,24999,,,1679732328
newOrder,19197,0,22173,1679732354
newOrder,20084,1,22173,1679732354
newOrder,13004,0,17791,1679732354
newOrder,22584,1,17791,1679732354
cancel,13004,,,1679732928
cancel,19197,,,1679732928
cancel,20084,,,1679732928
cancel,22584,,,1679732928
newOrder,19197,0,22181,1679732954
newOrder,20084,1,22181,1679732954
newOrder,13006,0,25115,1679732954
newOrder,24999,1,25115,1679732954
cancel,13006,,,1679733527
cancel,19197,,,1679733527
cancel,20084,,,1679733527
cancel,24999,,,1679733527
newOrder,19197,0,22189,1679733554
newOrder,20084,1,22189,1679733554
newOrder,11518,0,115554,1679733554
newOrder,24999,1,115554,1679733554
cancel,11518,,,1679734129
cancel,19197,,,1679734129
cancel,20084,,,1679734129
cancel,24999,,,1679734129
newOrder,19197,0,22198,1679734154
newOrder,20084,1,22198,1679734154
newOrder,13006,0,31650,1679734154
newOrder,24999,1,31650,1679734154
cancel,13006,,,1679734727
cancel,19197,,,1679734727
cancel,20084,,,1679734727
cancel,24999,,,1679734727
newOrder,19197,0,22206,1679734753
newOrder,20084,1,22206,1679734753
newOrder,13006,0,28182,1679734753
newOrder,24999,1,28182,1679734753
cancel,13006,,,1679735328
cancel,19197,,,1679735328
cancel,20084,,,1679735328
cancel,24999,,,1679735328
newOrder,19197,0,22214,1679735353
newOrder,20084,1,22214,1679735353
newOrder,13006,0,55285,1679735353
newOrder,24999,1,55285,1679735353
cancel,13006,,,1679735928
cancel,19197,,,1679735928
cancel,20084,,,1679735928
cancel,24999,,,1679735928
newOrder,19197,0,22222,1679735954
newOrder,20084,1,22222,1679735954
newOrder,11518,0,91263,1679735954
newOrder,24999,1,91263,1679735954
cancel,11518,,,1679736527
cancel,19197,,,1679736527
cancel,20084,,,1679736527
cancel,24999,,,1679736527
newOrder,19197,0,22231,1679736553
newOrder,20084,1,22231,1679736553
newOrder,13006,0,44649,1679736553
newOrder,24999,1,44649,1679736553
cancel,13006,,,1679737128
cancel,19197,,,1679737128
cancel,20084,,,1679737128
cancel,24999,,,1679737128
newOrder,19197,0,22239,1679737155
newOrder,20084,1,22239,1679737155
newOrder,13006,0,33912,1679737155
newOrder,24999,1,33912,1679737155
cancel,13006,,,1679737727
cancel,19197,,,1679737727
cancel,20084,,,1679737727
cancel,24999,,,1679737727
newOrder,19197,0,22247,1679737754
newOrder,20084,1,22247,1679737754
newOrder,13004,0,62610,1679737754
newOrder,24999,1,62610,1679737754
cancel,13004,,,1679738327
cancel,19197,,,1679738327
cancel,20084,,,1679738327
cancel,24999,,,1679738327
newOrder,19197,0,22255,1679738354
newOrder,20084,1,22255,1679738354
newOrder,11518,0,79176,1679738354
newOrder,24999,1,79176,1679738354
cancel,11518,,,1679738927
cancel,19197,,,1679738927
cancel,20084,,,1679738927
cancel,24999,,,1679738927
newOrder,19195,0,22260,1679738954
newOrder,20084,1,22260,1679738954
newOrder,11517,0,98094,1679738954
newOrder,24999,1,98094,1679738954
cancel,11517,,,1679739527
cancel,19195,,,1679739527
cancel,20084,,,1679739527
cancel,24999,,,1679739527
newOrder,19195,0,22268,1679739553
newOrder,20084,1,22268,1679739553
newOrder,11517,0,84172,1679739553
newOrder,24999,1,84172,1679739553
cancel,11517,,,1679740127
cancel,19195,,,1679740127
cancel,20084,,,1679740127
cancel,24999,,,1679740127
newOrder,19195,0,22277,1679740155
newOrder,20084,1,22277,1679740155
newOrder,11517,0,117046,1679740155
newOrder,24999,1,117046,1679740155
cancel,11517,,,1679740729
cancel,19195,,,1679740729
cancel,20084,,,1679740729
cancel,24999,,,1679740729
newOrder,19195,0,22285,1679740756
newOrder,20084,1,22285,1679740756
newOrder,11517,0,120116,1679740756
newOrder,24999,1,120116,1679740756
cancel,11517,,,1679741328
cancel,19195,,,1679741328
cancel,20084,,,1679741328
cancel,24999,,,1679741328
newOrder,19195,0,22293,1679741353
newOrder,20084,1,22293,1679741353
newOrder,13006,0,27959,1679741353
newOrder,24999,1,27959,1679741353
cancel,13006,,,1679741927
cancel,19195,,,1679741927
cancel,20084,,,1679741927
cancel,24999,,,1679741927
newOrder,19195,0,22302,1679741954
newOrder,20084,1,22302,1679741954
newOrder,13006,0,52949,1679741954
newOrder,24999,1,52949,1679741954
cancel,13006,,,1679742527
cancel,19195,,,1679742527
cancel,20084,,,1679742527
cancel,24999,,,1679742527
newOrder,19195,0,22310,1679742554
newOrder,20084,1,22310,1679742554
newOrder,11517,0,90666,1679742554
newOrder,24999,1,90666,1679742554
cancel,11517,,,1679743127
cancel,19195,,,1679743127
cancel,20084,,,1679743127
cancel,24999,,,1679743127
newOrder,19195,0,22318,1679743154
newOrder,20084,1,22318,1679743154
newOrder,13006,0,35263,1679743154
newOrder,24999,1,35263,1679743154
cancel,13006,,,1679743728
cancel,19195,,,1679743728
cancel,20084,,,1679743728
cancel,24999,,,1679743728
newOrder,19195,0,22327,1679743754
newOrder,20084,1,22327,1679743754
newOrder,13006,0,45530,1679743754
newOrder,24999,1,45530,1679743754
cancel,13006,,,1679744327
cancel,19195,,,1679744327
cancel,20084,,,1679744327
cancel,24999,,,1679744327
newOrder,19195,0,22335,1679744355
newOrder,20084,1,22335,1679744355
newOrder,11517,0,86928,1679744355
newOrder,24999,1,86928,1679744355
cancel,11517,,,1679744927
cancel,19195,,,1679744927
cancel,20084,,,1679744927
cancel,24999,,,1679744927
newOrder,19195,0,22344,1679744955
newOrder,20084,1,22344,1679744955
newOrder,13006,0,39851,1679744955
newOrder,24999,1,39851,1679744955
cancel,13006,,,1679745527
cancel,19195,,,1679745527
cancel,20084,,,1679745527
cancel,24999,,,1679745527
newOrder,19195,0,22352,1679745553
newOrder,20084,1,22352,1679745553
newOrder,11517,0,115866,1679745553
newOrder,24999,1,115866,1679745553