instruction,price,side,qty,time
cancel,12137,,,1683893754
cancel,16714,,,1683893754
cancel,19066,,,1683893754
cancel,24957,,,1683893754
newOrder,16714,0,8037,1683893784
newOrder,19066,1,8037,1683893784
newOrder,10029,0,35083,1683893784
newOrder,24999,1,35083,1683893784
cancel,10029,,,1683894353
cancel,16714,,,1683894353
cancel,19066,,,1683894353
cancel,24999,,,1683894353
newOrder,16714,0,8038,1683894382
newOrder,19066,1,8038,1683894382
newOrder,12137,0,16866,1683894382
newOrder,24957,1,16866,1683894382
cancel,12137,,,1683894953
cancel,16714,,,1683894953
cancel,19066,,,1683894953
cancel,24957,,,1683894953
newOrder,16714,0,8038,1683894981
newOrder,19066,1,8038,1683894981
newOrder,12139,0,7433,1683894981
cancel,12139,,,1683895553
cancel,16714,,,1683895553
cancel,19066,,,1683895553
newOrder,16714,0,8039,1683895580
newOrder,19066,1,8039,1683895580
newOrder,12139,0,7157,1683895580
cancel,12139,,,1683896155
cancel,16714,,,1683896155
cancel,19066,,,1683896155
newOrder,16714,0,8040,1683896184
newOrder,19066,1,8040,1683896184
newOrder,12137,0,19118,1683896184
newOrder,24957,1,19118,1683896184
cancel,12137,,,1683896753
cancel,16714,,,1683896753
cancel,19066,,,1683896753
cancel,24957,,,1683896753
newOrder,16714,0,8041,1683896781
newOrder,19066,1,8041,1683896781
newOrder,12137,0,16075,1683896781
newOrder,24957,1,16075,1683896781
cancel,12137,,,1683897353
cancel,16714,,,1683897353
cancel,19066,,,1683897353
cancel,24957,,,1683897353
newOrder,16714,0,8041,1683897383
newOrder,19066,1,8041,1683897383
newOrder,12137,0,14996,1683897383
newOrder,24957,1,14996,1683897383
cancel,12137,,,1683897953
cancel,16714,,,1683897953
cancel,19066,,,1683897953
cancel,24957,,,1683897953
newOrder,16714,0,8042,1683897981
newOrder,19066,1,8042,1683897981
newOrder,10029,0,39785,1683897981
newOrder,24999,1,39785,1683897981
cancel,10029,,,1683898553
cancel,16714,,,1683898553
cancel,19066,,,1683898553
cancel,24999,,,1683898553
newOrder,16714,0,8043,1683898581
newOrder,19066,1,8043,1683898581
newOrder,12137,0,20342,1683898581
newOrder,24957,1,20342,1683898581
cancel,12137,,,1683899154
cancel,16714,,,1683899154
cancel,19066,,,1683899154
cancel,24957,,,1683899154
newOrder,16714,0,8044,1683899181
newOrder,19066,1,8044,1683899181
newOrder,12137,0,14587,1683899181
newOrder,24957,1,14587,1683899181
cancel,12137,,,1683899754
cancel,16714,,,1683899754
cancel,19066,,,1683899754
cancel,24957,,,1683899754
newOrder,16714,0,8044,1683899780
newOrder,19066,1,8044,1683899780
newOrder,12141,0,5832,1683899780
cancel,12141,,,1683900354
cancel,16714,,,1683900354
cancel,19066,,,1683900354
newOrder,16714,0,8045,1683900382
newOrder,19066,1,8045,1683900382
newOrder,12137,0,10649,1683900382
newOrder,24957,1,10649,1683900382
cancel,12137,,,1683900954
cancel,16714,,,1683900954
cancel,19066,,,1683900954
cancel,24957,,,1683900954
newOrder,16714,0,8046,1683900982
newOrder,19066,1,8046,1683900982
newOrder,10029,0,36753,1683900982
newOrder,24999,1,36753,1683900982
cancel,10029,,,1683901554
cancel,16714,,,1683901554
cancel,19066,,,1683901554
cancel,24999,,,1683901554
newOrder,16714,0,8047,1683901583
newOrder,19066,1,8047,1683901583
newOrder,12013,0,28414,1683901583
newOrder,24957,1,28414,1683901583
cancel,12013,,,1683902153
cancel,16714,,,1683902153
cancel,19066,,,1683902153
cancel,24957,,,1683902153
newOrder,16714,0,8047,1683902182
newOrder,19066,1,8047,1683902182
newOrder,12137,0,20731,1683902182
newOrder,24957,1,20731,1683902182
cancel,12137,,,1683902753
cancel,16714,,,1683902753
cancel,19066,,,1683902753
cancel,24957,,,1683902753
newOrder,16714,0,8048,1683902779
newOrder,19066,1,8048,1683902779
cancel,16714,,,1683903353
cancel,19066,,,1683903353
newOrder,16714,0,8049,1683903381
newOrder,19066,1,8049,1683903381
newOrder,12129,0,25812,1683903381
newOrder,24957,1,25812,1683903381
cancel,12129,,,1683903954
cancel,16714,,,1683903954
cancel,19066,,,1683903954
cancel,24957,,,1683903954
newOrder,16714,0,8050,1683903983
newOrder,19066,1,8050,1683903983
newOrder,12137,0,11453,1683903983
newOrder,24957,1,11453,1683903983
cancel,12137,,,1683904554
cancel,16714,,,1683904554
cancel,19066,,,1683904554
cancel,24957,,,1683904554
newOrder,16714,0,8050,1683904580
newOrder,19066,1,8050,1683904580
newOrder,10029,0,41160,1683904580
newOrder,24999,1,41160,1683904580
cancel,10029,,,1683905152
cancel,16714,,,1683905152
cancel,19066,,,1683905152
cancel,24999,,,1683905152
newOrder,16714,0,8051,1683905183
newOrder,19066,1,8051,1683905183
newOrder,12137,0,11276,1683905183
newOrder,24957,1,11276,1683905183
cancel,12137,,,1683905755
cancel,16714,,,1683905755
cancel,19066,,,1683905755
cancel,24957,,,1683905755
newOrder,16714,0,8052,1683905782
newOrder,19066,1,8052,1683905782
cancel,16714,,,1683906354
cancel,19066,,,1683906354
newOrder,16714,0,8053,1683906382
newOrder,19066,1,8053,1683906382
newOrder,12137,0,21982,1683906382
newOrder,24957,1,21982,1683906382
cancel,12137,,,1683906954
cancel,16714,,,1683906954
cancel,19066,,,1683906954
cancel,24957,,,1683906954
newOrder,16714,0,8053,1683906980
newOrder,19066,1,8053,1683906980
newOrder,12013,0,29359,1683906980
newOrder,24957,1,29359,1683906980
cancel,12013,,,1683907553
cancel,16714,,,1683907553
cancel,19066,,,1683907553
cancel,24957,,,1683907553
newOrder,16714,0,8054,1683907581
newOrder,19066,1,8054,1683907581
newOrder,10029,0,41968,1683907581
newOrder,24999,1,41968,1683907581
cancel,10029,,,1683908154
cancel,16714,,,1683908154
cancel,19066,,,1683908154
cancel,24999,,,1683908154
newOrder,16714,0,8055,1683908183
newOrder,19066,1,8055,1683908183
newOrder,12137,0,19693,1683908183
newOrder,24957,1,19693,1683908183
cancel,12137,,,1683908753
cancel,16714,,,1683908753
cancel,19066,,,1683908753
cancel,24957,,,1683908753
newOrder,16714,0,8055,1683908781
newOrder,19066,1,8055,1683908781
newOrder,12137,0,14191,1683908781
newOrder,24957,1,14191,1683908781
cancel,12137,,,1683909354
cancel,16714,,,1683909354
cancel,19066,,,1683909354
cancel,24957,,,1683909354
newOrder,16714,0,8056,1683909380
newOrder,19066,1,8056,1683909380
newOrder,10029,0,41406,1683909380
newOrder,24999,1,41406,1683909380
cancel,10029,,,1683909954
cancel,16714,,,1683909954
cancel,19066,,,1683909954
cancel,24999,,,1683909954
newOrder,16714,0,8057,1683909982
newOrder,19066,1,8057,1683909982
newOrder,12129,0,26649,1683909982
newOrder,24957,1,26649,1683909982
cancel,12129,,,1683910554
cancel,16714,,,1683910554
cancel,19066,,,1683910554
cancel,24957,,,1683910554
newOrder,16714,0,8058,1683910582
newOrder,19066,1,8058,1683910582
newOrder,12138,0,9819,1683910582
newOrder,24957,1,9819,1683910582
cancel,12138,,,1683911153
cancel,16714,,,1683911153
cancel,19066,,,1683911153
cancel,24957,,,1683911153
newOrder,16714,0,8058,1683911182
newOrder,19066,1,8058,1683911182
newOrder,12001,0,30153,1683911182
newOrder,24957,1,30153,1683911182
cancel,12001,,,1683911754
cancel,16714,,,1683911754
cancel,19066,,,1683911754
cancel,24957,,,1683911754
newOrder,16739,0,8088,1683911783
newOrder,19066,1,8088,1683911783
newOrder,10043,0,33997,1683911783
newOrder,24999,1,33997,1683911783
cancel,10043,,,1683912353
cancel,16739,,,1683912353
cancel,19066,,,1683912353
cancel,24999,,,1683912353
newOrder,16739,0,8089,1683912382
newOrder,19066,1,8089,1683912382
newOrder,12137,0,16681,1683912382
newOrder,24999,1,16681,1683912382
cancel,12137,,,1683912954
cancel,16739,,,1683912954
cancel,19066,,,1683912954
cancel,24999,,,1683912954
newOrder,16739,0,8090,1683912982
newOrder,19066,1,8090,1683912982
newOrder,10043,0,32882,1683912982
newOrder,24957,1,32882,1683912982
cancel,10043,,,1683913554
cancel,16739,,,1683913554
cancel,19066,,,1683913554
cancel,24957,,,1683913554
newOrder,16739,0,8091,1683913582
newOrder,19066,1,8091,1683913582
newOrder,12001,0,31983,1683913582
newOrder,24957,1,31983,1683913582
cancel,12001,,,1683914153
cancel,16739,,,1683914153
cancel,19066,,,1683914153
cancel,24957,,,1683914153
newOrder,16739,0,8091,1683914181
newOrder,19066,1,8091,1683914181
newOrder,12129,0,26024,1683914181
newOrder,24957,1,26024,1683914181
cancel,12129,,,1683914753
cancel,16739,,,1683914753
cancel,19066,,,1683914753
cancel,24957,,,1683914753
newOrder,16739,0,8092,1683914782
newOrder,19066,1,8092,1683914782
newOrder,10043,0,43108,1683914782
newOrder,24999,1,43108,1683914782
cancel,10043,,,1683915354
cancel,16739,,,1683915354
cancel,19066,,,1683915354
cancel,24999,,,1683915354
newOrder,16739,0,8093,1683915382
newOrder,19066,1,8093,1683915382
newOrder,12143,0,8200,1683915382
newOrder,21899,1,8200,1683915382
cancel,12143,,,1683915954
cancel,16739,,,1683915954
cancel,19066,,,1683915954
cancel,21899,,,1683915954
newOrder,16739,0,8094,1683915981
newOrder,19066,1,8094,1683915981
newOrder,12001,0,30172,1683915981
newOrder,24957,1,30172,1683915981
cancel,12001,,,1683916553
cancel,16739,,,1683916553
cancel,19066,,,1683916553
cancel,24957,,,1683916553
newOrder,16739,0,8094,1683916582
newOrder,19066,1,8094,1683916582
newOrder,12137,0,19493,1683916582
newOrder,24957,1,19493,1683916582
cancel,12137,,,1683917153
cancel,16739,,,1683917153
cancel,19066,,,1683917153
cancel,24957,,,1683917153
newOrder,16739,0,8095,1683917182
newOrder,19066,1,8095,1683917182
newOrder,12137,0,18099,1683917182
newOrder,24957,1,18099,1683917182
cancel,12137,,,1683917753
cancel,16739,,,1683917753
cancel,19066,,,1683917753
cancel,24957,,,1683917753
newOrder,16739,0,8096,1683917784
newOrder,19066,1,8096,1683917784
newOrder,12137,0,25576,1683917784
newOrder,24957,1,25576,1683917784
cancel,12137,,,1683918354
cancel,16739,,,1683918354
cancel,19066,,,1683918354
cancel,24957,,,1683918354
newOrder,16739,0,8097,1683918385
newOrder,19066,1,8097,1683918385
newOrder,10043,0,34917,1683918385
newOrder,24999,1,34917,1683918385
cancel,10043,,,1683918953
cancel,16739,,,1683918953
cancel,19066,,,1683918953
cancel,24999,,,1683918953
newOrder,16739,0,8097,1683918982
newOrder,19066,1,8097,1683918982
newOrder,12137,0,18627,1683918982
newOrder,24957,1,18627,1683918982
cancel,12137,,,1683919554
cancel,16739,,,1683919554
cancel,19066,,,1683919554
cancel,24957,,,1683919554
newOrder,16739,0,8098,1683919582
newOrder,19066,1,8098,1683919582
newOrder,10043,0,42310,1683919582
newOrder,24999,1,42310,1683919582
cancel,10043,,,1683920154
cancel,16739,,,1683920154
cancel,19066,,,1683920154
cancel,24999,,,1683920154
newOrder,16739,0,8099,1683920183
newOrder,19066,1,8099,1683920183
newOrder,10043,0,43662,1683920183
newOrder,24999,1,43662,1683920183
cancel,10043,,,1683920754
cancel,16739,,,1683920754
cancel,19066,,,1683920754
cancel,24999,,,1683920754
newOrder,16782,0,8150,1683920782
newOrder,19066,1,8150,1683920782
newOrder,10069,0,41674,1683920782
newOrder,24999,1,41674,1683920782
cancel,10069,,,1683921355
cancel,16782,,,1683921355
cancel,19066,,,1683921355
cancel,24999,,,1683921355
newOrder,16782,0,8151,1683921384
newOrder,19066,1,8151,1683921384
newOrder,12139,0,9203,1683921384
newOrder,24957,1,9203,1683921384
cancel,12139,,,1683921953
cancel,16782,,,1683921953
cancel,19066,,,1683921953
cancel,24957,,,1683921953
newOrder,16782,0,8151,1683921983
newOrder,19066,1,8151,1683921983
newOrder,12137,0,15026,1683921983
newOrder,24957,1,15026,1683921983
cancel,12137,,,1683922553
cancel,16782,,,1683922553
cancel,19066,,,1683922553
cancel,24957,,,1683922553
newOrder,16817,0,8192,1683922582
newOrder,19066,1,8192,1683922582
newOrder,10090,0,39898,1683922582
newOrder,24999,1,39898,1683922582
cancel,10090,,,1683923154
cancel,16817,,,1683923154
cancel,19066,,,1683923154
cancel,24999,,,1683923154
newOrder,16817,0,8193,1683923181
newOrder,19066,1,8193,1683923181
newOrder,10090,0,40652,1683923181
newOrder,24999,1,40652,1683923181
cancel,10090,,,1683923753
cancel,16817,,,1683923753
cancel,19066,,,1683923753
cancel,24999,,,1683923753
newOrder,16733,0,8096,1683923783
newOrder,19066,1,8096,1683923783
newOrder,10040,0,43068,1683923783
newOrder,24999,1,43068,1683923783
cancel,10040,,,1683924354
cancel,16733,,,1683924354
cancel,19066,,,1683924354
cancel,24999,,,1683924354
newOrder,16752,0,8120,1683924381
newOrder,19066,1,8120,1683924381
newOrder,12013,0,29489,1683924381
newOrder,24957,1,29489,1683924381
cancel,12013,,,1683924954
cancel,16752,,,1683924954
cancel,19066,,,1683924954
cancel,24957,,,1683924954
newOrder,16753,0,8122,1683924982
newOrder,19066,1,8122,1683924982
newOrder,12137,0,12131,1683924982
newOrder,24957,1,12131,1683924982
cancel,12137,,,1683925553
cancel,16753,,,1683925553
cancel,19066,,,1683925553
cancel,24957,,,1683925553
newOrder,16754,0,8123,1683925580
newOrder,19066,1,8123,1683925580
cancel,16754,,,1683926153
cancel,19066,,,1683926153
newOrder,16754,0,8124,1683926181
newOrder,19066,1,8124,1683926181
newOrder,12137,0,25023,1683926181
newOrder,24957,1,25023,1683926181
cancel,12137,,,1683926753
cancel,16754,,,1683926753
cancel,19066,,,1683926753
cancel,24957,,,1683926753
newOrder,16754,0,8125,1683926781
newOrder,19066,1,8125,1683926781
newOrder,10052,0,35011,1683926781
newOrder,24999,1,35011,1683926781
cancel,10052,,,1683927354
cancel,16754,,,1683927354
cancel,19066,,,1683927354
cancel,24999,,,1683927354
newOrder,16754,0,8126,1683927383
newOrder,19066,1,8126,1683927383
newOrder,10052,0,39403,1683927383
newOrder,24999,1,39403,1683927383
cancel,10052,,,1683927954
cancel,16754,,,1683927954
cancel,19066,,,1683927954
cancel,24999,,,1683927954
newOrder,16754,0,8126,1683927983
newOrder,19066,1,8126,1683927983
newOrder,10052,0,43531,1683927983
newOrder,24999,1,43531,1683927983
cancel,10052,,,1683928553
cancel,16754,,,1683928553
cancel,19066,,,1683928553
cancel,24999,,,1683928553
newOrder,16754,0,8127,1683928583
newOrder,19066,1,8127,1683928583
newOrder,10052,0,36570,1683928583
newOrder,24999,1,36570,1683928583
cancel,10052,,,1683929154
cancel,16754,,,1683929154
cancel,19066,,,1683929154
cancel,24999,,,1683929154
newOrder,16754,0,8128,1683929182
newOrder,19066,1,8128,1683929182
newOrder,12137,0,11907,1683929182
newOrder,24957,1,11907,1683929182
cancel,12137,,,1683929754
cancel,16754,,,1683929754
cancel,19066,,,1683929754
cancel,24957,,,1683929754
newOrder,16753,0,8128,1683929782
newOrder,19066,1,8128,1683929782
newOrder,10052,0,37762,1683929782
newOrder,24999,1,37762,1683929782
cancel,10052,,,1683930354
cancel,16753,,,1683930354
cancel,19066,,,1683930354
cancel,24999,,,1683930354
newOrder,16759,0,8136,1683930383
newOrder,19066,1,8136,1683930383
newOrder,12137,0,13769,1683930383
newOrder,24957,1,13769,1683930383
cancel,12137,,,1683930954
cancel,16759,,,1683930954
cancel,19066,,,1683930954
cancel,24957,,,1683930954
newOrder,16760,0,8138,1683930982
newOrder,19066,1,8138,1683930982
newOrder,12137,0,12874,1683930982
newOrder,24957,1,12874,1683930982
cancel,12137,,,1683931553
cancel,16760,,,1683931553
cancel,19066,,,1683931553
cancel,24957,,,1683931553
newOrder,16760,0,8139,1683931581
newOrder,19066,1,8139,1683931581
newOrder,12126,0,28568,1683931581
newOrder,24957,1,28568,1683931581
cancel,12126,,,1683932154
cancel,16760,,,1683932154
cancel,19066,,,1683932154
cancel,24957,,,1683932154
newOrder,16760,0,8139,1683932182
newOrder,19066,1,8139,1683932182
newOrder,12001,0,31741,1683932182
newOrder,24957,1,31741,1683932182
cancel,12001,,,1683932753
cancel,16760,,,1683932753
cancel,19066,,,1683932753
cancel,24957,,,1683932753
newOrder,16770,0,8152,1683932781
newOrder,19066,1,8152,1683932781
newOrder,12137,0,24572,1683932781
newOrder,24957,1,24572,1683932781
cancel,12137,,,1683933356
cancel,16770,,,1683933356
cancel,19066,,,1683933356
cancel,24957,,,1683933356
newOrder,16769,0,8152,1683933385
newOrder,19066,1,8152,1683933385
newOrder,12137,0,12846,1683933385
newOrder,24957,1,12846,1683933385
cancel,12137,,,1683933953
cancel,16769,,,1683933953
cancel,19066,,,1683933953
cancel,24957,,,1683933953
newOrder,16770,0,8153,1683933981
newOrder,19066,1,8153,1683933981
newOrder,12143,0,9163,1683933981
newOrder,24957,1,9163,1683933981
cancel,12143,,,1683934554
cancel,16770,,,1683934554
cancel,19066,,,1683934554
cancel,24957,,,1683934554
newOrder,16769,0,8153,1683934583
newOrder,19066,1,8153,1683934583
newOrder,12137,0,17438,1683934583
newOrder,24957,1,17438,1683934583
cancel,12137,,,1683935154
cancel,16769,,,1683935154
cancel,19066,,,1683935154
cancel,24957,,,1683935154
newOrder,16769,0,8153,1683935181
newOrder,19066,1,8153,1683935181
newOrder,12001,0,32154,1683935181
newOrder,24957,1,32154,1683935181
cancel,12001,,,1683935754
cancel,16769,,,1683935754
cancel,19066,,,1683935754
cancel,24957,,,1683935754
newOrder,16769,0,8154,1683935782
newOrder,19066,1,8154,1683935782
newOrder,12001,0,30684,1683935782
newOrder,24957,1,30684,1683935782
cancel,12001,,,1683936354
cancel,16769,,,1683936354
cancel,19066,,,1683936354
cancel,24957,,,1683936354
newOrder,16769,0,8155,1683936386
newOrder,19066,1,8155,1683936386
newOrder,10061,0,43770,1683936386
newOrder,24999,1,43770,1683936386
cancel,10061,,,1683936954
cancel,16769,,,1683936954
cancel,19066,,,1683936954
cancel,24999,,,1683936954
newOrder,16769,0,8156,1683936982
newOrder,19066,1,8156,1683936982
newOrder,10061,0,43358,1683936982
newOrder,24999,1,43358,1683936982
cancel,10061,,,1683937553
cancel,16769,,,1683937553
cancel,19066,,,1683937553
cancel,24999,,,1683937553
newOrder,16769,0,8156,1683937582
newOrder,19066,1,8156,1683937582
newOrder,12137,0,18493,1683937582
newOrder,24957,1,18493,1683937582
cancel,12137,,,1683938157
cancel,16769,,,1683938157
cancel,19066,,,1683938157
cancel,24957,,,1683938157
newOrder,16769,0,8157,1683938192
newOrder,19066,1,8157,1683938192
newOrder,12138,0,10167,1683938192
newOrder,24957,1,10167,1683938192
cancel,12138,,,1683938754
cancel,16769,,,1683938754
cancel,19066,,,1683938754
cancel,24957,,,1683938754
newOrder,16770,0,8159,1683938783
newOrder,19066,1,8159,1683938783
newOrder,12137,0,14856,1683938783
newOrder,24957,1,14856,1683938783
cancel,12137,,,1683939354
cancel,16770,,,1683939354
cancel,19066,,,1683939354
cancel,24957,,,1683939354
newOrder,16769,0,8160,1683939382
newOrder,19066,1,8160,1683939382
newOrder,12137,0,13925,1683939382
newOrder,24957,1,13925,1683939382
cancel,12137,,,1683939954
cancel,16769,,,1683939954
cancel,19066,,,1683939954
cancel,24957,,,1683939954
newOrder,16769,0,8160,1683939982
newOrder,19066,1,8160,1683939982
newOrder,12137,0,15817,1683939982
newOrder,24957,1,15817,1683939982
cancel,12137,,,1683940554
cancel,16769,,,1683940554
cancel,19066,,,1683940554
cancel,24957,,,1683940554
newOrder,16769,0,8161,1683940583
newOrder,19066,1,8161,1683940583
newOrder,12137,0,19357,1683940583
newOrder,24957,1,19357,1683940583
cancel,12137,,,1683941153
cancel,16769,,,1683941153
cancel,19066,,,1683941153
cancel,24957,,,1683941153
newOrder,16770,0,8163,1683941182
newOrder,19066,1,8163,1683941182
newOrder,12137,0,17465,1683941182
newOrder,24957,1,17465,1683941182
cancel,12137,,,1683941754
cancel,16770,,,1683941754
cancel,19066,,,1683941754
cancel,24957,,,1683941754
newOrder,16769,0,8162,1683941783
newOrder,19066,1,8162,1683941783
newOrder,10061,0,38540,1683941783
newOrder,24999,1,38540,1683941783
cancel,10061,,,1683942353
cancel,16769,,,1683942353
cancel,19066,,,1683942353
cancel,24999,,,1683942353
newOrder,16770,0,8164,1683942381
newOrder,19066,1,8164,1683942381
newOrder,12137,0,20636,1683942381
newOrder,24957,1,20636,1683942381
cancel,12137,,,1683942954
cancel,16770,,,1683942954
cancel,19066,,,1683942954
cancel,24957,,,1683942954
newOrder,16769,0,8164,1683942983
newOrder,19066,1,8164,1683942983
newOrder,12137,0,23017,1683942983
newOrder,24957,1,23017,1683942983
cancel,12137,,,1683943553
cancel,16769,,,1683943553
cancel,19066,,,1683943553
cancel,24957,,,1683943553
newOrder,16770,0,8166,1683943584
newOrder,19066,1,8166,1683943584
newOrder,12137,0,13970,1683943584
newOrder,24957,1,13970,1683943584
cancel,12137,,,1683944154
cancel,16770,,,1683944154
cancel,19066,,,1683944154
cancel,24957,,,1683944154
newOrder,16758,0,8152,1683944183
newOrder,19066,1,8152,1683944183
newOrder,12137,0,10789,1683944183
newOrder,24957,1,10789,1683944183
cancel,12137,,,1683944754
cancel,16758,,,1683944754
cancel,19066,,,1683944754
cancel,24957,,,1683944754
newOrder,16838,0,8246,1683944783
newOrder,19066,1,8246,1683944783
newOrder,12001,0,32330,1683944783
newOrder,24957,1,32330,1683944783
cancel,12001,,,1683945354
cancel,16838,,,1683945354
cancel,19066,,,1683945354
cancel,24957,,,1683945354
newOrder,16840,0,8250,1683945382
newOrder,19066,1,8250,1683945382
newOrder,12137,0,25501,1683945382
newOrder,24957,1,25501,1683945382
cancel,12137,,,1683945954
cancel,16840,,,1683945954
cancel,19066,,,1683945954
cancel,24957,,,1683945954
newOrder,16840,0,8251,1683945982
newOrder,19066,1,8251,1683945982
newOrder,10104,0,38849,1683945982
newOrder,24999,1,38849,1683945982
cancel,10104,,,1683946552
cancel,16840,,,1683946552
cancel,19066,,,1683946552
cancel,24999,,,1683946552
newOrder,16769,0,8168,1683946582
newOrder,19066,1,8168,1683946582
newOrder,12137,0,13397,1683946582
newOrder,24957,1,13397,1683946582
cancel,12137,,,1683947154
cancel,16769,,,1683947154
cancel,19066,,,1683947154
cancel,24957,,,1683947154
newOrder,16768,0,8169,1683947183
newOrder,19066,1,8169,1683947183
newOrder,12138,0,10007,1683947183
newOrder,24957,1,10007,1683947183
cancel,12138,,,1683947754
cancel,16768,,,1683947754
cancel,19066,,,1683947754
cancel,24957,,,1683947754
newOrder,16769,0,8170,1683947783
newOrder,19066,1,8170,1683947783
newOrder,10061,0,41662,1683947783
newOrder,24999,1,41662,1683947783
cancel,10061,,,1683948353
cancel,16769,,,1683948353
cancel,19066,,,1683948353
cancel,24999,,,1683948353
newOrder,16769,0,8170,1683948382
newOrder,19066,1,8170,1683948382
newOrder,10061,0,34962,1683948382
newOrder,24999,1,34962,1683948382
cancel,10061,,,1683948953
cancel,16769,,,1683948953
cancel,19066,,,1683948953
cancel,24999,,,1683948953
newOrder,16769,0,8171,1683948982
newOrder,19066,1,8171,1683948982
newOrder,10061,0,36124,1683948982
newOrder,24999,1,36124,1683948982
cancel,10061,,,1683949554
cancel,16769,,,1683949554
cancel,19066,,,1683949554
cancel,24999,,,1683949554
newOrder,16769,0,8172,1683949583
newOrder,19066,1,8172,1683949583
newOrder,12138,0,9438,1683949583
newOrder,24957,1,9438,1683949583
cancel,12138,,,1683950154
cancel,16769,,,1683950154
cancel,19066,,,1683950154
cancel,24957,,,1683950154
newOrder,16769,0,8173,1683950183
newOrder,19066,1,8173,1683950183
newOrder,12129,0,28394,1683950183
newOrder,24957,1,28394,1683950183
cancel,12129,,,1683950754
cancel,16769,,,1683950754
cancel,19066,,,1683950754
cancel,24957,,,1683950754
newOrder,16769,0,8173,1683950783
newOrder,19066,1,8173,1683950783
newOrder,10061,0,40059,1683950783
newOrder,24999,1,40059,1683950783
cancel,10061,,,1683951353
cancel,16769,,,1683951353
cancel,19066,,,1683951353
cancel,24999,,,1683951353
newOrder,16768,0,8174,1683951381
newOrder,19066,1,8174,1683951381
newOrder,12137,0,13753,1683951381
newOrder,24957,1,13753,1683951381
cancel,12137,,,1683951954
cancel,16768,,,1683951954
cancel,19066,,,1683951954
cancel,24957,,,1683951954
newOrder,16768,0,8174,1683951982
newOrder,19066,1,8174,1683951982
newOrder,10061,0,38789,1683951982
newOrder,24999,1,38789,1683951982
cancel,10061,,,1683952553
cancel,16768,,,1683952553
cancel,19066,,,1683952553
cancel,24999,,,1683952553
newOrder,16769,0,8176,1683952581
newOrder,19066,1,8176,1683952581
newOrder,12143,0,5082,1683952581
cancel,12143,,,1683953154
cancel,16769,,,1683953154
cancel,19066,,,1683953154
newOrder,16769,0,8177,1683953183
newOrder,19066,1,8177,1683953183
newOrder,12137,0,12530,1683953183
newOrder,24957,1,12530,1683953183
cancel,12137,,,1683953754
cancel,16769,,,1683953754
cancel,19066,,,1683953754
cancel,24957,,,1683953754
newOrder,16769,0,8177,1683953781
newOrder,19066,1,8177,1683953781
newOrder,12143,0,7923,1683953781
cancel,12143,,,1683954354
cancel,16769,,,1683954354
cancel,19066,,,1683954354
newOrder,16769,0,8178,1683954382
newOrder,19066,1,8178,1683954382
newOrder,12137,0,16196,1683954382
newOrder,24957,1,16196,1683954382
cancel,12137,,,1683954954
cancel,16769,,,1683954954
cancel,19066,,,1683954954
cancel,24957,,,1683954954
newOrder,16769,0,8179,1683954983
newOrder,19066,1,8179,1683954983
newOrder,12137,0,12125,1683954983
newOrder,24957,1,12125,1683954983
cancel,12137,,,1683955554
cancel,16769,,,1683955554
cancel,19066,,,1683955554
cancel,24957,,,1683955554
newOrder,16768,0,8179,1683955581
newOrder,19066,1,8179,1683955581
newOrder,12137,0,24703,1683955581
newOrder,24957,1,24703,1683955581
cancel,12137,,,1683956154
cancel,16768,,,1683956154
cancel,19066,,,1683956154
cancel,24957,,,1683956154
newOrder,16768,0,8180,1683956182
newOrder,19066,1,8180,1683956182
newOrder,10061,0,37624,1683956182
newOrder,24999,1,37624,1683956182
cancel,10061,,,1683956755
cancel,16768,,,1683956755
cancel,19066,,,1683956755
cancel,24999,,,1683956755
newOrder,16768,0,8180,1683956784
newOrder,19066,1,8180,1683956784
newOrder,12137,0,19675,1683956784
newOrder,24957,1,19675,1683956784
cancel,12137,,,1683957353
cancel,16768,,,1683957353
cancel,19066,,,1683957353
cancel,24957,,,1683957353
newOrder,16768,0,8181,1683957382
newOrder,19066,1,8181,1683957382
newOrder,12137,0,23796,1683957382
newOrder,24957,1,23796,1683957382
cancel,12137,,,1683958555
cancel,16768,,,1683958555
cancel,19066,,,1683958555
cancel,24957,,,1683958555
newOrder,16768,0,8183,1683958584
newOrder,19066,1,8183,1683958584
newOrder,12126,0,29317,1683958584
newOrder,24957,1,29317,1683958584
cancel,12126,,,1683959154
cancel,16768,,,1683959154
cancel,19066,,,1683959154
cancel,24957,,,1683959154
newOrder,16768,0,8184,1683959182
newOrder,19066,1,8184,1683959182
newOrder,10061,0,37080,1683959182
newOrder,24999,1,37080,1683959182
cancel,10061,,,1683959753
cancel,16768,,,1683959753
cancel,19066,,,1683959753
cancel,24999,,,1683959753
newOrder,16768,0,8184,1683959781
newOrder,19066,1,8184,1683959781
newOrder,12137,0,24449,1683959781
newOrder,24957,1,24449,1683959781
cancel,12137,,,1683960354
cancel,16768,,,1683960354
cancel,19066,,,1683960354
cancel,24957,,,1683960354
newOrder,16768,0,8186,1683960382
newOrder,19066,1,8186,1683960382
newOrder,12143,0,7352,1683960382
cancel,12143,,,1683960954
cancel,16768,,,1683960954
cancel,19066,,,1683960954
newOrder,16768,0,8186,1683960983
newOrder,19066,1,8186,1683960983
newOrder,12129,0,28308,1683960983
newOrder,24957,1,28308,1683960983
cancel,12129,,,1683961554
cancel,16768,,,1683961554
cancel,19066,,,1683961554
cancel,24957,,,1683961554
newOrder,16768,0,8187,1683961583
newOrder,19066,1,8187,1683961583
newOrder,12001,0,31082,1683961583
newOrder,24957,1,31082,1683961583
cancel,12001,,,1683962155
cancel,16768,,,1683962155
cancel,19066,,,1683962155
cancel,24957,,,1683962155
newOrder,16768,0,8188,1683962182
newOrder,19066,1,8188,1683962182
newOrder,12137,0,15598,1683962182
newOrder,24957,1,15598,1683962182
cancel,12137,,,1683962754
cancel,16768,,,1683962754
cancel,19066,,,1683962754
cancel,24957,,,1683962754
newOrder,16768,0,8189,1683962783
newOrder,19066,1,8189,1683962783
newOrder,10061,0,44009,1683962783
newOrder,24999,1,44009,1683962783
cancel,10061,,,1683963357
cancel,16768,,,1683963357
cancel,19066,,,1683963357
cancel,24999,,,1683963357
newOrder,16768,0,8189,1683963386
newOrder,19066,1,8189,1683963386
newOrder,12137,0,16292,1683963386
newOrder,24957,1,16292,1683963386
cancel,12137,,,1683963954
cancel,16768,,,1683963954
cancel,19066,,,1683963954
cancel,24957,,,1683963954
newOrder,16768,0,8190,1683963984
newOrder,19066,1,8190,1683963984
newOrder,12001,0,31481,1683963984
newOrder,24957,1,31481,1683963984
cancel,12001,,,1683964554
cancel,16768,,,1683964554
cancel,19066,,,1683964554
cancel,24957,,,1683964554
newOrder,16768,0,8191,1683964583
newOrder,19066,1,8191,1683964583
newOrder,12137,0,23298,1683964583
newOrder,24957,1,23298,1683964583
cancel,12137,,,1683965154
cancel,16768,,,1683965154
cancel,19066,,,1683965154
cancel,24957,,,1683965154
newOrder,16765,0,8187,1683965182
newOrder,19066,1,8187,1683965182
newOrder,12137,0,16816,1683965182
newOrder,24957,1,16816,1683965182
cancel,12137,,,1683965755
cancel,16765,,,1683965755
cancel,19066,,,1683965755
cancel,24957,,,1683965755
newOrder,16766,0,8190,1683965784
newOrder,19066,1,8190,1683965784
newOrder,12138,0,10951,1683965784
newOrder,24957,1,10951,1683965784
cancel,12138,,,1683966353
cancel,16766,,,1683966353
cancel,19066,,,1683966353
cancel,24957,,,1683966353
newOrder,16767,0,8192,1683966383
newOrder,19066,1,8192,1683966383
newOrder,12143,0,8832,1683966383
newOrder,24957,1,8832,1683966383
cancel,12143,,,1683966953
cancel,16767,,,1683966953
cancel,19066,,,1683966953
cancel,24957,,,1683966953
newOrder,16767,0,8192,1683966982
newOrder,19066,1,8192,1683966982
newOrder,12137,0,17111,1683966982
newOrder,24957,1,17111,1683966982
cancel,12137,,,1683967553
cancel,16767,,,1683967553
cancel,19066,,,1683967553
cancel,24957,,,1683967553
newOrder,16767,0,8193,1683967583
newOrder,19066,1,8193,1683967583
newOrder,12137,0,12514,1683967583
newOrder,24957,1,12514,1683967583
cancel,12137,,,1683968153
cancel,16767,,,1683968153
cancel,19066,,,1683968153
cancel,24957,,,1683968153
newOrder,16767,0,8195,1683968181
newOrder,19066,1,8195,1683968181
newOrder,12140,0,7626,1683968181
cancel,12140,,,1683968753
cancel,16767,,,1683968753
cancel,19066,,,1683968753
newOrder,16766,0,8195,1683968782
newOrder,19066,1,8195,1683968782
newOrder,10060,0,38520,1683968782
newOrder,24999,1,38520,1683968782
cancel,10060,,,1683969354
cancel,16766,,,1683969354
cancel,19066,,,1683969354
cancel,24999,,,1683969354
newOrder,16767,0,8197,1683969383
newOrder,19066,1,8197,1683969383
newOrder,12139,0,10607,1683969383
newOrder,24957,1,10607,1683969383
cancel,12139,,,1683969953
cancel,16767,,,1683969953
cancel,19066,,,1683969953
cancel,24957,,,1683969953
newOrder,16768,0,8198,1683969982
newOrder,19066,1,8198,1683969982
newOrder,10061,0,37291,1683969982
newOrder,24999,1,37291,1683969982
cancel,10061,,,1683970554
cancel,16768,,,1683970554
cancel,19066,,,1683970554
cancel,24999,,,1683970554
newOrder,16767,0,8198,1683970583
newOrder,19066,1,8198,1683970583
newOrder,12139,0,10418,1683970583
newOrder,24957,1,10418,1683970583
cancel,12139,,,1683971154
cancel,16767,,,1683971154
cancel,19066,,,1683971154
cancel,24957,,,1683971154
newOrder,16768,0,8199,1683971183
newOrder,19066,1,8199,1683971183
newOrder,10061,0,41589,1683971183
newOrder,24999,1,41589,1683971183
cancel,10061,,,1683971753
cancel,16768,,,1683971753
cancel,19066,,,1683971753
cancel,24999,,,1683971753
newOrder,16768,0,8200,1683971781
newOrder,19066,1,8200,1683971781
newOrder,12137,0,7312,1683971781
cancel,12137,,,1683972354
cancel,16768,,,1683972354
cancel,19066,,,1683972354
newOrder,16768,0,8201,1683972382
newOrder,19066,1,8201,1683972382
newOrder,10061,0,38116,1683972382
newOrder,24999,1,38116,1683972382
cancel,10061,,,1683972953
cancel,16768,,,1683972953
cancel,19066,,,1683972953
cancel,24999,,,1683972953
newOrder,16768,0,8202,1683972981
newOrder,19066,1,8202,1683972981
newOrder,12001,0,27801,1683972981
newOrder,24957,1,27801,1683972981
cancel,12001,,,1683973553
cancel,16768,,,1683973553
cancel,19066,,,1683973553
cancel,24957,,,1683973553
newOrder,16768,0,8202,1683973582
newOrder,19066,1,8202,1683973582
newOrder,12137,0,20671,1683973582
newOrder,24957,1,20671,1683973582
cancel,12137,,,1683974154
cancel,16768,,,1683974154
cancel,19066,,,1683974154
cancel,24957,,,1683974154
newOrder,16768,0,8203,1683974182
newOrder,19066,1,8203,1683974182
newOrder,12137,0,18242,1683974182
newOrder,24957,1,18242,1683974182
cancel,12137,,,1683974754
cancel,16768,,,1683974754
cancel,19066,,,1683974754
cancel,24957,,,1683974754
newOrder,16768,0,8204,1683974781
newOrder,19066,1,8204,1683974781
newOrder,10061,0,43287,1683974781
newOrder,24999,1,43287,1683974781
cancel,10061,,,1683975354
cancel,16768,,,1683975354
cancel,19066,,,1683975354
cancel,24999,,,1683975354
newOrder,16768,0,8205,1683975382
newOrder,19066,1,8205,1683975382
newOrder,10061,0,32198,1683975382
newOrder,24957,1,32198,1683975382
cancel,10061,,,1683975954
cancel,16768,,,1683975954
cancel,19066,,,1683975954
cancel,24957,,,1683975954
newOrder,16767,0,8205,1683975982
newOrder,19066,1,8205,1683975982
newOrder,10060,0,43385,1683975982
newOrder,24999,1,43385,1683975982
cancel,10060,,,1683976553
cancel,16767,,,1683976553
cancel,19066,,,1683976553
cancel,24999,,,1683976553
newOrder,16768,0,8207,1683976582
newOrder,19066,1,8207,1683976582
newOrder,12137,0,9880,1683976582
newOrder,24957,1,9880,1683976582
cancel,12137,,,1683977154
cancel,16768,,,1683977154
cancel,19066,,,1683977154
cancel,24957,,,1683977154
newOrder,16767,0,8206,1683977183
newOrder,19066,1,8206,1683977183
newOrder,12137,0,5786,1683977183
cancel,12137,,,1683977753
cancel,16767,,,1683977753
cancel,19066,,,1683977753
newOrder,16768,0,8208,1683977782
newOrder,19066,1,8208,1683977782
newOrder,10061,0,35097,1683977782
newOrder,24999,1,35097,1683977782
cancel,10061,,,1683978353
cancel,16768,,,1683978353
cancel,19066,,,1683978353
cancel,24999,,,1683978353
newOrder,16768,0,8208,1683978383
newOrder,19066,1,8208,1683978383
newOrder,12137,0,11670,1683978383
newOrder,24957,1,11670,1683978383
cancel,12137,,,1683978954
cancel,16768,,,1683978954
cancel,19066,,,1683978954
cancel,24957,,,1683978954
newOrder,16776,0,8220,1683978983
newOrder,19066,1,8220,1683978983
newOrder,10066,0,31191,1683978983
newOrder,24957,1,31191,1683978983
cancel,10066,,,1683979554
cancel,16776,,,1683979554
cancel,19066,,,1683979554
cancel,24957,,,1683979554
newOrder,16776,0,8221,1683979581
newOrder,19066,1,8221,1683979581
newOrder,12137,0,5387,1683979581