instruction,price,side,qty,time
cancel,12162,,,1686399268
cancel,15919,,,1686399268
cancel,18075,,,1686399268
cancel,24776,,,1686399268
newOrder,15870,0,9474,1686399892
newOrder,18075,1,9474,1686399892
newOrder,9522,0,27134,1686399892
newOrder,24776,1,27134,1686399892
cancel,9522,,,1686400470
cancel,15870,,,1686400470
cancel,18075,,,1686400470
cancel,24776,,,1686400470
newOrder,15870,0,9475,1686400499
newOrder,18075,1,9475,1686400499
newOrder,9522,0,28324,1686400499
newOrder,24776,1,28324,1686400499
cancel,9522,,,1686401068
cancel,15870,,,1686401068
cancel,18075,,,1686401068
cancel,24776,,,1686401068
newOrder,15870,0,9475,1686401099
newOrder,18075,1,9475,1686401099
newOrder,9522,0,46477,1686401099
newOrder,24999,1,46477,1686401099
cancel,9522,,,1686401668
cancel,15870,,,1686401668
cancel,18075,,,1686401668
cancel,24999,,,1686401668
newOrder,15870,0,9476,1686401691
newOrder,18075,1,9476,1686401691
newOrder,12164,0,12113,1686401691
newOrder,24776,1,12113,1686401691
cancel,12164,,,1686402266
cancel,15870,,,1686402266
cancel,18075,,,1686402266
cancel,24776,,,1686402266
newOrder,15870,0,9477,1686402292
newOrder,18075,1,9477,1686402292
newOrder,9522,0,22659,1686402292
newOrder,24776,1,22659,1686402292
cancel,9522,,,1686402868
cancel,15870,,,1686402868
cancel,18075,,,1686402868
cancel,24776,,,1686402868
newOrder,15870,0,9478,1686402894
newOrder,18075,1,9478,1686402894
newOrder,9522,0,40265,1686402894
newOrder,24999,1,40265,1686402894
cancel,9522,,,1686403468
cancel,15870,,,1686403468
cancel,18075,,,1686403468
cancel,24999,,,1686403468
newOrder,15868,0,9476,1686403495
newOrder,18075,1,9476,1686403495
newOrder,9521,0,26892,1686403495
newOrder,24776,1,26892,1686403495
cancel,9521,,,1686404067
cancel,15868,,,1686404067
cancel,18075,,,1686404067
cancel,24776,,,1686404067
newOrder,15838,0,9456,1686404093
newOrder,18075,1,9456,1686404093
newOrder,9503,0,23132,1686404093
newOrder,24776,1,23132,1686404093
cancel,9503,,,1686404667
cancel,15838,,,1686404667
cancel,18075,,,1686404667
cancel,24776,,,1686404667
newOrder,15838,0,9457,1686404695
newOrder,18075,1,9457,1686404695
newOrder,12162,0,15328,1686404695
newOrder,24776,1,15328,1686404695
cancel,12162,,,1686405268
cancel,15838,,,1686405268
cancel,18075,,,1686405268
cancel,24776,,,1686405268
newOrder,15829,0,9451,1686405295
newOrder,18075,1,9451,1686405295
newOrder,15501,0,7618,1686405295
cancel,15501,,,1686405868
cancel,15829,,,1686405868
cancel,18075,,,1686405868
newOrder,15829,0,9452,1686405896
newOrder,18075,1,9452,1686405896
newOrder,9498,0,44656,1686405896
newOrder,24999,1,44656,1686405896
cancel,9498,,,1686406467
cancel,15829,,,1686406467
cancel,18075,,,1686406467
cancel,24999,,,1686406467
newOrder,15829,0,9453,1686406497
newOrder,18075,1,9453,1686406497
newOrder,9498,0,44876,1686406497
newOrder,24999,1,44876,1686406497
cancel,9498,,,1686407068
cancel,15829,,,1686407068
cancel,18075,,,1686407068
cancel,24999,,,1686407068
newOrder,15826,0,9451,1686407097
newOrder,18075,1,9451,1686407097
newOrder,9496,0,39572,1686407097
newOrder,24999,1,39572,1686407097
cancel,9496,,,1686407667
cancel,15826,,,1686407667
cancel,18075,,,1686407667
cancel,24999,,,1686407667
newOrder,15826,0,9452,1686407697
newOrder,18075,1,9452,1686407697
newOrder,9496,0,40011,1686407697
newOrder,24999,1,40011,1686407697
cancel,9496,,,1686408268
cancel,15826,,,1686408268
cancel,18075,,,1686408268
cancel,24999,,,1686408268
newOrder,15822,0,9450,1686408295
newOrder,18075,1,9450,1686408295
newOrder,15501,0,7399,1686408295
cancel,15501,,,1686408868
cancel,15822,,,1686408868
cancel,18075,,,1686408868
newOrder,15826,0,9453,1686408895
newOrder,18075,1,9453,1686408895
newOrder,9496,0,28815,1686408895
newOrder,24776,1,28815,1686408895
cancel,9496,,,1686409468
cancel,15826,,,1686409468
cancel,18075,,,1686409468
cancel,24776,,,1686409468
newOrder,15816,0,9446,1686409496
newOrder,18075,1,9446,1686409496
newOrder,9490,0,32823,1686409496
newOrder,24776,1,32823,1686409496
cancel,9490,,,1686410068
cancel,15816,,,1686410068
cancel,18075,,,1686410068
cancel,24776,,,1686410068
newOrder,15816,0,9447,1686410095
newOrder,18075,1,9447,1686410095
newOrder,9490,0,40162,1686410095
newOrder,24999,1,40162,1686410095
cancel,9490,,,1686410667
cancel,15816,,,1686410667
cancel,18075,,,1686410667
cancel,24999,,,1686410667
newOrder,15840,0,9465,1686410694
newOrder,18075,1,9465,1686410694
newOrder,9504,0,28325,1686410694
newOrder,24776,1,28325,1686410694
cancel,9504,,,1686411268
cancel,15840,,,1686411268
cancel,18075,,,1686411268
cancel,24776,,,1686411268
newOrder,15840,0,9466,1686411295
newOrder,18075,1,9466,1686411295
newOrder,9504,0,38074,1686411295
newOrder,24999,1,38074,1686411295
cancel,9504,,,1686411867
cancel,15840,,,1686411867
cancel,18075,,,1686411867
cancel,24999,,,1686411867
newOrder,15850,0,9474,1686411896
newOrder,18075,1,9474,1686411896
newOrder,9510,0,43709,1686411896
newOrder,24999,1,43709,1686411896
cancel,9510,,,1686412469
cancel,15850,,,1686412469
cancel,18075,,,1686412469
cancel,24999,,,1686412469
newOrder,15850,0,9474,1686412495
newOrder,18075,1,9474,1686412495
newOrder,9510,0,20883,1686412495
newOrder,24776,1,20883,1686412495
cancel,9510,,,1686413070
cancel,15850,,,1686413070
cancel,18075,,,1686413070
cancel,24776,,,1686413070
newOrder,15842,0,9470,1686413097
newOrder,18075,1,9470,1686413097
newOrder,15501,0,7875,1686413097
cancel,15501,,,1686413667
cancel,15842,,,1686413667
cancel,18075,,,1686413667
newOrder,15850,0,9476,1686413696
newOrder,18075,1,9476,1686413696
newOrder,9510,0,37543,1686413696
newOrder,24999,1,37543,1686413696
cancel,9510,,,1686414268
cancel,15850,,,1686414268
cancel,18075,,,1686414268
cancel,24999,,,1686414268
newOrder,15850,0,9476,1686414296
newOrder,18075,1,9476,1686414296
newOrder,9510,0,35139,1686414296
newOrder,24999,1,35139,1686414296
cancel,9510,,,1686414868
cancel,15850,,,1686414868
cancel,18075,,,1686414868
cancel,24999,,,1686414868
newOrder,15850,0,9477,1686414895
newOrder,18075,1,9477,1686414895
newOrder,9510,0,29205,1686414895
newOrder,24776,1,29205,1686414895
cancel,9510,,,1686415468
cancel,15850,,,1686415468
cancel,18075,,,1686415468
cancel,24776,,,1686415468
newOrder,15850,0,9478,1686415496
newOrder,18075,1,9478,1686415496
newOrder,9510,0,30773,1686415496
newOrder,24776,1,30773,1686415496
cancel,9510,,,1686416068
cancel,15850,,,1686416068
cancel,18075,,,1686416068
cancel,24776,,,1686416068
newOrder,15850,0,9478,1686416094
newOrder,18075,1,9478,1686416094
newOrder,9510,0,38698,1686416094
newOrder,24999,1,38698,1686416094
cancel,9510,,,1686416669
cancel,15850,,,1686416669
cancel,18075,,,1686416669
cancel,24999,,,1686416669
newOrder,15850,0,9479,1686416699
newOrder,18075,1,9479,1686416699
newOrder,12164,0,10472,1686416699
newOrder,24776,1,10472,1686416699
cancel,12164,,,1686417267
cancel,15850,,,1686417267
cancel,18075,,,1686417267
cancel,24776,,,1686417267
newOrder,15850,0,9480,1686417294
newOrder,18075,1,9480,1686417294
newOrder,12164,0,10345,1686417294
newOrder,24041,1,10345,1686417294
cancel,12164,,,1686417868
cancel,15850,,,1686417868
cancel,18075,,,1686417868
cancel,24041,,,1686417868
newOrder,15852,0,9482,1686417898
newOrder,18075,1,9482,1686417898
newOrder,9511,0,31275,1686417898
newOrder,24776,1,31275,1686417898
cancel,9511,,,1686418468
cancel,15852,,,1686418468
cancel,18075,,,1686418468
cancel,24776,,,1686418468
newOrder,15858,0,9487,1686418495
newOrder,18075,1,9487,1686418495
newOrder,9515,0,28301,1686418495
newOrder,24776,1,28301,1686418495
cancel,9515,,,1686418620
cancel,15858,,,1686418620
cancel,18075,,,1686418620
cancel,24776,,,1686418620
newOrder,15847,0,9479,1686418647
newOrder,18075,1,9479,1686418647
newOrder,9508,0,50496,1686418647
newOrder,24999,1,50496,1686418647
cancel,9508,,,1686419251
cancel,15847,,,1686419251
cancel,18075,,,1686419251
cancel,24999,,,1686419251
newOrder,15848,0,9481,1686419279
newOrder,18075,1,9481,1686419279
newOrder,12164,0,12586,1686419279
newOrder,24776,1,12586,1686419279
cancel,12164,,,1686419851
cancel,15848,,,1686419851
cancel,18075,,,1686419851
cancel,24776,,,1686419851
newOrder,15864,0,9493,1686419881
newOrder,18075,1,9493,1686419881
newOrder,9518,0,37689,1686419881
newOrder,24999,1,37689,1686419881
cancel,9518,,,1686420450
cancel,15864,,,1686420450
cancel,18075,,,1686420450
cancel,24999,,,1686420450
newOrder,15857,0,9488,1686420478
newOrder,18075,1,9488,1686420478
newOrder,9514,0,44291,1686420478
newOrder,24999,1,44291,1686420478
cancel,9514,,,1686421050
cancel,15857,,,1686421050
cancel,18075,,,1686421050
cancel,24999,,,1686421050
newOrder,15855,0,9488,1686421078
newOrder,18075,1,9488,1686421078
newOrder,9513,0,49487,1686421078
newOrder,24999,1,49487,1686421078
cancel,9513,,,1686421651
cancel,15855,,,1686421651
cancel,18075,,,1686421651
cancel,24999,,,1686421651
newOrder,15853,0,9488,1686421677
newOrder,18075,1,9488,1686421677
newOrder,15501,0,5858,1686421677
cancel,15501,,,1686422250
cancel,15853,,,1686422250
cancel,18075,,,1686422250
newOrder,15868,0,9498,1686422277
newOrder,18075,1,9498,1686422277
newOrder,15501,0,6186,1686422277
cancel,15501,,,1686422853
cancel,15868,,,1686422853
cancel,18075,,,1686422853
newOrder,15859,0,9493,1686422881
newOrder,18075,1,9493,1686422881
newOrder,9516,0,28934,1686422881
newOrder,24776,1,28934,1686422881
cancel,9516,,,1686423451
cancel,15859,,,1686423451
cancel,18075,,,1686423451
cancel,24776,,,1686423451
newOrder,15852,0,9489,1686423475
newOrder,18075,1,9489,1686423475
newOrder,9511,0,44051,1686423475
newOrder,24999,1,44051,1686423475
cancel,9511,,,1686424050
cancel,15852,,,1686424050
cancel,18075,,,1686424050
cancel,24999,,,1686424050
newOrder,15852,0,9490,1686424076
newOrder,18075,1,9490,1686424076
newOrder,9511,0,50680,1686424076
newOrder,24999,1,50680,1686424076
cancel,9511,,,1686424650
cancel,15852,,,1686424650
cancel,18075,,,1686424650
cancel,24999,,,1686424650
newOrder,15862,0,9497,1686424677
newOrder,18075,1,9497,1686424677
newOrder,9517,0,23508,1686424677
newOrder,24776,1,23508,1686424677
cancel,9517,,,1686425251
cancel,15862,,,1686425251
cancel,18075,,,1686425251
cancel,24776,,,1686425251
newOrder,15862,0,9498,1686425279
newOrder,18075,1,9498,1686425279
newOrder,9517,0,48335,1686425279
newOrder,24999,1,48335,1686425279
cancel,9517,,,1686425849
cancel,15862,,,1686425849
cancel,18075,,,1686425849
cancel,24999,,,1686425849
newOrder,15863,0,9500,1686425878
newOrder,18075,1,9500,1686425878
newOrder,9518,0,21004,1686425878
newOrder,24776,1,21004,1686425878
cancel,9518,,,1686426452
cancel,15863,,,1686426452
cancel,18075,,,1686426452
cancel,24776,,,1686426452
newOrder,15856,0,9495,1686426480
newOrder,18075,1,9495,1686426480
newOrder,12164,0,13862,1686426480
newOrder,24776,1,13862,1686426480
cancel,12164,,,1686427051
cancel,15856,,,1686427051
cancel,18075,,,1686427051
cancel,24776,,,1686427051
newOrder,15851,0,9492,1686427076
newOrder,18075,1,9492,1686427076
newOrder,15501,0,8186,1686427076
cancel,15501,,,1686427654
cancel,15851,,,1686427654
cancel,18075,,,1686427654
newOrder,15856,0,9496,1686427682
newOrder,18075,1,9496,1686427682
newOrder,9514,0,29194,1686427682
newOrder,24776,1,29194,1686427682
cancel,9514,,,1686428251
cancel,15856,,,1686428251
cancel,18075,,,1686428251
cancel,24776,,,1686428251
newOrder,15851,0,9493,1686428280
newOrder,18075,1,9493,1686428280
newOrder,9511,0,25539,1686428280
newOrder,24776,1,25539,1686428280
cancel,9511,,,1686428850
cancel,15851,,,1686428850
cancel,18075,,,1686428850
cancel,24776,,,1686428850
newOrder,15857,0,9499,1686428879
newOrder,18075,1,9499,1686428879
newOrder,12164,0,14288,1686428879
newOrder,24776,1,14288,1686428879
cancel,12164,,,1686429451
cancel,15857,,,1686429451
cancel,18075,,,1686429451
cancel,24776,,,1686429451
newOrder,15846,0,9491,1686429480
newOrder,18075,1,9491,1686429480
newOrder,9508,0,39048,1686429480
newOrder,24999,1,39048,1686429480
cancel,9508,,,1686430051
cancel,15846,,,1686430051
cancel,18075,,,1686430051
cancel,24999,,,1686430051
newOrder,15865,0,9506,1686430077
newOrder,18075,1,9506,1686430077
newOrder,15501,0,9229,1686430077
cancel,15501,,,1686430650
cancel,15865,,,1686430650
cancel,18075,,,1686430650
newOrder,15865,0,9506,1686430675
newOrder,18075,1,9506,1686430675
newOrder,12164,0,9883,1686430675
cancel,12164,,,1686431251
cancel,15865,,,1686431251
cancel,18075,,,1686431251
newOrder,15847,0,9494,1686431276
newOrder,18075,1,9494,1686431276
newOrder,12162,0,17114,1686431276
newOrder,24776,1,17114,1686431276
cancel,12162,,,1686431850
cancel,15847,,,1686431850
cancel,18075,,,1686431850
cancel,24776,,,1686431850
newOrder,15860,0,9504,1686431878
newOrder,18075,1,9504,1686431878
newOrder,9516,0,48843,1686431878
newOrder,24999,1,48843,1686431878
cancel,9516,,,1686432451
cancel,15860,,,1686432451
cancel,18075,,,1686432451
cancel,24999,,,1686432451
newOrder,15847,0,9496,1686432479
newOrder,18075,1,9496,1686432479
newOrder,9508,0,43613,1686432479
newOrder,24999,1,43613,1686432479
cancel,9508,,,1686433051
cancel,15847,,,1686433051
cancel,18075,,,1686433051
cancel,24999,,,1686433051
newOrder,15854,0,9501,1686433083
newOrder,18075,1,9501,1686433083
newOrder,9512,0,39482,1686433083
newOrder,24999,1,39482,1686433083
cancel,9512,,,1686433650
cancel,15854,,,1686433650
cancel,18075,,,1686433650
cancel,24999,,,1686433650
newOrder,15870,0,9513,1686433678
newOrder,18075,1,9513,1686433678
newOrder,9522,0,49449,1686433678
newOrder,24999,1,49449,1686433678
cancel,9522,,,1686434251
cancel,15870,,,1686434251
cancel,18075,,,1686434251
cancel,24999,,,1686434251
newOrder,15848,0,9498,1686434279
newOrder,18075,1,9498,1686434279
newOrder,9509,0,30322,1686434279
newOrder,24776,1,30322,1686434279
cancel,9509,,,1686434850
cancel,15848,,,1686434850
cancel,18075,,,1686434850
cancel,24776,,,1686434850
newOrder,15848,0,9499,1686434879
newOrder,18075,1,9499,1686434879
newOrder,12164,0,10559,1686434879
newOrder,24776,1,10559,1686434879
cancel,12164,,,1686435451
cancel,15848,,,1686435451
cancel,18075,,,1686435451
cancel,24776,,,1686435451
newOrder,15847,0,9499,1686435477
newOrder,18075,1,9499,1686435477
newOrder,12002,0,18557,1686435477
newOrder,24776,1,18557,1686435477
cancel,12002,,,1686436051
cancel,15847,,,1686436051
cancel,18075,,,1686436051
cancel,24776,,,1686436051
newOrder,15847,0,9500,1686436078
newOrder,18075,1,9500,1686436078
newOrder,9508,0,42277,1686436078
newOrder,24999,1,42277,1686436078
cancel,9508,,,1686436651
cancel,15847,,,1686436651
cancel,18075,,,1686436651
cancel,24999,,,1686436651
newOrder,15847,0,9500,1686436677
newOrder,18075,1,9500,1686436677
newOrder,9508,0,39384,1686436677
newOrder,24999,1,39384,1686436677
cancel,9508,,,1686437251
cancel,15847,,,1686437251
cancel,18075,,,1686437251
cancel,24999,,,1686437251
newOrder,15852,0,9505,1686437280
newOrder,18075,1,9505,1686437280
newOrder,9511,0,36715,1686437280
newOrder,24999,1,36715,1686437280
cancel,9511,,,1686437851
cancel,15852,,,1686437851
cancel,18075,,,1686437851
cancel,24999,,,1686437851
newOrder,15854,0,9507,1686437878
newOrder,18075,1,9507,1686437878
newOrder,12164,0,13218,1686437878
newOrder,24776,1,13218,1686437878
cancel,12164,,,1686438451
cancel,15854,,,1686438451
cancel,18075,,,1686438451
cancel,24776,,,1686438451
newOrder,15854,0,9507,1686438477
newOrder,18075,1,9507,1686438477
newOrder,12164,0,13674,1686438477
newOrder,24776,1,13674,1686438477
cancel,12164,,,1686439050
cancel,15854,,,1686439050
cancel,18075,,,1686439050
cancel,24776,,,1686439050
newOrder,15870,0,9520,1686439076
newOrder,18075,1,9520,1686439076
newOrder,9522,0,20480,1686439076
newOrder,24776,1,20480,1686439076
cancel,9522,,,1686439651
cancel,15870,,,1686439651
cancel,18075,,,1686439651
cancel,24776,,,1686439651
newOrder,15871,0,9522,1686439678
newOrder,18075,1,9522,1686439678
newOrder,9523,0,33449,1686439678
newOrder,24776,1,33449,1686439678
cancel,9523,,,1686440251
cancel,15871,,,1686440251
cancel,18075,,,1686440251
cancel,24776,,,1686440251
newOrder,15870,0,9521,1686440276
newOrder,18075,1,9521,1686440276
newOrder,15501,0,9586,1686440276
cancel,15501,,,1686440850
cancel,15870,,,1686440850
cancel,18075,,,1686440850
newOrder,15870,0,9522,1686440878
newOrder,18075,1,9522,1686440878
newOrder,12164,0,13588,1686440878
newOrder,24776,1,13588,1686440878
cancel,12164,,,1686441450
cancel,15870,,,1686441450
cancel,18075,,,1686441450
cancel,24776,,,1686441450
newOrder,15860,0,9516,1686441478
newOrder,18075,1,9516,1686441478
newOrder,9516,0,37033,1686441478
newOrder,24999,1,37033,1686441478
cancel,9516,,,1686442051
cancel,15860,,,1686442051
cancel,18075,,,1686442051
cancel,24999,,,1686442051
newOrder,15867,0,9522,1686442077
newOrder,18075,1,9522,1686442077
newOrder,15501,0,8974,1686442077
cancel,15501,,,1686442650
cancel,15867,,,1686442650
cancel,18075,,,1686442650
newOrder,15851,0,9510,1686442679
newOrder,18075,1,9510,1686442679
newOrder,9511,0,38497,1686442679
newOrder,24999,1,38497,1686442679
cancel,9511,,,1686443251
cancel,15851,,,1686443251
cancel,18075,,,1686443251
cancel,24999,,,1686443251
newOrder,15851,0,9511,1686443278
newOrder,18075,1,9511,1686443278
newOrder,9511,0,24730,1686443278
newOrder,24776,1,24730,1686443278
cancel,9511,,,1686443850
cancel,15851,,,1686443850
cancel,18075,,,1686443850
cancel,24776,,,1686443850
newOrder,15867,0,9523,1686443876
newOrder,18075,1,9523,1686443876
newOrder,9520,0,37615,1686443876
newOrder,24999,1,37615,1686443876
cancel,9520,,,1686444451
cancel,15867,,,1686444451
cancel,18075,,,1686444451
cancel,24999,,,1686444451
newOrder,15851,0,9512,1686444477
newOrder,18075,1,9512,1686444477
newOrder,9511,0,20059,1686444477
newOrder,24776,1,20059,1686444477
cancel,9511,,,1686445052
cancel,15851,,,1686445052
cancel,18075,,,1686445052
cancel,24776,,,1686445052
newOrder,15853,0,9515,1686445078
newOrder,18075,1,9515,1686445078
newOrder,9512,0,48293,1686445078
newOrder,24999,1,48293,1686445078
cancel,9512,,,1686445650
cancel,15853,,,1686445650
cancel,18075,,,1686445650
cancel,24999,,,1686445650
newOrder,15860,0,9521,1686445681
newOrder,18075,1,9521,1686445681
newOrder,12162,0,16104,1686445681
newOrder,24776,1,16104,1686445681
cancel,12162,,,1686446251
cancel,15860,,,1686446251
cancel,18075,,,1686446251
cancel,24776,,,1686446251
newOrder,15862,0,9523,1686446278
newOrder,18075,1,9523,1686446278
newOrder,9517,0,24201,1686446278
newOrder,24776,1,24201,1686446278
cancel,9517,,,1686446851
cancel,15862,,,1686446851
cancel,18075,,,1686446851
cancel,24776,,,1686446851
newOrder,15863,0,9524,1686446877
newOrder,18075,1,9524,1686446877
newOrder,9518,0,29628,1686446877
newOrder,24776,1,29628,1686446877
cancel,9518,,,1686447452
cancel,15863,,,1686447452
cancel,18075,,,1686447452
cancel,24776,,,1686447452
newOrder,15853,0,9517,1686447480
newOrder,18075,1,9517,1686447480
newOrder,9512,0,21560,1686447480
newOrder,24776,1,21560,1686447480
cancel,9512,,,1686448050
cancel,15853,,,1686448050
cancel,18075,,,1686448050
cancel,24776,,,1686448050
newOrder,15873,0,9533,1686448077
newOrder,18075,1,9533,1686448077
newOrder,9524,0,39771,1686448077
newOrder,24999,1,39771,1686448077
cancel,9524,,,1686448651
cancel,15873,,,1686448651
cancel,18075,,,1686448651
cancel,24999,,,1686448651
newOrder,15856,0,9521,1686448676
newOrder,18075,1,9521,1686448676
newOrder,9513,0,22698,1686448676
newOrder,24776,1,22698,1686448676
cancel,9513,,,1686449251
cancel,15856,,,1686449251
cancel,18075,,,1686449251
cancel,24776,,,1686449251
newOrder,15873,0,9534,1686449275
newOrder,18075,1,9534,1686449275
newOrder,9524,0,42761,1686449275
newOrder,24999,1,42761,1686449275
cancel,9524,,,1686449850
cancel,15873,,,1686449850
cancel,18075,,,1686449850
cancel,24999,,,1686449850
newOrder,15875,0,9536,1686449877
newOrder,18075,1,9536,1686449877
newOrder,9525,0,29072,1686449877
newOrder,24776,1,29072,1686449877
cancel,9525,,,1686450451
cancel,15875,,,1686450451
cancel,18075,,,1686450451
cancel,24776,,,1686450451
newOrder,15873,0,9536,1686450478
newOrder,18075,1,9536,1686450478
newOrder,9524,0,45132,1686450478
newOrder,24999,1,45132,1686450478
cancel,9524,,,1686451050
cancel,15873,,,1686451050
cancel,18075,,,1686451050
cancel,24999,,,1686451050
newOrder,15856,0,9524,1686451076
newOrder,18075,1,9524,1686451076
newOrder,9513,0,37390,1686451076
newOrder,24999,1,37390,1686451076
cancel,9513,,,1686451650
cancel,15856,,,1686451650
cancel,18075,,,1686451650
cancel,24999,,,1686451650
newOrder,15854,0,9523,1686451676
newOrder,18075,1,9523,1686451676
newOrder,15501,0,5968,1686451676
cancel,15501,,,1686452251
cancel,15854,,,1686452251
cancel,18075,,,1686452251
newOrder,15850,0,9521,1686452278
newOrder,18075,1,9521,1686452278
newOrder,9510,0,28308,1686452278
newOrder,24776,1,28308,1686452278
cancel,9510,,,1686452850
cancel,15850,,,1686452850
cancel,18075,,,1686452850
cancel,24776,,,1686452850
newOrder,15854,0,9524,1686452877
newOrder,18075,1,9524,1686452877
newOrder,9512,0,24500,1686452877
newOrder,24776,1,24500,1686452877
cancel,9512,,,1686453450
cancel,15854,,,1686453450
cancel,18075,,,1686453450
cancel,24776,,,1686453450
newOrder,15870,0,9537,1686453477
newOrder,18075,1,9537,1686453477
newOrder,12164,0,12704,1686453477
newOrder,24776,1,12704,1686453477
cancel,12164,,,1686454051
cancel,15870,,,1686454051
cancel,18075,,,1686454051
cancel,24776,,,1686454051
newOrder,15850,0,9523,1686454077
newOrder,18075,1,9523,1686454077
newOrder,15501,0,7565,1686454077
cancel,15501,,,1686454650
cancel,15850,,,1686454650
cancel,18075,,,1686454650
newOrder,15861,0,9532,1686454676
newOrder,18075,1,9532,1686454676
newOrder,9517,0,21256,1686454676
newOrder,24776,1,21256,1686454676
cancel,9517,,,1686455250
cancel,15861,,,1686455250
cancel,18075,,,1686455250
cancel,24776,,,1686455250
newOrder,15865,0,9535,1686455278
newOrder,18075,1,9535,1686455278
newOrder,9519,0,48934,1686455278
newOrder,24999,1,48934,1686455278
cancel,9519,,,1686455851
cancel,15865,,,1686455851
cancel,18075,,,1686455851
cancel,24999,,,1686455851
newOrder,15865,0,9536,1686455878
newOrder,18075,1,9536,1686455878
newOrder,9519,0,48708,1686455878
newOrder,24999,1,48708,1686455878
cancel,9519,,,1686456451
cancel,15865,,,1686456451
cancel,18075,,,1686456451
cancel,24999,,,1686456451
newOrder,15846,0,9523,1686456479
newOrder,18075,1,9523,1686456479
newOrder,9507,0,37667,1686456479
newOrder,24999,1,37667,1686456479
cancel,9507,,,1686457051
cancel,15846,,,1686457051
cancel,18075,,,1686457051
cancel,24999,,,1686457051
newOrder,15850,0,9527,1686457079
newOrder,18075,1,9527,1686457079
newOrder,9510,0,21417,1686457079
newOrder,24776,1,21417,1686457079
cancel,9510,,,1686457650
cancel,15850,,,1686457650
cancel,18075,,,1686457650
cancel,24776,,,1686457650
newOrder,15850,0,9528,1686457676
newOrder,18075,1,9528,1686457676
newOrder,9510,0,33472,1686457676
newOrder,24776,1,33472,1686457676
cancel,9510,,,1686458251
cancel,15850,,,1686458251
cancel,18075,,,1686458251
cancel,24776,,,1686458251
newOrder,15850,0,9528,1686458278
newOrder,18075,1,9528,1686458278
newOrder,9510,0,23198,1686458278
newOrder,24776,1,23198,1686458278
cancel,9510,,,1686458850
cancel,15850,,,1686458850
cancel,18075,,,1686458850
cancel,24776,,,1686458850
newOrder,15845,0,9525,1686458878
newOrder,18075,1,9525,1686458878
newOrder,9507,0,21829,1686458878
newOrder,24776,1,21829,1686458878
cancel,9507,,,1686459450
cancel,15845,,,1686459450
cancel,18075,,,1686459450
cancel,24776,,,1686459450
newOrder,15874,0,9547,1686459477
newOrder,18075,1,9547,1686459477
newOrder,9524,0,46076,1686459477
newOrder,24999,1,46076,1686459477
cancel,9524,,,1686460050
cancel,15874,,,1686460050
cancel,18075,,,1686460050
cancel,24999,,,1686460050
newOrder,15852,0,9532,1686460076
newOrder,18075,1,9532,1686460076
newOrder,15501,0,7771,1686460076
cancel,15501,,,1686460650
cancel,15852,,,1686460650
cancel,18075,,,1686460650
newOrder,15858,0,9537,1686460678
newOrder,18075,1,9537,1686460678
newOrder,9515,0,26381,1686460678
newOrder,24776,1,26381,1686460678
cancel,9515,,,1686461250
cancel,15858,,,1686461250
cancel,18075,,,1686461250
cancel,24776,,,1686461250
newOrder,15860,0,9539,1686461277
newOrder,18075,1,9539,1686461277
newOrder,9516,0,33503,1686461277
newOrder,24776,1,33503,1686461277
cancel,9516,,,1686461850
cancel,15860,,,1686461850
cancel,18075,,,1686461850
cancel,24776,,,1686461850
newOrder,15884,0,9557,1686461876
newOrder,18075,1,9557,1686461876
newOrder,9530,0,44129,1686461876
newOrder,24999,1,44129,1686461876
cancel,9530,,,1686462451
cancel,15884,,,1686462451
cancel,18075,,,1686462451
cancel,24999,,,1686462451
newOrder,15882,0,9556,1686462483
newOrder,18075,1,9556,1686462483
newOrder,9529,0,23390,1686462483
newOrder,24776,1,23390,1686462483
cancel,9529,,,1686463050
cancel,15882,,,1686463050
cancel,18075,,,1686463050
cancel,24776,,,1686463050
newOrder,15863,0,9544,1686463079
newOrder,18075,1,9544,1686463079
newOrder,9518,0,29140,1686463079
newOrder,24776,1,29140,1686463079
cancel,9518,,,1686463650
cancel,15863,,,1686463650
cancel,18075,,,1686463650
cancel,24776,,,1686463650
newOrder,15846,0,9531,1686463677
newOrder,18075,1,9531,1686463677
newOrder,9507,0,46150,1686463677
newOrder,24999,1,46150,1686463677
cancel,9507,,,1686464251
cancel,15846,,,1686464251
cancel,18075,,,1686464251
cancel,24999,,,1686464251
newOrder,15845,0,9531,1686464277
newOrder,18075,1,9531,1686464277
newOrder,9507,0,23591,1686464277
newOrder,24776,1,23591,1686464277
cancel,9507,,,1686464850
cancel,15845,,,1686464850
cancel,18075,,,1686464850
cancel,24776,,,1686464850
newOrder,15866,0,9548,1686464877
newOrder,18075,1,9548,1686464877
newOrder,12162,0,15572,1686464877
newOrder,24776,1,15572,1686464877
cancel,12162,,,1686465451
cancel,15866,,,1686465451
cancel,18075,,,1686465451
cancel,24776,,,1686465451
newOrder,15844,0,9532,1686465476
newOrder,18075,1,9532,1686465476
newOrder,15501,0,8761,1686465476
cancel,15501,,,1686466050
cancel,15844,,,1686466050
cancel,18075,,,1686466050
newOrder,15868,0,9550,1686466076
newOrder,18075,1,9550,1686466076
newOrder,9521,0,27144,1686466076
newOrder,24776,1,27144,1686466076
cancel,9521,,,1686466651
cancel,15868,,,1686466651
cancel,18075,,,1686466651
cancel,24776,,,1686466651
newOrder,15871,0,9553,1686466679
newOrder,18075,1,9553,1686466679
newOrder,9523,0,41510,1686466679
newOrder,24999,1,41510,1686466679
cancel,9523,,,1686467250
cancel,15871,,,1686467250
cancel,18075,,,1686467250
cancel,24999,,,1686467250
newOrder,15877,0,9559,1686467277
newOrder,18075,1,9559,1686467277
newOrder,9526,0,50123,1686467277
newOrder,24999,1,50123,1686467277
cancel,9526,,,1686467851
cancel,15877,,,1686467851
cancel,18075,,,1686467851
cancel,24999,,,1686467851
newOrder,15882,0,9563,1686467879
newOrder,18075,1,9563,1686467879
newOrder,9529,0,45537,1686467879
newOrder,24999,1,45537,1686467879
cancel,9529,,,1686468450
cancel,15882,,,1686468450
cancel,18075,,,1686468450
cancel,24999,,,1686468450
newOrder,15879,0,9561,1686468477
newOrder,18075,1,9561,1686468477
newOrder,9527,0,24004,1686468477
newOrder,24776,1,24004,1686468477
cancel,9527,,,1686469051
cancel,15879,,,1686469051
cancel,18075,,,1686469051
cancel,24776,,,1686469051
newOrder,15879,0,9562,1686469079
newOrder,18075,1,9562,1686469079
newOrder,9527,0,30492,1686469079
newOrder,24776,1,30492,1686469079
cancel,9527,,,1686469650
cancel,15879,,,1686469650
cancel,18075,,,1686469650
cancel,24776,,,1686469650
newOrder,15886,0,9568,1686469677
newOrder,18075,1,9568,1686469677
newOrder,9532,0,50856,1686469677
newOrder,24999,1,50856,1686469677
cancel,9532,,,1686470250
cancel,15886,,,1686470250
cancel,18075,,,1686470250
cancel,24999,,,1686470250
newOrder,15876,0,9562,1686470277
newOrder,18075,1,9562,1686470277
newOrder,9526,0,19250,1686470277
newOrder,24776,1,19250,1686470277
cancel,9526,,,1686470851
cancel,15876,,,1686470851
cancel,18075,,,1686470851
cancel,24776,,,1686470851
newOrder,15863,0,9553,1686470878
newOrder,18075,1,9553,1686470878
newOrder,12013,0,17819,1686470878
newOrder,24776,1,17819,1686470878
cancel,12013,,,1686471450
cancel,15863,,,1686471450
cancel,18075,,,1686471450
cancel,24776,,,1686471450
newOrder,15867,0,9556,1686471476
newOrder,18075,1,9556,1686471476
newOrder,9520,0,47090,1686471476
newOrder,24999,1,47090,1686471476
cancel,9520,,,1686472051
cancel,15867,,,1686472051
cancel,18075,,,1686472051
cancel,24999,,,1686472051
newOrder,15861,0,9552,1686472076
newOrder,18075,1,9552,1686472076
newOrder,9516,0,23421,1686472076
newOrder,24776,1,23421,1686472076
cancel,9516,,,1686472651
cancel,15861,,,1686472651
cancel,18075,,,1686472651
cancel,24776,,,1686472651
newOrder,15863,0,9555,1686472676
newOrder,18075,1,9555,1686472676
newOrder,9518,0,44389,1686472676
newOrder,24999,1,44389,1686472676
cancel,9518,,,1686473250
cancel,15863,,,1686473250
cancel,18075,,,1686473250
cancel,24999,,,1686473250
newOrder,15863,0,9556,1686473278
newOrder,18075,1,9556,1686473278
newOrder,9518,0,39238,1686473278
newOrder,24999,1,39238,1686473278
cancel,9518,,,1686473850
cancel,15863,,,1686473850
cancel,18075,,,1686473850
cancel,24999,,,1686473850
newOrder,15863,0,9556,1686473877
newOrder,18075,1,9556,1686473877
newOrder,12164,0,13690,1686473877
newOrder,24776,1,13690,1686473877
cancel,12164,,,1686474451
cancel,15863,,,1686474451
cancel,18075,,,1686474451
cancel,24776,,,1686474451
newOrder,15885,0,9573,1686474477
newOrder,18075,1,9573,1686474477
newOrder,9531,0,19548,1686474477
newOrder,24776,1,19548,1686474477
cancel,9531,,,1686475051
cancel,15885,,,1686475051
cancel,18075,,,1686475051
cancel,24776,,,1686475051
newOrder,15884,0,9573,1686475077
newOrder,18075,1,9573,1686475077
newOrder,9530,0,23195,1686475077
newOrder,24776,1,23195,1686475077
cancel,9530,,,1686475650
cancel,15884,,,1686475650
cancel,18075,,,1686475650
cancel,24776,,,1686475650
newOrder,15879,0,9570,1686475677
newOrder,18075,1,9570,1686475677
newOrder,9527,0,50485,1686475677
newOrder,24999,1,50485,1686475677
cancel,9527,,,1686476251
cancel,15879,,,1686476251
cancel,18075,,,1686476251
cancel,24999,,,1686476251
newOrder,15877,0,9569,1686476277
newOrder,18075,1,9569,1686476277
newOrder,9526,0,47486,1686476277
newOrder,24999,1,47486,1686476277
cancel,9526,,,1686476851
cancel,15877,,,1686476851
cancel,18075,,,1686476851
cancel,24999,,,1686476851
newOrder,15879,0,9571,1686476878
newOrder,18075,1,9571,1686476878
newOrder,9527,0,35819,1686476878
newOrder,24999,1,35819,1686476878
cancel,9527,,,1686477450
cancel,15879,,,1686477450
cancel,18075,,,1686477450
cancel,24999,,,1686477450
newOrder,15877,0,9571,1686477476
newOrder,18075,1,9571,1686477476
newOrder,9526,0,44765,1686477476
newOrder,24999,1,44765,1686477476
cancel,9526,,,1686478050
cancel,15877,,,1686478050
cancel,18075,,,1686478050
cancel,24999,,,1686478050
newOrder,15877,0,9572,1686478076
newOrder,18075,1,9572,1686478076
newOrder,9526,0,43769,1686478076
newOrder,24999,1,43769,1686478076
cancel,9526,,,1686478650
cancel,15877,,,1686478650
cancel,18075,,,1686478650
cancel,24999,,,1686478650
newOrder,15877,0,9572,1686478676
newOrder,18075,1,9572,1686478676
newOrder,12501,0,9746,1686478676
cancel,12501,,,1686479250
cancel,15877,,,1686479250
cancel,18075,,,1686479250
newOrder,15875,0,9571,1686479278
newOrder,18075,1,9571,1686479278
newOrder,9525,0,47654,1686479278
newOrder,24999,1,47654,1686479278
cancel,9525,,,1686479851
cancel,15875,,,1686479851
cancel,18075,,,1686479851
cancel,24999,,,1686479851
newOrder,15857,0,9559,1686479876
newOrder,18075,1,9559,1686479876
newOrder,12164,0,12329,1686479876
newOrder,24776,1,12329,1686479876
cancel,12164,,,1686480450
cancel,15857,,,1686480450
cancel,18075,,,1686480450
cancel,24776,,,1686480450
newOrder,15848,0,9552,1686480476
newOrder,18075,1,9552,1686480476
newOrder,9509,0,45069,1686480476
newOrder,24999,1,45069,1686480476
cancel,9509,,,1686481049
cancel,15848,,,1686481049
cancel,18075,,,1686481049
cancel,24999,,,1686481049
newOrder,15850,0,9555,1686481077
newOrder,18075,1,9555,1686481077
newOrder,9510,0,47710,1686481077
newOrder,24999,1,47710,1686481077
cancel,9510,,,1686481651
cancel,15850,,,1686481651
cancel,18075,,,1686481651
cancel,24999,,,1686481651
newOrder,15882,0,9580,1686481678
newOrder,18075,1,9580,1686481678
newOrder,9529,0,26155,1686481678
newOrder,24776,1,26155,1686481678
cancel,9529,,,1686482251
cancel,15882,,,1686482251
cancel,18075,,,1686482251
cancel,24776,,,1686482251
newOrder,15882,0,9580,1686482276
newOrder,18075,1,9580,1686482276
newOrder,15501,0,6467,1686482276
cancel,15501,,,1686482850
cancel,15882,,,1686482850
cancel,18075,,,1686482850
newOrder,15879,0,9579,1686482878
newOrder,18075,1,9579,1686482878
newOrder,9528,0,23176,1686482878
newOrder,24776,1,23176,1686482878
cancel,9528,,,1686483450
cancel,15879,,,1686483450
cancel,18075,,,1686483450
cancel,24776,,,1686483450
newOrder,15822,0,9536,1686483476
newOrder,18075,1,9536,1686483476
newOrder,9493,0,44816,1686483476
newOrder,24999,1,44816,1686483476
cancel,9493,,,1686484050
cancel,15822,,,1686484050
cancel,18075,,,1686484050
cancel,24999,,,1686484050
newOrder,15826,0,9540,1686484077
newOrder,18075,1,9540,1686484077
newOrder,9496,0,46872,1686484077
newOrder,24999,1,46872,1686484077
cancel,9496,,,1686484651
cancel,15826,,,1686484651
cancel,18075,,,1686484651
cancel,24999,,,1686484651
newOrder,15822,0,9537,1686484677
newOrder,18075,1,9537,1686484677
newOrder,9493,0,42380,1686484677
newOrder,24999,1,42380,1686484677
cancel,9493,,,1686485251
cancel,15822,,,1686485251
cancel,18075,,,1686485251
cancel,24999,,,1686485251
newOrder,15822,0,9538,1686485278
newOrder,18075,1,9538,1686485278
newOrder,9493,0,39948,1686485278
newOrder,24999,1,39948,1686485278