instruction,price,side,qty,time
cancel,11878,,,1676203992
cancel,19797,,,1676203992
cancel,20204,,,1676203992
cancel,24999,,,1676203992
newOrder,19797,0,26959,1676204001
newOrder,20204,1,26959,1676204001
newOrder,11878,0,107837,1676204001
newOrder,24999,1,107837,1676204001
cancel,11878,,,1676204593
cancel,19797,,,1676204593
cancel,20204,,,1676204593
cancel,24999,,,1676204593
newOrder,19797,0,26962,1676204601
newOrder,20204,1,26962,1676204601
newOrder,11878,0,107849,1676204601
newOrder,24999,1,107849,1676204601
cancel,11878,,,1676205192
cancel,19797,,,1676205192
cancel,20204,,,1676205192
cancel,24999,,,1676205192
newOrder,19797,0,26959,1676205201
newOrder,20207,1,26959,1676205201
newOrder,11878,0,107836,1676205201
newOrder,24999,1,107836,1676205201
cancel,11878,,,1676205793
cancel,19797,,,1676205793
cancel,20207,,,1676205793
cancel,24999,,,1676205793
newOrder,19797,0,26962,1676205799
newOrder,20207,1,26962,1676205799
newOrder,11878,0,107847,1676205799
newOrder,24999,1,107847,1676205799
cancel,11878,,,1676206393
cancel,19797,,,1676206393
cancel,20207,,,1676206393
cancel,24999,,,1676206393
newOrder,19797,0,26965,1676206402
newOrder,20207,1,26965,1676206402
newOrder,11878,0,107859,1676206402
newOrder,24999,1,107859,1676206402
cancel,11878,,,1676206993
cancel,19797,,,1676206993
cancel,20207,,,1676206993
cancel,24999,,,1676206993
newOrder,19797,0,26967,1676207001
newOrder,20207,1,26967,1676207001
newOrder,11878,0,107870,1676207001
newOrder,24999,1,107870,1676207001
cancel,11878,,,1676207597
cancel,19797,,,1676207597
cancel,20207,,,1676207597
cancel,24999,,,1676207597
newOrder,19797,0,26970,1676207605
newOrder,20207,1,26970,1676207605
newOrder,11878,0,107881,1676207605
newOrder,24999,1,107881,1676207605
cancel,11878,,,1676208195
cancel,19797,,,1676208195
cancel,20207,,,1676208195
cancel,24999,,,1676208195
newOrder,19797,0,26973,1676208199
newOrder,20207,1,26973,1676208199
newOrder,11878,0,107893,1676208199
newOrder,24999,1,107893,1676208199
cancel,11878,,,1676208793
cancel,19797,,,1676208793
cancel,20207,,,1676208793
cancel,24999,,,1676208793
newOrder,19797,0,26976,1676208801
newOrder,20207,1,26976,1676208801
newOrder,11878,0,107904,1676208801
newOrder,24999,1,107904,1676208801
cancel,11878,,,1676209393
cancel,19797,,,1676209393
cancel,20207,,,1676209393
cancel,24999,,,1676209393
newOrder,19797,0,26979,1676209401
newOrder,20207,1,26979,1676209401
newOrder,11878,0,107916,1676209401
newOrder,24999,1,107916,1676209401
cancel,11878,,,1676209993
cancel,19797,,,1676209993
cancel,20207,,,1676209993
cancel,24999,,,1676209993
newOrder,19797,0,26982,1676210000
newOrder,20207,1,26982,1676210000
newOrder,11878,0,107927,1676210000
newOrder,24999,1,107927,1676210000
cancel,11878,,,1676210593
cancel,19797,,,1676210593
cancel,20207,,,1676210593
cancel,24999,,,1676210593
newOrder,19797,0,26985,1676210599
newOrder,20207,1,26985,1676210599
newOrder,11878,0,107938,1676210599
newOrder,24999,1,107938,1676210599
cancel,11878,,,1676211194
cancel,19797,,,1676211194
cancel,20207,,,1676211194
cancel,24999,,,1676211194
newOrder,19797,0,26988,1676211243
newOrder,20207,1,26988,1676211243
newOrder,11878,0,107951,1676211243
newOrder,24999,1,107951,1676211243
cancel,11878,,,1676211793
cancel,19797,,,1676211793
cancel,20207,,,1676211793
cancel,24999,,,1676211793
newOrder,19797,0,26990,1676211801
newOrder,20207,1,26990,1676211801
newOrder,11878,0,107961,1676211801
newOrder,24999,1,107961,1676211801
cancel,11878,,,1676212393
cancel,19797,,,1676212393
cancel,20207,,,1676212393
cancel,24999,,,1676212393
newOrder,19797,0,26993,1676212402
newOrder,20207,1,26993,1676212402
newOrder,11878,0,107973,1676212402
newOrder,24999,1,107973,1676212402
cancel,11878,,,1676212993
cancel,19797,,,1676212993
cancel,20207,,,1676212993
cancel,24999,,,1676212993
newOrder,19683,0,27276,1676213000
newOrder,20203,1,27276,1676213000
newOrder,11810,0,109102,1676213000
newOrder,24999,1,109102,1676213000
cancel,11810,,,1676213593
cancel,19683,,,1676213593
cancel,20203,,,1676213593
cancel,24999,,,1676213593
newOrder,19683,0,27280,1676213600
newOrder,20203,1,27280,1676213600
newOrder,11810,0,109119,1676213600
newOrder,24999,1,109119,1676213600
cancel,11810,,,1676214194
cancel,19683,,,1676214194
cancel,20203,,,1676214194
cancel,24999,,,1676214194
newOrder,19683,0,27282,1676214204
newOrder,20203,1,27282,1676214204
newOrder,11810,0,109128,1676214204
newOrder,24999,1,109128,1676214204
cancel,11810,,,1676214793
cancel,19683,,,1676214793
cancel,20203,,,1676214793
cancel,24999,,,1676214793
newOrder,19682,0,27288,1676214800
newOrder,20203,1,27288,1676214800
newOrder,11809,0,109152,1676214800
newOrder,24999,1,109152,1676214800
cancel,11809,,,1676215393
cancel,19682,,,1676215393
cancel,20203,,,1676215393
cancel,24999,,,1676215393
newOrder,19681,0,27292,1676215399
newOrder,20203,1,27292,1676215399
newOrder,11809,0,109168,1676215399
newOrder,24999,1,109168,1676215399
cancel,11809,,,1676215993
cancel,19681,,,1676215993
cancel,20203,,,1676215993
cancel,24999,,,1676215993
newOrder,19683,0,27290,1676216001
newOrder,20203,1,27290,1676216001
newOrder,11810,0,109162,1676216001
newOrder,24999,1,109162,1676216001
cancel,11810,,,1676216593
cancel,19683,,,1676216593
cancel,20203,,,1676216593
cancel,24999,,,1676216593
newOrder,19681,0,27298,1676216600
newOrder,20203,1,27298,1676216600
newOrder,11809,0,109192,1676216600
newOrder,24999,1,109192,1676216600
cancel,11809,,,1676217192
cancel,19681,,,1676217192
cancel,20203,,,1676217192
cancel,24999,,,1676217192
newOrder,19683,0,27296,1676217199
newOrder,20203,1,27296,1676217199
newOrder,11810,0,109186,1676217199
newOrder,24999,1,109186,1676217199
cancel,11810,,,1676217793
cancel,19683,,,1676217793
cancel,20203,,,1676217793
cancel,24999,,,1676217793
newOrder,19684,0,27298,1676217799
newOrder,20203,1,27298,1676217799
newOrder,11810,0,109193,1676217799
newOrder,24999,1,109193,1676217799
cancel,11810,,,1676218393
cancel,19684,,,1676218393
cancel,20203,,,1676218393
cancel,24999,,,1676218393
newOrder,19684,0,27301,1676218402
newOrder,20203,1,27301,1676218402
newOrder,11810,0,109205,1676218402
newOrder,24999,1,109205,1676218402
cancel,11810,,,1676218994
cancel,19684,,,1676218994
cancel,20203,,,1676218994
cancel,24999,,,1676218994
newOrder,19683,0,27305,1676219000
newOrder,20203,1,27305,1676219000
newOrder,11810,0,109222,1676219000
newOrder,24999,1,109222,1676219000
cancel,11810,,,1676219593
cancel,19683,,,1676219593
cancel,20203,,,1676219593
cancel,24999,,,1676219593
newOrder,19684,0,27307,1676219599
newOrder,20203,1,27307,1676219599
newOrder,11810,0,109229,1676219599
newOrder,24999,1,109229,1676219599
cancel,11810,,,1676220193
cancel,19684,,,1676220193
cancel,20203,,,1676220193
cancel,24999,,,1676220193
newOrder,19683,0,27311,1676220201
newOrder,20203,1,27311,1676220201
newOrder,11810,0,109246,1676220201
newOrder,24999,1,109246,1676220201
cancel,11810,,,1676220793
cancel,19683,,,1676220793
cancel,20203,,,1676220793
cancel,24999,,,1676220793
newOrder,19694,0,27289,1676220801
newOrder,20203,1,27289,1676220801
newOrder,11816,0,109156,1676220801
newOrder,24999,1,109156,1676220801
cancel,11816,,,1676221393
cancel,19694,,,1676221393
cancel,20203,,,1676221393
cancel,24999,,,1676221393
newOrder,19695,0,27291,1676221399
newOrder,20203,1,27291,1676221399
newOrder,11817,0,109164,1676221399
newOrder,24999,1,109164,1676221399
cancel,11817,,,1676221993
cancel,19695,,,1676221993
cancel,20203,,,1676221993
cancel,24999,,,1676221993
newOrder,19694,0,27295,1676222000
newOrder,20203,1,27295,1676222000
newOrder,11816,0,109180,1676222000
newOrder,24999,1,109180,1676222000
cancel,11816,,,1676222592
cancel,19694,,,1676222592
cancel,20203,,,1676222592
cancel,24999,,,1676222592
newOrder,19694,0,27298,1676222599
newOrder,20203,1,27298,1676222599
newOrder,11816,0,109192,1676222599
newOrder,24999,1,109192,1676222599
cancel,11816,,,1676223192
cancel,19694,,,1676223192
cancel,20203,,,1676223192
cancel,24999,,,1676223192
newOrder,19694,0,27301,1676223199
newOrder,20203,1,27301,1676223199
newOrder,11816,0,109204,1676223199
newOrder,24999,1,109204,1676223199
cancel,11816,,,1676223793
cancel,19694,,,1676223793
cancel,20203,,,1676223793
cancel,24999,,,1676223793
newOrder,19694,0,27304,1676223799
newOrder,20203,1,27304,1676223799
newOrder,11816,0,109216,1676223799
newOrder,24999,1,109216,1676223799
cancel,11816,,,1676224397
cancel,19694,,,1676224397
cancel,20203,,,1676224397
cancel,24999,,,1676224397
newOrder,19724,0,27238,1676224404
newOrder,20203,1,27238,1676224404
newOrder,11834,0,108950,1676224404
newOrder,24999,1,108950,1676224404
cancel,11834,,,1676224992
cancel,19724,,,1676224992
cancel,20203,,,1676224992
cancel,24999,,,1676224992
newOrder,19724,0,27240,1676224998
newOrder,20203,1,27240,1676224998
newOrder,11834,0,108962,1676224998
newOrder,24999,1,108962,1676224998
cancel,11834,,,1676225593
cancel,19724,,,1676225593
cancel,20203,,,1676225593
cancel,24999,,,1676225593
newOrder,19694,0,27313,1676225600
newOrder,20203,1,27313,1676225600
newOrder,11816,0,109252,1676225600
newOrder,24999,1,109252,1676225600
cancel,11816,,,1676226194
cancel,19694,,,1676226194
cancel,20203,,,1676226194
cancel,24999,,,1676226194
newOrder,19710,0,27278,1676226202
newOrder,20203,1,27278,1676226202
newOrder,11826,0,109110,1676226202
newOrder,24999,1,109110,1676226202
cancel,11826,,,1676226792
cancel,19710,,,1676226792
cancel,20203,,,1676226792
cancel,24999,,,1676226792
newOrder,19728,0,27239,1676226802
newOrder,20203,1,27239,1676226802
newOrder,11837,0,108955,1676226802
newOrder,24999,1,108955,1676226802
cancel,11837,,,1676227393
cancel,19728,,,1676227393
cancel,20203,,,1676227393
cancel,24999,,,1676227393
newOrder,19711,0,27282,1676227402
newOrder,20203,1,27282,1676227402
newOrder,11827,0,109129,1676227402
newOrder,24999,1,109129,1676227402
cancel,11827,,,1676227994
cancel,19711,,,1676227994
cancel,20203,,,1676227994
cancel,24999,,,1676227994
newOrder,19764,0,27160,1676228002
newOrder,20203,1,27160,1676228002
newOrder,11858,0,108640,1676228002
newOrder,24999,1,108640,1676228002
cancel,11858,,,1676228593
cancel,19764,,,1676228593
cancel,20203,,,1676228593
cancel,24999,,,1676228593
newOrder,19764,0,27163,1676228604
newOrder,20203,1,27163,1676228604
newOrder,11858,0,108652,1676228604
newOrder,24999,1,108652,1676228604
cancel,11858,,,1676229193
cancel,19764,,,1676229193
cancel,20203,,,1676229193
cancel,24999,,,1676229193
newOrder,19764,0,27166,1676229206
newOrder,20203,1,27166,1676229206
newOrder,11858,0,108663,1676229206
newOrder,24999,1,108663,1676229206
cancel,11858,,,1676229794
cancel,19764,,,1676229794
cancel,20203,,,1676229794
cancel,24999,,,1676229794
newOrder,19764,0,27169,1676229802
newOrder,20203,1,27169,1676229802
newOrder,11858,0,108675,1676229802
newOrder,24999,1,108675,1676229802
cancel,11858,,,1676230394
cancel,19764,,,1676230394
cancel,20203,,,1676230394
cancel,24999,,,1676230394
newOrder,19764,0,27172,1676230402
newOrder,20203,1,27172,1676230402
newOrder,11858,0,108687,1676230402
newOrder,24999,1,108687,1676230402
cancel,11858,,,1676230992
cancel,19764,,,1676230992
cancel,20203,,,1676230992
cancel,24999,,,1676230992
newOrder,19764,0,27175,1676231004
newOrder,20203,1,27175,1676231004
newOrder,11858,0,108698,1676231004
newOrder,24999,1,108698,1676231004
cancel,11858,,,1676231597
cancel,19764,,,1676231597
cancel,20203,,,1676231597
cancel,24999,,,1676231597
newOrder,19764,0,27178,1676231605
newOrder,20203,1,27178,1676231605
newOrder,11858,0,108710,1676231605
newOrder,24999,1,108710,1676231605
cancel,11858,,,1676232193
cancel,19764,,,1676232193
cancel,20203,,,1676232193
cancel,24999,,,1676232193
newOrder,19709,0,27310,1676232202
newOrder,20203,1,27310,1676232202
newOrder,11826,0,109239,1676232202
newOrder,24999,1,109239,1676232202
cancel,11826,,,1676232793
cancel,19709,,,1676232793
cancel,20203,,,1676232793
cancel,24999,,,1676232793
newOrder,19709,0,27313,1676232803
newOrder,20203,1,27313,1676232803
newOrder,11826,0,109251,1676232803
newOrder,24999,1,109251,1676232803
cancel,11826,,,1676233396
cancel,19709,,,1676233396
cancel,20203,,,1676233396
cancel,24999,,,1676233396
newOrder,19726,0,27275,1676233408
newOrder,20203,1,27275,1676233408
newOrder,11836,0,109102,1676233408
newOrder,24999,1,109102,1676233408
cancel,11836,,,1676233993
cancel,19726,,,1676233993
cancel,20203,,,1676233993
cancel,24999,,,1676233993
newOrder,19726,0,27278,1676234003
newOrder,20203,1,27278,1676234003
newOrder,11836,0,109114,1676234003
newOrder,24999,1,109114,1676234003
cancel,11836,,,1676234593
cancel,19726,,,1676234593
cancel,20203,,,1676234593
cancel,24999,,,1676234593
newOrder,19709,0,27322,1676234599
newOrder,20203,1,27322,1676234599
newOrder,11826,0,109287,1676234599
newOrder,24999,1,109287,1676234599
cancel,11826,,,1676235194
cancel,19709,,,1676235194
cancel,20203,,,1676235194
cancel,24999,,,1676235194
newOrder,19709,0,27326,1676235203
newOrder,20203,1,27326,1676235203
newOrder,11825,0,109303,1676235203
newOrder,24999,1,109303,1676235203
cancel,11825,,,1676235793
cancel,19709,,,1676235793
cancel,20203,,,1676235793
cancel,24999,,,1676235793
newOrder,19703,0,27343,1676235804
newOrder,20203,1,27343,1676235804
newOrder,11822,0,109372,1676235804
newOrder,24999,1,109372,1676235804
cancel,11822,,,1676236393
cancel,19703,,,1676236393
cancel,20203,,,1676236393
cancel,24999,,,1676236393
newOrder,19702,0,27347,1676236401
newOrder,20203,1,27347,1676236401
newOrder,11821,0,109389,1676236401
newOrder,24999,1,109389,1676236401
cancel,11821,,,1676236993
cancel,19702,,,1676236993
cancel,20203,,,1676236993
cancel,24999,,,1676236993
newOrder,19703,0,27348,1676237000
newOrder,20203,1,27348,1676237000
newOrder,11822,0,109391,1676237000
newOrder,24999,1,109391,1676237000
cancel,11822,,,1676237593
cancel,19703,,,1676237593
cancel,20203,,,1676237593
cancel,24999,,,1676237593
newOrder,19703,0,27351,1676237602
newOrder,20203,1,27351,1676237602
newOrder,11822,0,109403,1676237602
newOrder,24999,1,109403,1676237602
cancel,11822,,,1676238193
cancel,19703,,,1676238193
cancel,20203,,,1676238193
cancel,24999,,,1676238193
newOrder,19703,0,27354,1676238201
newOrder,20203,1,27354,1676238201
newOrder,11822,0,109415,1676238201
newOrder,24999,1,109415,1676238201
cancel,11822,,,1676238794
cancel,19703,,,1676238794
cancel,20203,,,1676238794
cancel,24999,,,1676238794
newOrder,19703,0,27358,1676238801
newOrder,20203,1,27358,1676238801
newOrder,11822,0,109432,1676238801
newOrder,24999,1,109432,1676238801
cancel,11822,,,1676239394
cancel,19703,,,1676239394
cancel,20203,,,1676239394
cancel,24999,,,1676239394
newOrder,19590,0,27623,1676239400
newOrder,20203,1,27623,1676239400
newOrder,11754,0,110494,1676239400
newOrder,24999,1,110494,1676239400
cancel,11754,,,1676239993
cancel,19590,,,1676239993
cancel,20203,,,1676239993
cancel,24999,,,1676239993
newOrder,19778,0,27184,1676240001
newOrder,20203,1,27184,1676240001
newOrder,11867,0,108738,1676240001
newOrder,24999,1,108738,1676240001
cancel,11867,,,1676240593
cancel,19778,,,1676240593
cancel,20203,,,1676240593
cancel,24999,,,1676240593
newOrder,19778,0,27187,1676240600
newOrder,20203,1,27187,1676240600
newOrder,11867,0,108750,1676240600
newOrder,24999,1,108750,1676240600
cancel,11867,,,1676241193
cancel,19778,,,1676241193
cancel,20203,,,1676241193
cancel,24999,,,1676241193
newOrder,19778,0,27190,1676241201
newOrder,20203,1,27190,1676241201
newOrder,11867,0,108761,1676241201
newOrder,24999,1,108761,1676241201
cancel,11867,,,1676241793
cancel,19778,,,1676241793
cancel,20203,,,1676241793
cancel,24999,,,1676241793
newOrder,19778,0,27193,1676241804
newOrder,20203,1,27193,1676241804
newOrder,11867,0,108773,1676241804
newOrder,24999,1,108773,1676241804
cancel,11867,,,1676242393
cancel,19778,,,1676242393
cancel,20203,,,1676242393
cancel,24999,,,1676242393
newOrder,19778,0,27196,1676242401
newOrder,20203,1,27196,1676242401
newOrder,11867,0,108785,1676242401
newOrder,24999,1,108785,1676242401
cancel,11867,,,1676242993
cancel,19778,,,1676242993
cancel,20203,,,1676242993
cancel,24999,,,1676242993
newOrder,19778,0,27199,1676243000
newOrder,20203,1,27199,1676243000
newOrder,11867,0,108797,1676243000
newOrder,24999,1,108797,1676243000
cancel,11867,,,1676243595
cancel,19778,,,1676243595
cancel,20203,,,1676243595
cancel,24999,,,1676243595
newOrder,19778,0,27202,1676243605
newOrder,20203,1,27202,1676243605
newOrder,11867,0,108808,1676243605
newOrder,24999,1,108808,1676243605
cancel,11867,,,1676244193
cancel,19778,,,1676244193
cancel,20203,,,1676244193
cancel,24999,,,1676244193
newOrder,19778,0,27205,1676244200
newOrder,20203,1,27205,1676244200
newOrder,11867,0,108820,1676244200
newOrder,24999,1,108820,1676244200
cancel,11867,,,1676244793
cancel,19778,,,1676244793
cancel,20203,,,1676244793
cancel,24999,,,1676244793
newOrder,19778,0,27208,1676244800
newOrder,20203,1,27208,1676244800
newOrder,11867,0,108832,1676244800
newOrder,24999,1,108832,1676244800
cancel,11867,,,1676245393
cancel,19778,,,1676245393
cancel,20203,,,1676245393
cancel,24999,,,1676245393
newOrder,19778,0,27211,1676245400
newOrder,20203,1,27211,1676245400
newOrder,11867,0,108844,1676245400
newOrder,24999,1,108844,1676245400
cancel,11867,,,1676245992
cancel,19778,,,1676245992
cancel,20203,,,1676245992
cancel,24999,,,1676245992
newOrder,19778,0,27214,1676245999
newOrder,20203,1,27214,1676245999
newOrder,11867,0,108855,1676245999
newOrder,24999,1,108855,1676245999
cancel,11867,,,1676246592
cancel,19778,,,1676246592
cancel,20203,,,1676246592
cancel,24999,,,1676246592
newOrder,19778,0,27217,1676246600
newOrder,20203,1,27217,1676246600
newOrder,11867,0,108867,1676246600
newOrder,24999,1,108867,1676246600
cancel,11867,,,1676247192
cancel,19778,,,1676247192
cancel,20203,,,1676247192
cancel,24999,,,1676247192
newOrder,19768,0,27244,1676247202
newOrder,20203,1,27244,1676247202
newOrder,11861,0,108977,1676247202
newOrder,24999,1,108977,1676247202
cancel,11861,,,1676247792
cancel,19768,,,1676247792
cancel,20203,,,1676247792
cancel,24999,,,1676247792
newOrder,19768,0,27247,1676247801
newOrder,20203,1,27247,1676247801
newOrder,11861,0,108988,1676247801
newOrder,24999,1,108988,1676247801
cancel,11861,,,1676248392
cancel,19768,,,1676248392
cancel,20203,,,1676248392
cancel,24999,,,1676248392
newOrder,19768,0,27250,1676248401
newOrder,20203,1,27250,1676248401
newOrder,11861,0,109000,1676248401
newOrder,24999,1,109000,1676248401
cancel,11861,,,1676248993
cancel,19768,,,1676248993
cancel,20203,,,1676248993
cancel,24999,,,1676248993
newOrder,19768,0,27253,1676249006
newOrder,20203,1,27253,1676249006
newOrder,11861,0,109012,1676249006
newOrder,24999,1,109012,1676249006
cancel,11861,,,1676249593
cancel,19768,,,1676249593
cancel,20203,,,1676249593
cancel,24999,,,1676249593
newOrder,19768,0,27256,1676249602
newOrder,20203,1,27256,1676249602
newOrder,11861,0,109024,1676249602
newOrder,24999,1,109024,1676249602
cancel,11861,,,1676250193
cancel,19768,,,1676250193
cancel,20203,,,1676250193
cancel,24999,,,1676250193
newOrder,19768,0,27259,1676250200
newOrder,20203,1,27259,1676250200
newOrder,11861,0,109036,1676250200
newOrder,24999,1,109036,1676250200
cancel,11861,,,1676250794
cancel,19768,,,1676250794
cancel,20203,,,1676250794
cancel,24999,,,1676250794
newOrder,19768,0,27262,1676250800
newOrder,20203,1,27262,1676250800
newOrder,11861,0,109047,1676250800
newOrder,24999,1,109047,1676250800
cancel,11861,,,1676251393
cancel,19768,,,1676251393
cancel,20203,,,1676251393
cancel,24999,,,1676251393
newOrder,19768,0,27265,1676251402
newOrder,20203,1,27265,1676251402
newOrder,11861,0,109059,1676251402
newOrder,24999,1,109059,1676251402
cancel,11861,,,1676251993
cancel,19768,,,1676251993
cancel,20203,,,1676251993
cancel,24999,,,1676251993
newOrder,19768,0,27268,1676252001
newOrder,20203,1,27268,1676252001
newOrder,11861,0,109071,1676252001
newOrder,24999,1,109071,1676252001
cancel,11861,,,1676252593
cancel,19768,,,1676252593
cancel,20203,,,1676252593
cancel,24999,,,1676252593
newOrder,19768,0,27271,1676252600
newOrder,20203,1,27271,1676252600
newOrder,11861,0,109083,1676252600
newOrder,24999,1,109083,1676252600
cancel,11861,,,1676253193
cancel,19768,,,1676253193
cancel,20203,,,1676253193
cancel,24999,,,1676253193
newOrder,19768,0,27274,1676253200
newOrder,20203,1,27274,1676253200
newOrder,11861,0,109095,1676253200
newOrder,24999,1,109095,1676253200
cancel,11861,,,1676253793
cancel,19768,,,1676253793
cancel,20203,,,1676253793
cancel,24999,,,1676253793
newOrder,19768,0,27277,1676253800
newOrder,20203,1,27277,1676253800
newOrder,11861,0,109107,1676253800
newOrder,24999,1,109107,1676253800
cancel,11861,,,1676254393
cancel,19768,,,1676254393
cancel,20203,,,1676254393
cancel,24999,,,1676254393
newOrder,19768,0,27280,1676254399
newOrder,20203,1,27280,1676254399
newOrder,11861,0,109118,1676254399
newOrder,24999,1,109118,1676254399
cancel,11861,,,1676254997
cancel,19768,,,1676254997
cancel,20203,,,1676254997
cancel,24999,,,1676254997
newOrder,19768,0,27286,1676255597
newOrder,20203,1,27286,1676255597
newOrder,11861,0,109142,1676255597
newOrder,24999,1,109142,1676255597
cancel,11861,,,1676256192
cancel,19768,,,1676256192
cancel,20203,,,1676256192
cancel,24999,,,1676256192
newOrder,19694,0,27467,1676256199
newOrder,20203,1,27467,1676256199
newOrder,11817,0,109866,1676256199
newOrder,24999,1,109866,1676256199
cancel,11817,,,1676256794
cancel,19694,,,1676256794
cancel,20203,,,1676256794
cancel,24999,,,1676256794
newOrder,19694,0,27470,1676256804
newOrder,20203,1,27470,1676256804
newOrder,11817,0,109879,1676256804
newOrder,24999,1,109879,1676256804
cancel,11817,,,1676257393
cancel,19694,,,1676257393
cancel,20203,,,1676257393
cancel,24999,,,1676257393
newOrder,19694,0,27473,1676257399
newOrder,20203,1,27473,1676257399
newOrder,11817,0,109891,1676257399
newOrder,24999,1,109891,1676257399
cancel,11817,,,1676257993
cancel,19694,,,1676257993
cancel,20203,,,1676257993
cancel,24999,,,1676257993
newOrder,19694,0,27476,1676258000
newOrder,20203,1,27476,1676258000
newOrder,11817,0,109903,1676258000
newOrder,24999,1,109903,1676258000
cancel,11817,,,1676258593
cancel,19694,,,1676258593
cancel,20203,,,1676258593
cancel,24999,,,1676258593
newOrder,19694,0,27479,1676258607
newOrder,20203,1,27479,1676258607
newOrder,11817,0,109915,1676258607
newOrder,24999,1,109915,1676258607
cancel,11817,,,1676259194
cancel,19694,,,1676259194
cancel,20203,,,1676259194
cancel,24999,,,1676259194
newOrder,19694,0,27482,1676259200
newOrder,20203,1,27482,1676259200
newOrder,11817,0,109927,1676259200
newOrder,24999,1,109927,1676259200
cancel,11817,,,1676259793
cancel,19694,,,1676259793
cancel,20203,,,1676259793
cancel,24999,,,1676259793
newOrder,19694,0,27485,1676259799
newOrder,20203,1,27485,1676259799
newOrder,11817,0,109939,1676259799
newOrder,24999,1,109939,1676259799
cancel,11817,,,1676260392
cancel,19694,,,1676260392
cancel,20203,,,1676260392
cancel,24999,,,1676260392
newOrder,19694,0,27488,1676260400
newOrder,20203,1,27488,1676260400
newOrder,11817,0,109952,1676260400
newOrder,24999,1,109952,1676260400
cancel,11817,,,1676260993
cancel,19694,,,1676260993
cancel,20203,,,1676260993
cancel,24999,,,1676260993
newOrder,19694,0,27491,1676261000
newOrder,20203,1,27491,1676261000
newOrder,11817,0,109964,1676261000
newOrder,24999,1,109964,1676261000
cancel,11817,,,1676261593
cancel,19694,,,1676261593
cancel,20203,,,1676261593
cancel,24999,,,1676261593
newOrder,19694,0,27494,1676261599
newOrder,20203,1,27494,1676261599
newOrder,11817,0,109976,1676261599
newOrder,24999,1,109976,1676261599
cancel,11817,,,1676262193
cancel,19694,,,1676262193
cancel,20203,,,1676262193
cancel,24999,,,1676262193
newOrder,19694,0,27497,1676262201
newOrder,20203,1,27497,1676262201
newOrder,11817,0,109988,1676262201
newOrder,24999,1,109988,1676262201
cancel,11817,,,1676262792
cancel,19694,,,1676262792
cancel,20203,,,1676262792
cancel,24999,,,1676262792
newOrder,19771,0,27313,1676262799
newOrder,20203,1,27313,1676262799
newOrder,11862,0,109254,1676262799
newOrder,24999,1,109254,1676262799
cancel,11862,,,1676263392
cancel,19771,,,1676263392
cancel,20203,,,1676263392
cancel,24999,,,1676263392
newOrder,19771,0,27316,1676263400
newOrder,20203,1,27316,1676263400
newOrder,11862,0,109266,1676263400
newOrder,24999,1,109266,1676263400
cancel,11862,,,1676263996
cancel,19771,,,1676263996
cancel,20203,,,1676263996
cancel,24999,,,1676263996
newOrder,19771,0,27319,1676264005
newOrder,20203,1,27319,1676264005
newOrder,11862,0,109278,1676264005
newOrder,24999,1,109278,1676264005
cancel,11862,,,1676264593
cancel,19771,,,1676264593
cancel,20203,,,1676264593
cancel,24999,,,1676264593
newOrder,19771,0,27322,1676264599
newOrder,20203,1,27322,1676264599
newOrder,11862,0,109289,1676264599
newOrder,24999,1,109289,1676264599
cancel,11862,,,1676265193
cancel,19771,,,1676265193
cancel,20203,,,1676265193
cancel,24999,,,1676265193
newOrder,19771,0,27325,1676265201
newOrder,20203,1,27325,1676265201
newOrder,11862,0,109301,1676265201
newOrder,24999,1,109301,1676265201
cancel,11862,,,1676265793
cancel,19771,,,1676265793
cancel,20203,,,1676265793
cancel,24999,,,1676265793
newOrder,19771,0,27328,1676265800
newOrder,20203,1,27328,1676265800
newOrder,11862,0,109313,1676265800
newOrder,24999,1,109313,1676265800
cancel,11862,,,1676266393
cancel,19771,,,1676266393
cancel,20203,,,1676266393
cancel,24999,,,1676266393
newOrder,19771,0,27331,1676266401
newOrder,20203,1,27331,1676266401
newOrder,11862,0,109325,1676266401
newOrder,24999,1,109325,1676266401
cancel,11862,,,1676266993
cancel,19771,,,1676266993
cancel,20203,,,1676266993
cancel,24999,,,1676266993
newOrder,19771,0,27334,1676267002
newOrder,20203,1,27334,1676267002
newOrder,11862,0,109337,1676267002
newOrder,24999,1,109337,1676267002
cancel,11862,,,1676267593
cancel,19771,,,1676267593
cancel,20203,,,1676267593
cancel,24999,,,1676267593
newOrder,19771,0,27337,1676267601
newOrder,20203,1,27337,1676267601
newOrder,11862,0,109349,1676267601
newOrder,24999,1,109349,1676267601
cancel,11862,,,1676268193
cancel,19771,,,1676268193
cancel,20203,,,1676268193
cancel,24999,,,1676268193
newOrder,19771,0,27340,1676268201
newOrder,20203,1,27340,1676268201
newOrder,11862,0,109361,1676268201
newOrder,24999,1,109361,1676268201
cancel,11862,,,1676268792
cancel,19771,,,1676268792
cancel,20203,,,1676268792
cancel,24999,,,1676268792
newOrder,19771,0,27343,1676268806
newOrder,20203,1,27343,1676268806
newOrder,11862,0,109373,1676268806
newOrder,24999,1,109373,1676268806
cancel,11862,,,1676269393
cancel,19771,,,1676269393
cancel,20203,,,1676269393
cancel,24999,,,1676269393
newOrder,19771,0,27346,1676269400
newOrder,20203,1,27346,1676269400
newOrder,11862,0,109385,1676269400
newOrder,24999,1,109385,1676269400
cancel,11862,,,1676269993
cancel,19771,,,1676269993
cancel,20203,,,1676269993
cancel,24999,,,1676269993
newOrder,19771,0,27349,1676270001
newOrder,20203,1,27349,1676270001
newOrder,11862,0,109397,1676270001
newOrder,24999,1,109397,1676270001
cancel,11862,,,1676270593
cancel,19771,,,1676270593
cancel,20203,,,1676270593
cancel,24999,,,1676270593
newOrder,19771,0,27352,1676270600
newOrder,20203,1,27352,1676270600
newOrder,11862,0,109409,1676270600
newOrder,24999,1,109409,1676270600
cancel,11862,,,1676271194
cancel,19771,,,1676271194
cancel,20203,,,1676271194
cancel,24999,,,1676271194
newOrder,19771,0,27355,1676271201
newOrder,20203,1,27355,1676271201
newOrder,11862,0,109420,1676271201
newOrder,24999,1,109420,1676271201
cancel,11862,,,1676271793
cancel,19771,,,1676271793
cancel,20203,,,1676271793
cancel,24999,,,1676271793
newOrder,19771,0,27358,1676271801
newOrder,20203,1,27358,1676271801
newOrder,11862,0,109432,1676271801
newOrder,24999,1,109432,1676271801
cancel,11862,,,1676272393
cancel,19771,,,1676272393
cancel,20203,,,1676272393
cancel,24999,,,1676272393
newOrder,19635,0,27692,1676272401
newOrder,20203,1,27692,1676272401
newOrder,11781,0,110769,1676272401
newOrder,24999,1,110769,1676272401
cancel,11781,,,1676272993
cancel,19635,,,1676272993
cancel,20203,,,1676272993
cancel,24999,,,1676272993
newOrder,19592,0,27797,1676273001
newOrder,20203,1,27797,1676273001
newOrder,11755,0,111186,1676273001
newOrder,24999,1,111186,1676273001
cancel,11755,,,1676273593
cancel,19592,,,1676273593
cancel,20203,,,1676273593
cancel,24999,,,1676273593
newOrder,19764,0,27385,1676273602
newOrder,20203,1,27385,1676273602
newOrder,11858,0,109539,1676273602
newOrder,24999,1,109539,1676273602
cancel,11858,,,1676274194
cancel,19764,,,1676274194
cancel,20203,,,1676274194
cancel,24999,,,1676274194
newOrder,19764,0,27388,1676274202
newOrder,20203,1,27388,1676274202
newOrder,11858,0,109551,1676274202
newOrder,24999,1,109551,1676274202
cancel,11858,,,1676274793
cancel,19764,,,1676274793
cancel,20203,,,1676274793
cancel,24999,,,1676274793
newOrder,19764,0,27391,1676274801
newOrder,20203,1,27391,1676274801
newOrder,11858,0,109563,1676274801
newOrder,24999,1,109563,1676274801
cancel,11858,,,1676275393
cancel,19764,,,1676275393
cancel,20203,,,1676275393
cancel,24999,,,1676275393
newOrder,19764,0,27394,1676275402
newOrder,20203,1,27394,1676275402
newOrder,11858,0,109575,1676275402
newOrder,24999,1,109575,1676275402
cancel,11858,,,1676275993
cancel,19764,,,1676275993
cancel,20203,,,1676275993
cancel,24999,,,1676275993
newOrder,19764,0,27397,1676275999
newOrder,20203,1,27397,1676275999
newOrder,11858,0,109587,1676275999
newOrder,24999,1,109587,1676275999
cancel,11858,,,1676276592
cancel,19764,,,1676276592
cancel,20203,,,1676276592
cancel,24999,,,1676276592
newOrder,19764,0,27400,1676276600
newOrder,20203,1,27400,1676276600
newOrder,11858,0,109599,1676276600
newOrder,24999,1,109599,1676276600
cancel,11858,,,1676277193
cancel,19764,,,1676277193
cancel,20203,,,1676277193
cancel,24999,,,1676277193
newOrder,19764,0,27403,1676277202
newOrder,20203,1,27403,1676277202
newOrder,11858,0,109611,1676277202
newOrder,24999,1,109611,1676277202
cancel,11858,,,1676277792
cancel,19764,,,1676277792
cancel,20203,,,1676277792
cancel,24999,,,1676277792
newOrder,19764,0,27406,1676277802
newOrder,20203,1,27406,1676277802
newOrder,11858,0,109623,1676277802
newOrder,24999,1,109623,1676277802
cancel,11858,,,1676278394
cancel,19764,,,1676278394
cancel,20203,,,1676278394
cancel,24999,,,1676278394
newOrder,19764,0,27409,1676278402
newOrder,20203,1,27409,1676278402
newOrder,11858,0,109635,1676278402
newOrder,24999,1,109635,1676278402
cancel,11858,,,1676278993
cancel,19764,,,1676278993
cancel,20203,,,1676278993
cancel,24999,,,1676278993
newOrder,19764,0,27412,1676279001
newOrder,20203,1,27412,1676279001
newOrder,11858,0,109647,1676279001
newOrder,24999,1,109647,1676279001
cancel,11858,,,1676279593
cancel,19764,,,1676279593
cancel,20203,,,1676279593
cancel,24999,,,1676279593
newOrder,19764,0,27415,1676279602
newOrder,20203,1,27415,1676279602
newOrder,11858,0,109659,1676279602
newOrder,24999,1,109659,1676279602
cancel,11858,,,1676280193
cancel,19764,,,1676280193
cancel,20203,,,1676280193
cancel,24999,,,1676280193
newOrder,19760,0,27428,1676280200
newOrder,20203,1,27428,1676280200
newOrder,11856,0,109711,1676280200
newOrder,24999,1,109711,1676280200
cancel,11856,,,1676280793
cancel,19760,,,1676280793
cancel,20203,,,1676280793
cancel,24999,,,1676280793
newOrder,19760,0,27431,1676280799
newOrder,20203,1,27431,1676280799
newOrder,11856,0,109723,1676280799
newOrder,24999,1,109723,1676280799
cancel,11856,,,1676281393
cancel,19760,,,1676281393
cancel,20203,,,1676281393
cancel,24999,,,1676281393
newOrder,19663,0,27674,1676281999
newOrder,20203,1,27674,1676281999
newOrder,11798,0,110695,1676281999
newOrder,24999,1,110695,1676281999
cancel,11798,,,1676282594
cancel,19663,,,1676282594
cancel,20203,,,1676282594
cancel,24999,,,1676282594
newOrder,19663,0,27677,1676282600
newOrder,20203,1,27677,1676282600
newOrder,11798,0,110707,1676282600
newOrder,24999,1,110707,1676282600
cancel,11798,,,1676283193
cancel,19663,,,1676283193
cancel,20203,,,1676283193
cancel,24999,,,1676283193
newOrder,19722,0,27536,1676283200
newOrder,20203,1,27536,1676283200
newOrder,11833,0,110145,1676283200
newOrder,24999,1,110145,1676283200
cancel,11833,,,1676283794
cancel,19722,,,1676283794
cancel,20203,,,1676283794
cancel,24999,,,1676283794
newOrder,19722,0,27539,1676283803
newOrder,20203,1,27539,1676283803
newOrder,11833,0,110157,1676283803
newOrder,24999,1,110157,1676283803
cancel,11833,,,1676284394
cancel,19722,,,1676284394
cancel,20203,,,1676284394
cancel,24999,,,1676284394
newOrder,19722,0,27542,1676284402
newOrder,20203,1,27542,1676284402
newOrder,11833,0,110169,1676284402
newOrder,24999,1,110169,1676284402
cancel,11833,,,1676284992
cancel,19722,,,1676284992
cancel,20203,,,1676284992
cancel,24999,,,1676284992
newOrder,19722,0,27545,1676285003
newOrder,20203,1,27545,1676285003
newOrder,11833,0,110182,1676285003
newOrder,24999,1,110182,1676285003
cancel,11833,,,1676285593
cancel,19722,,,1676285593
cancel,20203,,,1676285593
cancel,24999,,,1676285593
newOrder,19722,0,27548,1676285600
newOrder,20203,1,27548,1676285600
newOrder,11833,0,110194,1676285600
newOrder,24999,1,110194,1676285600
cancel,11833,,,1676286193
cancel,19722,,,1676286193
cancel,20203,,,1676286193
cancel,24999,,,1676286193
newOrder,19722,0,27552,1676286199
newOrder,20203,1,27552,1676286199
newOrder,11833,0,110206,1676286199
newOrder,24999,1,110206,1676286199
cancel,11833,,,1676286793
cancel,19722,,,1676286793
cancel,20203,,,1676286793
cancel,24999,,,1676286793
newOrder,19722,0,27555,1676286799
newOrder,20203,1,27555,1676286799
newOrder,11833,0,110218,1676286799
newOrder,24999,1,110218,1676286799
cancel,11833,,,1676287393
cancel,19722,,,1676287393
cancel,20203,,,1676287393
cancel,24999,,,1676287393
newOrder,19722,0,27558,1676287397
newOrder,20203,1,27558,1676287397
newOrder,11833,0,110231,1676287397
newOrder,24999,1,110231,1676287397
cancel,11833,,,1676287993
cancel,19722,,,1676287993
cancel,20203,,,1676287993
cancel,24999,,,1676287993
newOrder,19722,0,27561,1676287999
newOrder,20203,1,27561,1676287999
newOrder,11833,0,110243,1676287999
newOrder,24999,1,110243,1676287999
cancel,11833,,,1676288592
cancel,19722,,,1676288592
cancel,20203,,,1676288592
cancel,24999,,,1676288592
newOrder,19722,0,27564,1676288598
newOrder,20203,1,27564,1676288598
newOrder,11833,0,110255,1676288598
newOrder,24999,1,110255,1676288598
cancel,11833,,,1676289204
cancel,19722,,,1676289204
cancel,20203,,,1676289204
cancel,24999,,,1676289204
newOrder,19722,0,27567,1676289214
newOrder,20203,1,27567,1676289214
newOrder,11833,0,110268,1676289214
newOrder,24999,1,110268,1676289214
cancel,11833,,,1676289791
cancel,19722,,,1676289791
cancel,20203,,,1676289791
cancel,24999,,,1676289791
newOrder,19722,0,27570,1676289798
newOrder,20203,1,27570,1676289798
newOrder,11833,0,110280,1676289798
newOrder,24999,1,110280,1676289798