instruction,price,side,qty,time
cancel,10718,,,1682424990
cancel,17864,,,1682424990
cancel,19066,,,1682424990
cancel,24999,,,1682424990
newOrder,17864,0,14878,1682425020
newOrder,19066,1,14878,1682425020
newOrder,10719,0,33287,1682425020
newOrder,24999,1,33287,1682425020
cancel,10719,,,1682425591
cancel,17864,,,1682425591
cancel,19066,,,1682425591
cancel,24999,,,1682425591
newOrder,17864,0,14884,1682425622
newOrder,19066,1,14884,1682425622
newOrder,11501,0,18968,1682425622
newOrder,24999,1,18968,1682425622
cancel,11501,,,1682426190
cancel,17864,,,1682426190
cancel,19066,,,1682426190
cancel,24999,,,1682426190
newOrder,17864,0,14890,1682426222
newOrder,19066,1,14890,1682426222
newOrder,21887,1,9472,1682426222
cancel,17864,,,1682426789
cancel,19066,,,1682426789
cancel,21887,,,1682426789
newOrder,17864,0,14896,1682426821
newOrder,19066,1,14896,1682426821
newOrder,10719,0,32490,1682426821
newOrder,24999,1,32490,1682426821
cancel,10719,,,1682427390
cancel,17864,,,1682427390
cancel,19066,,,1682427390
cancel,24999,,,1682427390
newOrder,17864,0,14902,1682427419
newOrder,19066,1,14902,1682427419
newOrder,21887,1,14677,1682427419
cancel,17864,,,1682427990
cancel,19066,,,1682427990
cancel,21887,,,1682427990
newOrder,17864,0,14908,1682428020
newOrder,19066,1,14908,1682428020
newOrder,21887,1,9558,1682428020
cancel,17864,,,1682428590
cancel,19066,,,1682428590
cancel,21887,,,1682428590
newOrder,17864,0,14914,1682428621
newOrder,19066,1,14914,1682428621
newOrder,10719,0,65186,1682428621
newOrder,24999,1,65186,1682428621
cancel,10719,,,1682429190
cancel,17864,,,1682429190
cancel,19066,,,1682429190
cancel,24999,,,1682429190
newOrder,17864,0,14920,1682429219
newOrder,19066,1,14920,1682429219
newOrder,10719,0,69738,1682429219
newOrder,24999,1,69738,1682429219
cancel,10719,,,1682429790
cancel,17864,,,1682429790
cancel,19066,,,1682429790
cancel,24999,,,1682429790
newOrder,17864,0,14926,1682429821
newOrder,19066,1,14926,1682429821
newOrder,11501,0,18070,1682429821
newOrder,24999,1,18070,1682429821
cancel,11501,,,1682430391
cancel,17864,,,1682430391
cancel,19066,,,1682430391
cancel,24999,,,1682430391
newOrder,17864,0,14932,1682430423
newOrder,19066,1,14932,1682430423
newOrder,10719,0,71304,1682430423
newOrder,24999,1,71304,1682430423
cancel,10719,,,1682430990
cancel,17864,,,1682430990
cancel,19066,,,1682430990
cancel,24999,,,1682430990
newOrder,17864,0,14938,1682431021
newOrder,19066,1,14938,1682431021
newOrder,10719,0,67453,1682431021
newOrder,24999,1,67453,1682431021
cancel,10719,,,1682431590
cancel,17864,,,1682431590
cancel,19066,,,1682431590
cancel,24999,,,1682431590
newOrder,17864,0,14944,1682431620
newOrder,19066,1,14944,1682431620
newOrder,21887,1,14609,1682431620
cancel,17864,,,1682432190
cancel,19066,,,1682432190
cancel,21887,,,1682432190
newOrder,17864,0,14950,1682432219
newOrder,19066,1,14950,1682432219
newOrder,21887,1,11163,1682432219
cancel,17864,,,1682432790
cancel,19066,,,1682432790
cancel,21887,,,1682432790
newOrder,17864,0,14956,1682432821
newOrder,19066,1,14956,1682432821
newOrder,10719,0,80572,1682432821
newOrder,24999,1,80572,1682432821
cancel,10719,,,1682433390
cancel,17864,,,1682433390
cancel,19066,,,1682433390
cancel,24999,,,1682433390
newOrder,17864,0,14963,1682433425
newOrder,19066,1,14963,1682433425
newOrder,11506,0,15206,1682433425
newOrder,21899,1,15206,1682433425
cancel,11506,,,1682433990
cancel,17864,,,1682433990
cancel,19066,,,1682433990
cancel,21899,,,1682433990
newOrder,17864,0,14969,1682434021
newOrder,19066,1,14969,1682434021
newOrder,10719,0,48998,1682434021
newOrder,24999,1,48998,1682434021
cancel,10719,,,1682434590
cancel,17864,,,1682434590
cancel,19066,,,1682434590
cancel,24999,,,1682434590
newOrder,17864,0,14975,1682434621
newOrder,19066,1,14975,1682434621
newOrder,10719,0,43359,1682434621
newOrder,24999,1,43359,1682434621
cancel,10719,,,1682435191
cancel,17864,,,1682435191
cancel,19066,,,1682435191
cancel,24999,,,1682435191
newOrder,17864,0,14981,1682435221
newOrder,19066,1,14981,1682435221
newOrder,10719,0,44923,1682435221
newOrder,24999,1,44923,1682435221
cancel,10719,,,1682435790
cancel,17864,,,1682435790
cancel,19066,,,1682435790
cancel,24999,,,1682435790
newOrder,17864,0,14987,1682435820
newOrder,19066,1,14987,1682435820
newOrder,10719,0,54397,1682435820
newOrder,24999,1,54397,1682435820
cancel,10719,,,1682436390
cancel,17864,,,1682436390
cancel,19066,,,1682436390
cancel,24999,,,1682436390
newOrder,17864,0,14993,1682436420
newOrder,19066,1,14993,1682436420
newOrder,10719,0,62842,1682436420
newOrder,24999,1,62842,1682436420
cancel,10719,,,1682436990
cancel,17864,,,1682436990
cancel,19066,,,1682436990
cancel,24999,,,1682436990
newOrder,17864,0,14999,1682437021
newOrder,19066,1,14999,1682437021
newOrder,10719,0,49007,1682437021
newOrder,24999,1,49007,1682437021
cancel,10719,,,1682437590
cancel,17864,,,1682437590
cancel,19066,,,1682437590
cancel,24999,,,1682437590
newOrder,17864,0,15006,1682437622
newOrder,19066,1,15006,1682437622
newOrder,10719,0,58665,1682437622
newOrder,24999,1,58665,1682437622
cancel,10719,,,1682438190
cancel,17864,,,1682438190
cancel,19066,,,1682438190
cancel,24999,,,1682438190
newOrder,17864,0,15012,1682438220
newOrder,19066,1,15012,1682438220
newOrder,10753,0,30024,1682438220
newOrder,24527,1,30024,1682438220
cancel,10753,,,1682438790
cancel,17864,,,1682438790
cancel,19066,,,1682438790
cancel,24527,,,1682438790
newOrder,17911,0,15016,1682438821
newOrder,19066,1,15016,1682438821
newOrder,11101,0,25130,1682438821
newOrder,22959,1,25130,1682438821
cancel,11101,,,1682439390
cancel,17911,,,1682439390
cancel,19066,,,1682439390
cancel,22959,,,1682439390
newOrder,17911,0,15022,1682439420
newOrder,19066,1,15022,1682439420
newOrder,10747,0,54143,1682439420
newOrder,24999,1,54143,1682439420
cancel,10747,,,1682439991
cancel,17911,,,1682439991
cancel,19066,,,1682439991
cancel,24999,,,1682439991
newOrder,17911,0,15028,1682440022
newOrder,19066,1,15028,1682440022
newOrder,10747,0,69224,1682440022
newOrder,24999,1,69224,1682440022
cancel,10747,,,1682440590
cancel,17911,,,1682440590
cancel,19066,,,1682440590
cancel,24999,,,1682440590
newOrder,17911,0,15034,1682440621
newOrder,19066,1,15034,1682440621
newOrder,10747,0,33808,1682440621
newOrder,24999,1,33808,1682440621
cancel,10747,,,1682441190
cancel,17911,,,1682441190
cancel,19066,,,1682441190
cancel,24999,,,1682441190
newOrder,17911,0,15041,1682441225
newOrder,19066,1,15041,1682441225
newOrder,10747,0,69806,1682441225
newOrder,24999,1,69806,1682441225
cancel,10747,,,1682441790
cancel,17911,,,1682441790
cancel,19066,,,1682441790
cancel,24999,,,1682441790
newOrder,17911,0,15047,1682441821
newOrder,19066,1,15047,1682441821
newOrder,10747,0,43136,1682441821
newOrder,24999,1,43136,1682441821
cancel,10747,,,1682442390
cancel,17911,,,1682442390
cancel,19066,,,1682442390
cancel,24999,,,1682442390
newOrder,17911,0,15053,1682442420
newOrder,19066,1,15053,1682442420
newOrder,10747,0,44350,1682442420
newOrder,24999,1,44350,1682442420
cancel,10747,,,1682442991
cancel,17911,,,1682442991
cancel,19066,,,1682442991
cancel,24999,,,1682442991
newOrder,17911,0,15059,1682443020
newOrder,19066,1,15059,1682443020
newOrder,10747,0,65420,1682443020
newOrder,24999,1,65420,1682443020
cancel,10747,,,1682443591
cancel,17911,,,1682443591
cancel,19066,,,1682443591
cancel,24999,,,1682443591
newOrder,17911,0,15066,1682443620
newOrder,19066,1,15066,1682443620
newOrder,11101,0,24529,1682443620
newOrder,24957,1,24529,1682443620
cancel,11101,,,1682444190
cancel,17911,,,1682444190
cancel,19066,,,1682444190
cancel,24957,,,1682444190
newOrder,17911,0,15072,1682444220
newOrder,19066,1,15072,1682444220
newOrder,10747,0,68478,1682444220
newOrder,24999,1,68478,1682444220
cancel,10747,,,1682444791
cancel,17911,,,1682444791
cancel,19066,,,1682444791
cancel,24999,,,1682444791
newOrder,17911,0,15078,1682444822
newOrder,19066,1,15078,1682444822
newOrder,10747,0,75684,1682444822
newOrder,24999,1,75684,1682444822
cancel,10747,,,1682445389
cancel,17911,,,1682445389
cancel,19066,,,1682445389
cancel,24999,,,1682445389
newOrder,17911,0,15085,1682445420
newOrder,19066,1,15085,1682445420
newOrder,10747,0,67339,1682445420
newOrder,24999,1,67339,1682445420
cancel,10747,,,1682445989
cancel,17911,,,1682445989
cancel,19066,,,1682445989
cancel,24999,,,1682445989
newOrder,17936,0,15087,1682446023
newOrder,19066,1,15087,1682446023
newOrder,10762,0,53162,1682446023
newOrder,24999,1,53162,1682446023
cancel,10762,,,1682446590
cancel,17936,,,1682446590
cancel,19066,,,1682446590
cancel,24999,,,1682446590
newOrder,17947,0,15091,1682446620
newOrder,19066,1,15091,1682446620
newOrder,10768,0,64508,1682446620
newOrder,24999,1,64508,1682446620
cancel,10768,,,1682447190
cancel,17947,,,1682447190
cancel,19066,,,1682447190
cancel,24999,,,1682447190
newOrder,17936,0,15100,1682447220
newOrder,19066,1,15100,1682447220
newOrder,10762,0,36149,1682447220
newOrder,24957,1,36149,1682447220
cancel,10762,,,1682447790
cancel,17936,,,1682447790
cancel,19066,,,1682447790
cancel,24957,,,1682447790
newOrder,17936,0,15106,1682447827
newOrder,19066,1,15106,1682447827
newOrder,10762,0,57550,1682447827
newOrder,24999,1,57550,1682447827
cancel,10762,,,1682448390
cancel,17936,,,1682448390
cancel,19066,,,1682448390
cancel,24999,,,1682448390
newOrder,18934,0,13187,1682448419
newOrder,19188,1,13187,1682448419
newOrder,11360,0,33922,1682448419
newOrder,24957,1,33922,1682448419
cancel,11360,,,1682448990
cancel,18934,,,1682448990
cancel,19188,,,1682448990
cancel,24957,,,1682448990
newOrder,18840,0,13773,1682449021
newOrder,19066,1,13773,1682449021
newOrder,11304,0,52413,1682449021
newOrder,24999,1,52413,1682449021
cancel,11304,,,1682449590
cancel,18840,,,1682449590
cancel,19066,,,1682449590
cancel,24999,,,1682449590
newOrder,18840,0,13777,1682449621
newOrder,19066,1,13777,1682449621
newOrder,11304,0,33078,1682449621
newOrder,24957,1,33078,1682449621
cancel,11304,,,1682450190
cancel,18840,,,1682450190
cancel,19066,,,1682450190
cancel,24957,,,1682450190
newOrder,18840,0,13781,1682450219
newOrder,19066,1,13781,1682450219
newOrder,11304,0,30030,1682450219
newOrder,24957,1,30030,1682450219
cancel,11304,,,1682450790
cancel,18840,,,1682450790
cancel,19066,,,1682450790
cancel,24957,,,1682450790
newOrder,18844,0,13776,1682450821
newOrder,19066,1,13776,1682450821
newOrder,11306,0,62758,1682450821
newOrder,24999,1,62758,1682450821
cancel,11306,,,1682451390
cancel,18844,,,1682451390
cancel,19066,,,1682451390
cancel,24999,,,1682451390
newOrder,18844,0,13781,1682451421
newOrder,19066,1,13781,1682451421
newOrder,11306,0,64248,1682451421
newOrder,24999,1,64248,1682451421
cancel,11306,,,1682451990
cancel,18844,,,1682451990
cancel,19066,,,1682451990
cancel,24999,,,1682451990
newOrder,18844,0,13785,1682452035
newOrder,19066,1,13785,1682452035
newOrder,11306,0,25070,1682452035
newOrder,24957,1,25070,1682452035
cancel,11306,,,1682452590
cancel,18844,,,1682452590
cancel,19066,,,1682452590
cancel,24957,,,1682452590
newOrder,18844,0,13790,1682452619
newOrder,19066,1,13790,1682452619
newOrder,11306,0,66985,1682452619
newOrder,24999,1,66985,1682452619
cancel,11306,,,1682453191
cancel,18844,,,1682453191
cancel,19066,,,1682453191
cancel,24999,,,1682453191
newOrder,18763,0,13997,1682453223
newOrder,19066,1,13997,1682453223
newOrder,11501,0,18889,1682453223
newOrder,24957,1,18889,1682453223
cancel,11501,,,1682453790
cancel,18763,,,1682453790
cancel,19066,,,1682453790
cancel,24957,,,1682453790
newOrder,18763,0,14002,1682453820
newOrder,19066,1,14002,1682453820
newOrder,11258,0,74116,1682453820
newOrder,24999,1,74116,1682453820
cancel,11258,,,1682454388
cancel,18763,,,1682454388
cancel,19066,,,1682454388
cancel,24999,,,1682454388
newOrder,18848,0,13793,1682454423
newOrder,19066,1,13793,1682454423
newOrder,11309,0,45052,1682454423
newOrder,24999,1,45052,1682454423
cancel,11309,,,1682454990
cancel,18848,,,1682454990
cancel,19066,,,1682454990
cancel,24999,,,1682454990
newOrder,18848,0,13798,1682455021
newOrder,19066,1,13798,1682455021
newOrder,11309,0,34760,1682455021
newOrder,24957,1,34760,1682455021
cancel,11309,,,1682455590
cancel,18848,,,1682455590
cancel,19066,,,1682455590
cancel,24957,,,1682455590
newOrder,18848,0,13802,1682455622
newOrder,19066,1,13802,1682455622
newOrder,18001,0,13792,1682455622
newOrder,21887,1,13792,1682455622
cancel,18001,,,1682456190
cancel,18848,,,1682456190
cancel,19066,,,1682456190
cancel,21887,,,1682456190
newOrder,18848,0,13807,1682456221
newOrder,19066,1,13807,1682456221
newOrder,11309,0,67020,1682456221
newOrder,24999,1,67020,1682456221
cancel,11309,,,1682456790
cancel,18848,,,1682456790
cancel,19066,,,1682456790
cancel,24999,,,1682456790
newOrder,18848,0,13811,1682456820
newOrder,19066,1,13811,1682456820
newOrder,18001,0,9090,1682456820
newOrder,21887,1,9090,1682456820
cancel,18001,,,1682457390
cancel,18848,,,1682457390
cancel,19066,,,1682457390
cancel,21887,,,1682457390
newOrder,18848,0,13816,1682457421
newOrder,19066,1,13816,1682457421
newOrder,11309,0,47789,1682457421
newOrder,24999,1,47789,1682457421
cancel,11309,,,1682457990
cancel,18848,,,1682457990
cancel,19066,,,1682457990
cancel,24999,,,1682457990
newOrder,18848,0,13820,1682458020
newOrder,19066,1,13820,1682458020
newOrder,18001,0,10503,1682458020
newOrder,21887,1,10503,1682458020
cancel,18001,,,1682458590
cancel,18848,,,1682458590
cancel,19066,,,1682458590
cancel,21887,,,1682458590
newOrder,18848,0,13824,1682458620
newOrder,19066,1,13824,1682458620
newOrder,11309,0,29916,1682458620
newOrder,24957,1,29916,1682458620
cancel,11309,,,1682459190
cancel,18848,,,1682459190
cancel,19066,,,1682459190
cancel,24957,,,1682459190
newOrder,18848,0,13829,1682459220
newOrder,19066,1,13829,1682459220
newOrder,11309,0,43581,1682459220
newOrder,24999,1,43581,1682459220
cancel,11309,,,1682459790
cancel,18848,,,1682459790
cancel,19066,,,1682459790
cancel,24999,,,1682459790
newOrder,18848,0,13833,1682459820
newOrder,19066,1,13833,1682459820
newOrder,11309,0,65978,1682459820
newOrder,24999,1,65978,1682459820
cancel,11309,,,1682460390
cancel,18848,,,1682460390
cancel,19066,,,1682460390
cancel,24999,,,1682460390
newOrder,18848,0,13838,1682460422
newOrder,19066,1,13838,1682460422
newOrder,11309,0,69707,1682460422
newOrder,24999,1,69707,1682460422
cancel,11309,,,1682460990
cancel,18848,,,1682460990
cancel,19066,,,1682460990
cancel,24999,,,1682460990
newOrder,18848,0,13842,1682461022
newOrder,19066,1,13842,1682461022
newOrder,11501,0,17061,1682461022
newOrder,24957,1,17061,1682461022
cancel,11501,,,1682461590
cancel,18848,,,1682461590
cancel,19066,,,1682461590
cancel,24957,,,1682461590
newOrder,18848,0,13847,1682461620
newOrder,19066,1,13847,1682461620
newOrder,11309,0,55914,1682461620
newOrder,24999,1,55914,1682461620
cancel,11309,,,1682462190
cancel,18848,,,1682462190
cancel,19066,,,1682462190
cancel,24999,,,1682462190
newOrder,18848,0,13851,1682462219
newOrder,19066,1,13851,1682462219
newOrder,11506,0,15203,1682462219
newOrder,24499,1,15203,1682462219
cancel,11506,,,1682462791
cancel,18848,,,1682462791
cancel,19066,,,1682462791
cancel,24499,,,1682462791
newOrder,18848,0,13856,1682462822
newOrder,19066,1,13856,1682462822
newOrder,18001,0,12974,1682462822
newOrder,21887,1,12974,1682462822
cancel,18001,,,1682463390
cancel,18848,,,1682463390
cancel,19066,,,1682463390
cancel,21887,,,1682463390
newOrder,18848,0,13860,1682463421
newOrder,19066,1,13860,1682463421
newOrder,11309,0,35740,1682463421
newOrder,24957,1,35740,1682463421
cancel,11309,,,1682463990
cancel,18848,,,1682463990
cancel,19066,,,1682463990
cancel,24957,,,1682463990
newOrder,18848,0,13865,1682464021
newOrder,19066,1,13865,1682464021
newOrder,11309,0,24889,1682464021
newOrder,24957,1,24889,1682464021
cancel,11309,,,1682464590
cancel,18848,,,1682464590
cancel,19066,,,1682464590
cancel,24957,,,1682464590
newOrder,18848,0,13869,1682464621
newOrder,19066,1,13869,1682464621
newOrder,11309,0,56722,1682464621
newOrder,24999,1,56722,1682464621
cancel,11309,,,1682465190
cancel,18848,,,1682465190
cancel,19066,,,1682465190
cancel,24999,,,1682465190
newOrder,18848,0,13874,1682465221
newOrder,19066,1,13874,1682465221
newOrder,11309,0,27602,1682465221
newOrder,24957,1,27602,1682465221
cancel,11309,,,1682465790
cancel,18848,,,1682465790
cancel,19066,,,1682465790
cancel,24957,,,1682465790
newOrder,18848,0,13896,1682468220
newOrder,19066,1,13896,1682468220
newOrder,11309,0,71193,1682468220
newOrder,24999,1,71193,1682468220
cancel,11309,,,1682468790
cancel,18848,,,1682468790
cancel,19066,,,1682468790
cancel,24999,,,1682468790
newOrder,18848,0,13901,1682468823
newOrder,19066,1,13901,1682468823
newOrder,11309,0,46524,1682468823
newOrder,24999,1,46524,1682468823
cancel,11309,,,1682469390
cancel,18848,,,1682469390
cancel,19066,,,1682469390
cancel,24999,,,1682469390
newOrder,18848,0,13905,1682469421
newOrder,19066,1,13905,1682469421
newOrder,11309,0,27650,1682469421
newOrder,24957,1,27650,1682469421
cancel,11309,,,1682469990
cancel,18848,,,1682469990
cancel,19066,,,1682469990
cancel,24957,,,1682469990
newOrder,18848,0,13910,1682470019
newOrder,19066,1,13910,1682470019
newOrder,11309,0,34956,1682470019
newOrder,24957,1,34956,1682470019
cancel,11309,,,1682470590
cancel,18848,,,1682470590
cancel,19066,,,1682470590
cancel,24957,,,1682470590
newOrder,18848,0,13914,1682470622
newOrder,19066,1,13914,1682470622
newOrder,11309,0,35843,1682470622
newOrder,24957,1,35843,1682470622
cancel,11309,,,1682471190
cancel,18848,,,1682471190
cancel,19066,,,1682471190
cancel,24957,,,1682471190
newOrder,18806,0,14030,1682471221
newOrder,19066,1,14030,1682471221
newOrder,11284,0,24117,1682471221
newOrder,24957,1,24117,1682471221
cancel,11284,,,1682471790
cancel,18806,,,1682471790
cancel,19066,,,1682471790
cancel,24957,,,1682471790
newOrder,18806,0,14034,1682471823
newOrder,19066,1,14034,1682471823
newOrder,11284,0,70298,1682471823
newOrder,24999,1,70298,1682471823
cancel,11284,,,1682472390
cancel,18806,,,1682472390
cancel,19066,,,1682472390
cancel,24999,,,1682472390
newOrder,18806,0,14039,1682472420
newOrder,19066,1,14039,1682472420
newOrder,11284,0,52558,1682472420
newOrder,24999,1,52558,1682472420
cancel,11284,,,1682472990
cancel,18806,,,1682472990
cancel,19066,,,1682472990
cancel,24999,,,1682472990
newOrder,18806,0,14044,1682473022
newOrder,19066,1,14044,1682473022
newOrder,11284,0,45777,1682473022
newOrder,24999,1,45777,1682473022
cancel,11284,,,1682473590
cancel,18806,,,1682473590
cancel,19066,,,1682473590
cancel,24999,,,1682473590
newOrder,18806,0,14048,1682473621
newOrder,19066,1,14048,1682473621
newOrder,11286,0,31497,1682473621
newOrder,24957,1,31497,1682473621
cancel,11286,,,1682474190
cancel,18806,,,1682474190
cancel,19066,,,1682474190
cancel,24957,,,1682474190
newOrder,18806,0,14053,1682474220
newOrder,19066,1,14053,1682474220
newOrder,11602,0,18827,1682474220
newOrder,24957,1,18827,1682474220
cancel,11602,,,1682474790
cancel,18806,,,1682474790
cancel,19066,,,1682474790
cancel,24957,,,1682474790
newOrder,18806,0,14058,1682474821
newOrder,19066,1,14058,1682474821
newOrder,11284,0,59606,1682474821
newOrder,24999,1,59606,1682474821
cancel,11284,,,1682475390
cancel,18806,,,1682475390
cancel,19066,,,1682475390
cancel,24999,,,1682475390
newOrder,18806,0,14063,1682475420
newOrder,19066,1,14063,1682475420
newOrder,18001,0,11461,1682475420
newOrder,21887,1,11461,1682475420
cancel,18001,,,1682475990
cancel,18806,,,1682475990
cancel,19066,,,1682475990
cancel,21887,,,1682475990
newOrder,18806,0,14067,1682476020
newOrder,19066,1,14067,1682476020
newOrder,11284,0,46588,1682476020
newOrder,24999,1,46588,1682476020
cancel,11284,,,1682476590
cancel,18806,,,1682476590
cancel,19066,,,1682476590
cancel,24999,,,1682476590
newOrder,18806,0,14072,1682476620
newOrder,19066,1,14072,1682476620
newOrder,11604,0,16796,1682476620
newOrder,24957,1,16796,1682476620
cancel,11604,,,1682477190
cancel,18806,,,1682477190
cancel,19066,,,1682477190
cancel,24957,,,1682477190
newOrder,18806,0,14077,1682477220
newOrder,19066,1,14077,1682477220
newOrder,11604,0,23186,1682477220
newOrder,24957,1,23186,1682477220
cancel,11604,,,1682477790
cancel,18806,,,1682477790
cancel,19066,,,1682477790
cancel,24957,,,1682477790
newOrder,18806,0,14082,1682477820
newOrder,19066,1,14082,1682477820
newOrder,11284,0,43281,1682477820
newOrder,24999,1,43281,1682477820
cancel,11284,,,1682478390
cancel,18806,,,1682478390
cancel,19066,,,1682478390
cancel,24999,,,1682478390
newOrder,18806,0,14087,1682478420
newOrder,19066,1,14087,1682478420
newOrder,11604,0,21987,1682478420
newOrder,24957,1,21987,1682478420
cancel,11604,,,1682478991
cancel,18806,,,1682478991
cancel,19066,,,1682478991
cancel,24957,,,1682478991
newOrder,18806,0,14091,1682479024
newOrder,19066,1,14091,1682479024
newOrder,11284,0,70431,1682479024
newOrder,24999,1,70431,1682479024
cancel,11284,,,1682479590
cancel,18806,,,1682479590
cancel,19066,,,1682479590
cancel,24999,,,1682479590
newOrder,18805,0,14099,1682479621
newOrder,19066,1,14099,1682479621
newOrder,18001,0,10500,1682479621
newOrder,21887,1,10500,1682479621
cancel,18001,,,1682480190
cancel,18805,,,1682480190
cancel,19066,,,1682480190
cancel,21887,,,1682480190
newOrder,18805,0,14103,1682480220
newOrder,19066,1,14103,1682480220
newOrder,11604,0,23434,1682480220
newOrder,24957,1,23434,1682480220
cancel,11604,,,1682480789
cancel,18805,,,1682480789
cancel,19066,,,1682480789
cancel,24957,,,1682480789
newOrder,18805,0,14108,1682480820
newOrder,19066,1,14108,1682480820
newOrder,18001,0,8852,1682480820
newOrder,21887,1,8852,1682480820
cancel,18001,,,1682481390
cancel,18805,,,1682481390
cancel,19066,,,1682481390
cancel,21887,,,1682481390
newOrder,18805,0,14113,1682481421
newOrder,19066,1,14113,1682481421
newOrder,11283,0,48458,1682481421
newOrder,24999,1,48458,1682481421
cancel,11283,,,1682481990
cancel,18805,,,1682481990
cancel,19066,,,1682481990
cancel,24999,,,1682481990
newOrder,18805,0,14118,1682482021
newOrder,19066,1,14118,1682482021
newOrder,11283,0,70787,1682482021
newOrder,24999,1,70787,1682482021
cancel,11283,,,1682482591
cancel,18805,,,1682482591
cancel,19066,,,1682482591
cancel,24999,,,1682482591
newOrder,18805,0,14123,1682482620
newOrder,19066,1,14123,1682482620
newOrder,11283,0,42778,1682482620
newOrder,24999,1,42778,1682482620
cancel,11283,,,1682483190
cancel,18805,,,1682483190
cancel,19066,,,1682483190
cancel,24999,,,1682483190
newOrder,18805,0,14128,1682483221
newOrder,19066,1,14128,1682483221
newOrder,11506,0,36660,1682483221
newOrder,24957,1,36660,1682483221
cancel,11506,,,1682483790
cancel,18805,,,1682483790
cancel,19066,,,1682483790
cancel,24957,,,1682483790
newOrder,18805,0,14132,1682483821
newOrder,19066,1,14132,1682483821
newOrder,11283,0,59671,1682483821
newOrder,24999,1,59671,1682483821
cancel,11283,,,1682484390
cancel,18805,,,1682484390
cancel,19066,,,1682484390
cancel,24999,,,1682484390
newOrder,18805,0,14137,1682484421
newOrder,19066,1,14137,1682484421
newOrder,11283,0,61659,1682484421
newOrder,24999,1,61659,1682484421
cancel,11283,,,1682484990
cancel,18805,,,1682484990
cancel,19066,,,1682484990
cancel,24999,,,1682484990
newOrder,18805,0,14142,1682485022
newOrder,19066,1,14142,1682485022
newOrder,11604,0,27097,1682485022
newOrder,24957,1,27097,1682485022
cancel,11604,,,1682485590
cancel,18805,,,1682485590
cancel,19066,,,1682485590
cancel,24957,,,1682485590
newOrder,18805,0,14147,1682485621
newOrder,19066,1,14147,1682485621
newOrder,11604,0,20201,1682485621
newOrder,24957,1,20201,1682485621
cancel,11604,,,1682486190
cancel,18805,,,1682486190
cancel,19066,,,1682486190
cancel,24957,,,1682486190
newOrder,18805,0,14152,1682486222
newOrder,19066,1,14152,1682486222
newOrder,11283,0,65986,1682486222
newOrder,24999,1,65986,1682486222
cancel,11283,,,1682486790
cancel,18805,,,1682486790
cancel,19066,,,1682486790
cancel,24999,,,1682486790
newOrder,18805,0,14157,1682486821
newOrder,19066,1,14157,1682486821
newOrder,11283,0,49399,1682486821
newOrder,24999,1,49399,1682486821
cancel,11283,,,1682487390
cancel,18805,,,1682487390
cancel,19066,,,1682487390
cancel,24999,,,1682487390
newOrder,18805,0,14162,1682487424
newOrder,19066,1,14162,1682487424
newOrder,18001,0,13948,1682487424
newOrder,21887,1,13948,1682487424
cancel,18001,,,1682487989
cancel,18805,,,1682487989
cancel,19066,,,1682487989
cancel,21887,,,1682487989
newOrder,18805,0,14167,1682488021
newOrder,19066,1,14167,1682488021
newOrder,18001,0,13015,1682488021
newOrder,21887,1,13015,1682488021
cancel,18001,,,1682488590
cancel,18805,,,1682488590
cancel,19066,,,1682488590
cancel,21887,,,1682488590
newOrder,18805,0,14171,1682488621
newOrder,19066,1,14171,1682488621
newOrder,18001,0,9025,1682488621
newOrder,21887,1,9025,1682488621
cancel,18001,,,1682489190
cancel,18805,,,1682489190
cancel,19066,,,1682489190
cancel,21887,,,1682489190
newOrder,18805,0,14176,1682489220
newOrder,19066,1,14176,1682489220
newOrder,11283,0,52357,1682489220
newOrder,24999,1,52357,1682489220
cancel,11283,,,1682489790
cancel,18805,,,1682489790
cancel,19066,,,1682489790
cancel,24999,,,1682489790
newOrder,18805,0,14181,1682489820
newOrder,19066,1,14181,1682489820
newOrder,11604,0,31097,1682489820
newOrder,24957,1,31097,1682489820
cancel,11604,,,1682490390
cancel,18805,,,1682490390
cancel,19066,,,1682490390
cancel,24957,,,1682490390
newOrder,18805,0,14186,1682490420
newOrder,19066,1,14186,1682490420
newOrder,11604,0,16814,1682490420
newOrder,24957,1,16814,1682490420
cancel,11604,,,1682490990
cancel,18805,,,1682490990
cancel,19066,,,1682490990
cancel,24957,,,1682490990
newOrder,18805,0,14191,1682491022
newOrder,19066,1,14191,1682491022
newOrder,11283,0,67144,1682491022
newOrder,24999,1,67144,1682491022
cancel,11283,,,1682491590
cancel,18805,,,1682491590
cancel,19066,,,1682491590
cancel,24999,,,1682491590
newOrder,18805,0,14196,1682491620
newOrder,19066,1,14196,1682491620
newOrder,11283,0,69032,1682491620
newOrder,24999,1,69032,1682491620
cancel,11283,,,1682492190
cancel,18805,,,1682492190
cancel,19066,,,1682492190
cancel,24999,,,1682492190
newOrder,18805,0,14201,1682492219
newOrder,19066,1,14201,1682492219
newOrder,11283,0,67281,1682492219
newOrder,24999,1,67281,1682492219
cancel,11283,,,1682492790
cancel,18805,,,1682492790
cancel,19066,,,1682492790
cancel,24999,,,1682492790
newOrder,18805,0,14206,1682492821
newOrder,19066,1,14206,1682492821
newOrder,11283,0,65429,1682492821
newOrder,24999,1,65429,1682492821
cancel,11283,,,1682493391
cancel,18805,,,1682493391
cancel,19066,,,1682493391
cancel,24999,,,1682493391
newOrder,18805,0,14211,1682493422
newOrder,19066,1,14211,1682493422
newOrder,11283,0,66967,1682493422
newOrder,24999,1,66967,1682493422
cancel,11283,,,1682493990
cancel,18805,,,1682493990
cancel,19066,,,1682493990
cancel,24999,,,1682493990
newOrder,18805,0,14216,1682494022
newOrder,19066,1,14216,1682494022
newOrder,11283,0,62227,1682494022
newOrder,24999,1,62227,1682494022
cancel,11283,,,1682494590
cancel,18805,,,1682494590
cancel,19066,,,1682494590
cancel,24999,,,1682494590
newOrder,18805,0,14221,1682494620
newOrder,19066,1,14221,1682494620
newOrder,11604,0,30940,1682494620
newOrder,24957,1,30940,1682494620
cancel,11604,,,1682495190
cancel,18805,,,1682495190
cancel,19066,,,1682495190
cancel,24957,,,1682495190
newOrder,18805,0,14226,1682495220
newOrder,19066,1,14226,1682495220
newOrder,11286,0,37591,1682495220
newOrder,24957,1,37591,1682495220
cancel,11286,,,1682495790
cancel,18805,,,1682495790
cancel,19066,,,1682495790
cancel,24957,,,1682495790
newOrder,18805,0,14231,1682495822
newOrder,19066,1,14231,1682495822
newOrder,11283,0,69620,1682495822
newOrder,24999,1,69620,1682495822
cancel,11283,,,1682496390
cancel,18805,,,1682496390
cancel,19066,,,1682496390
cancel,24999,,,1682496390
newOrder,18805,0,14236,1682496421
newOrder,19066,1,14236,1682496421
newOrder,11283,0,55581,1682496421
newOrder,24999,1,55581,1682496421
cancel,11283,,,1682496991
cancel,18805,,,1682496991
cancel,19066,,,1682496991
cancel,24999,,,1682496991
newOrder,18805,0,14241,1682497022
newOrder,19066,1,14241,1682497022
newOrder,11283,0,62841,1682497022
newOrder,24999,1,62841,1682497022
cancel,11283,,,1682497591
cancel,18805,,,1682497591
cancel,19066,,,1682497591
cancel,24999,,,1682497591
newOrder,18805,0,14246,1682497623
newOrder,19066,1,14246,1682497623
newOrder,11283,0,54263,1682497623
newOrder,24999,1,54263,1682497623
cancel,11283,,,1682498190
cancel,18805,,,1682498190
cancel,19066,,,1682498190
cancel,24999,,,1682498190
newOrder,18805,0,14251,1682498221
newOrder,19066,1,14251,1682498221
newOrder,11283,0,71291,1682498221
newOrder,24999,1,71291,1682498221
cancel,11283,,,1682498792
cancel,18805,,,1682498792
cancel,19066,,,1682498792
cancel,24999,,,1682498792
newOrder,18805,0,14256,1682498822
newOrder,19066,1,14256,1682498822
newOrder,11283,0,73784,1682498822
newOrder,24999,1,73784,1682498822
cancel,11283,,,1682499391
cancel,18805,,,1682499391
cancel,19066,,,1682499391
cancel,24999,,,1682499391
newOrder,18801,0,14272,1682499422
newOrder,19066,1,14272,1682499422
newOrder,11281,0,66568,1682499422
newOrder,24999,1,66568,1682499422
cancel,11281,,,1682499990
cancel,18801,,,1682499990
cancel,19066,,,1682499990
cancel,24999,,,1682499990
newOrder,18801,0,14278,1682500021
newOrder,19066,1,14278,1682500021
newOrder,11604,0,24401,1682500021
newOrder,24957,1,24401,1682500021
cancel,11604,,,1682500589
cancel,18801,,,1682500589
cancel,19066,,,1682500589
cancel,24957,,,1682500589
newOrder,18801,0,14283,1682500621
newOrder,19066,1,14283,1682500621
newOrder,11604,0,22357,1682500621
newOrder,24957,1,22357,1682500621
cancel,11604,,,1682501190
cancel,18801,,,1682501190
cancel,19066,,,1682501190
cancel,24957,,,1682501190
newOrder,18801,0,14288,1682501221
newOrder,19066,1,14288,1682501221
newOrder,11281,0,48166,1682501221
newOrder,24999,1,48166,1682501221
cancel,11281,,,1682501790
cancel,18801,,,1682501790
cancel,19066,,,1682501790
cancel,24999,,,1682501790
newOrder,18801,0,14293,1682501821
newOrder,19066,1,14293,1682501821
newOrder,11281,0,73909,1682501821
newOrder,24999,1,73909,1682501821
cancel,11281,,,1682502390
cancel,18801,,,1682502390
cancel,19066,,,1682502390
cancel,24999,,,1682502390
newOrder,18801,0,14298,1682502421
newOrder,19066,1,14298,1682502421
newOrder,11286,0,39829,1682502421
newOrder,24999,1,39829,1682502421
cancel,11286,,,1682502991
cancel,18801,,,1682502991
cancel,19066,,,1682502991
cancel,24999,,,1682502991
newOrder,18801,0,14303,1682503027
newOrder,19066,1,14303,1682503027
newOrder,18001,0,12088,1682503027
newOrder,21887,1,12088,1682503027
cancel,18001,,,1682503590
cancel,18801,,,1682503590
cancel,19066,,,1682503590
cancel,21887,,,1682503590
newOrder,18801,0,14308,1682503620
newOrder,19066,1,14308,1682503620
newOrder,11604,0,20731,1682503620
newOrder,24957,1,20731,1682503620
cancel,11604,,,1682504190
cancel,18801,,,1682504190
cancel,19066,,,1682504190
cancel,24957,,,1682504190
newOrder,18801,0,14313,1682504221
newOrder,19066,1,14313,1682504221
newOrder,11604,0,24200,1682504221
newOrder,24957,1,24200,1682504221
cancel,11604,,,1682504790
cancel,18801,,,1682504790
cancel,19066,,,1682504790
cancel,24957,,,1682504790
newOrder,18801,0,14318,1682504821
newOrder,19066,1,14318,1682504821
newOrder,11506,0,36855,1682504821
newOrder,24957,1,36855,1682504821
cancel,11506,,,1682505390
cancel,18801,,,1682505390
cancel,19066,,,1682505390
cancel,24957,,,1682505390
newOrder,18801,0,14323,1682505419
newOrder,19066,1,14323,1682505419
newOrder,11506,0,35829,1682505419
newOrder,24957,1,35829,1682505419
cancel,11506,,,1682505990
cancel,18801,,,1682505990
cancel,19066,,,1682505990
cancel,24957,,,1682505990
newOrder,18801,0,14328,1682506020
newOrder,19066,1,14328,1682506020
newOrder,11604,0,15922,1682506020
newOrder,24957,1,15922,1682506020
cancel,11604,,,1682506590
cancel,18801,,,1682506590
cancel,19066,,,1682506590
cancel,24957,,,1682506590
newOrder,18801,0,14333,1682506621
newOrder,19066,1,14333,1682506621
newOrder,11281,0,50865,1682506621
newOrder,24999,1,50865,1682506621
cancel,11281,,,1682507190
cancel,18801,,,1682507190
cancel,19066,,,1682507190
cancel,24999,,,1682507190
newOrder,18801,0,14338,1682507220
newOrder,19066,1,14338,1682507220
newOrder,11604,0,15795,1682507220
newOrder,24957,1,15795,1682507220
cancel,11604,,,1682507790
cancel,18801,,,1682507790
cancel,19066,,,1682507790
cancel,24957,,,1682507790
newOrder,18801,0,14344,1682507820
newOrder,19066,1,14344,1682507820
newOrder,11601,0,34223,1682507820
newOrder,24957,1,34223,1682507820
cancel,11601,,,1682508390
cancel,18801,,,1682508390
cancel,19066,,,1682508390
cancel,24957,,,1682508390
newOrder,18765,0,14452,1682508420
newOrder,19066,1,14452,1682508420
newOrder,11259,0,58375,1682508420
newOrder,24999,1,58375,1682508420
cancel,11259,,,1682508990
cancel,18765,,,1682508990
cancel,19066,,,1682508990
cancel,24999,,,1682508990
newOrder,18765,0,14457,1682509020
newOrder,19066,1,14457,1682509020
newOrder,18001,0,10468,1682509020
newOrder,21887,1,10468,1682509020
cancel,18001,,,1682509590
cancel,18765,,,1682509590
cancel,19066,,,1682509590
cancel,21887,,,1682509590
newOrder,18765,0,14463,1682509619
newOrder,19066,1,14463,1682509619
newOrder,11604,0,17067,1682509619
newOrder,24957,1,17067,1682509619
cancel,11604,,,1682510190
cancel,18765,,,1682510190
cancel,19066,,,1682510190
cancel,24957,,,1682510190
newOrder,18765,0,14468,1682510220
newOrder,19066,1,14468,1682510220
newOrder,11259,0,59161,1682510220
newOrder,24999,1,59161,1682510220
cancel,11259,,,1682510790
cancel,18765,,,1682510790
cancel,19066,,,1682510790
cancel,24999,,,1682510790
newOrder,18751,0,14513,1682510820
newOrder,19066,1,14513,1682510820
newOrder,11251,0,57361,1682510820
newOrder,24999,1,57361,1682510820