instruction,price,side,qty,time
cancel,19896,,,1678795990
cancel,20084,,,1678795990
cancel,22584,,,1678795990
newOrder,19896,0,15205,1678795999
newOrder,20084,1,15205,1678795999
newOrder,13009,0,26088,1678795999
newOrder,24999,1,26088,1678795999
cancel,13009,,,1678796597
cancel,19896,,,1678796597
cancel,20084,,,1678796597
cancel,24999,,,1678796597
newOrder,19896,0,15207,1678796606
newOrder,20084,1,15207,1678796606
newOrder,11937,0,47806,1678796606
newOrder,24999,1,47806,1678796606
cancel,11937,,,1678797189
cancel,19896,,,1678797189
cancel,20084,,,1678797189
cancel,24999,,,1678797189
newOrder,19896,0,15210,1678797207
newOrder,20084,1,15210,1678797207
newOrder,11937,0,72219,1678797207
newOrder,24999,1,72219,1678797207
cancel,11937,,,1678797791
cancel,19896,,,1678797791
cancel,20084,,,1678797791
cancel,24999,,,1678797791
newOrder,19916,0,15147,1678797800
newOrder,20162,1,15147,1678797800
newOrder,13006,0,33988,1678797800
newOrder,24999,1,33988,1678797800
cancel,13006,,,1678798390
cancel,19916,,,1678798390
cancel,20162,,,1678798390
cancel,24999,,,1678798390
newOrder,19916,0,15150,1678798404
newOrder,20162,1,15150,1678798404
newOrder,13009,0,26397,1678798404
newOrder,24999,1,26397,1678798404
cancel,13009,,,1678798993
cancel,19916,,,1678798993
cancel,20162,,,1678798993
cancel,24999,,,1678798993
newOrder,19916,0,15149,1678799009
newOrder,20165,1,15149,1678799009
newOrder,13006,0,34494,1678799009
newOrder,24999,1,34494,1678799009
cancel,13006,,,1678799589
cancel,19916,,,1678799589
cancel,20165,,,1678799589
cancel,24999,,,1678799589
newOrder,19916,0,15152,1678799598
newOrder,20165,1,15152,1678799598
newOrder,13006,0,36620,1678799598
newOrder,24999,1,36620,1678799598
cancel,13006,,,1678800189
cancel,19916,,,1678800189
cancel,20165,,,1678800189
cancel,24999,,,1678800189
newOrder,19916,0,15154,1678800201
newOrder,20165,1,15154,1678800201
newOrder,13009,0,28589,1678800201
newOrder,24999,1,28589,1678800201
cancel,13009,,,1678800788
cancel,19916,,,1678800788
cancel,20165,,,1678800788
cancel,24999,,,1678800788
newOrder,19916,0,15157,1678800799
newOrder,20165,1,15157,1678800799
newOrder,11950,0,73762,1678800799
newOrder,24999,1,73762,1678800799
cancel,11950,,,1678801393
cancel,19916,,,1678801393
cancel,20165,,,1678801393
cancel,24999,,,1678801393
newOrder,19916,0,15160,1678801401
newOrder,20165,1,15160,1678801401
newOrder,13006,0,34981,1678801401
newOrder,24999,1,34981,1678801401
cancel,13006,,,1678801993
cancel,19916,,,1678801993
cancel,20165,,,1678801993
cancel,24999,,,1678801993
newOrder,19916,0,15162,1678802005
newOrder,20165,1,15162,1678802005
newOrder,11950,0,48647,1678802005
newOrder,24999,1,48647,1678802005
cancel,11950,,,1678802594
cancel,19916,,,1678802594
cancel,20165,,,1678802594
cancel,24999,,,1678802594
newOrder,19916,0,15165,1678802607
newOrder,20165,1,15165,1678802607
newOrder,11950,0,54548,1678802607
newOrder,24999,1,54548,1678802607
cancel,11950,,,1678803193
cancel,19916,,,1678803193
cancel,20165,,,1678803193
cancel,24999,,,1678803193
newOrder,19916,0,15167,1678803203
newOrder,20165,1,15167,1678803203
newOrder,11950,0,44413,1678803203
newOrder,24999,1,44413,1678803203
cancel,11950,,,1678803792
cancel,19916,,,1678803792
cancel,20165,,,1678803792
cancel,24999,,,1678803792
newOrder,19916,0,15170,1678803801
newOrder,20165,1,15170,1678803801
newOrder,11950,0,60723,1678803801
newOrder,24999,1,60723,1678803801
cancel,11950,,,1678804392
cancel,19916,,,1678804392
cancel,20165,,,1678804392
cancel,24999,,,1678804392
newOrder,19916,0,15172,1678804401
newOrder,20165,1,15172,1678804401
newOrder,11950,0,61352,1678804401
newOrder,24999,1,61352,1678804401
cancel,11950,,,1678804993
cancel,19916,,,1678804993
cancel,20165,,,1678804993
cancel,24999,,,1678804993
newOrder,19916,0,15175,1678805001
newOrder,20165,1,15175,1678805001
newOrder,13010,0,22178,1678805001
newOrder,24999,1,22178,1678805001
cancel,13010,,,1678805594
cancel,19916,,,1678805594
cancel,20165,,,1678805594
cancel,24999,,,1678805594
newOrder,19916,0,15177,1678805603
newOrder,20165,1,15177,1678805603
newOrder,13006,0,32967,1678805603
newOrder,24999,1,32967,1678805603
cancel,13006,,,1678806193
cancel,19916,,,1678806193
cancel,20165,,,1678806193
cancel,24999,,,1678806193
newOrder,19916,0,15182,1678806201
newOrder,20162,1,15182,1678806201
newOrder,22584,1,14106,1678806201
cancel,19916,,,1678806793
cancel,20162,,,1678806793
cancel,22584,,,1678806793
newOrder,19916,0,15184,1678806801
newOrder,20162,1,15184,1678806801
newOrder,22584,1,10901,1678806801
cancel,19916,,,1678807393
cancel,20162,,,1678807393
cancel,22584,,,1678807393
newOrder,19916,0,15187,1678807404
newOrder,20162,1,15187,1678807404
newOrder,13009,0,26962,1678807404
newOrder,24999,1,26962,1678807404
cancel,13009,,,1678807991
cancel,19916,,,1678807991
cancel,20162,,,1678807991
cancel,24999,,,1678807991
newOrder,19916,0,15189,1678808000
newOrder,20162,1,15189,1678808000
newOrder,11950,0,60464,1678808000
newOrder,24999,1,60464,1678808000
cancel,11950,,,1678808593
cancel,19916,,,1678808593
cancel,20162,,,1678808593
cancel,24999,,,1678808593
newOrder,19916,0,15192,1678808602
newOrder,20162,1,15192,1678808602
newOrder,13009,0,25899,1678808602
newOrder,24999,1,25899,1678808602
cancel,13009,,,1678809190
cancel,19916,,,1678809190
cancel,20162,,,1678809190
cancel,24999,,,1678809190
newOrder,19916,0,15194,1678809198
newOrder,20162,1,15194,1678809198
newOrder,11950,0,78369,1678809198
newOrder,24999,1,78369,1678809198
cancel,11950,,,1678809788
cancel,19916,,,1678809788
cancel,20162,,,1678809788
cancel,24999,,,1678809788
newOrder,19916,0,15197,1678809796
newOrder,20162,1,15197,1678809796
newOrder,22899,1,18619,1678809796
cancel,19916,,,1678810389
cancel,20162,,,1678810389
cancel,22899,,,1678810389
newOrder,19916,0,15199,1678810398
newOrder,20162,1,15199,1678810398
newOrder,11950,0,44307,1678810398
newOrder,24999,1,44307,1678810398
cancel,11950,,,1678810982
cancel,19916,,,1678810982
cancel,20162,,,1678810982
cancel,24999,,,1678810982
newOrder,19916,0,15202,1678810990
newOrder,20162,1,15202,1678810990
newOrder,11950,0,44052,1678810990
newOrder,24999,1,44052,1678810990
cancel,11950,,,1678811614
cancel,19916,,,1678811614
cancel,20162,,,1678811614
cancel,24999,,,1678811614
newOrder,19916,0,15205,1678811621
newOrder,20162,1,15205,1678811621
newOrder,11950,0,72762,1678811621
newOrder,24999,1,72762,1678811621
cancel,11950,,,1678812212
cancel,19916,,,1678812212
cancel,20162,,,1678812212
cancel,24999,,,1678812212
newOrder,19916,0,15207,1678812219
newOrder,20162,1,15207,1678812219
newOrder,11950,0,46476,1678812219
newOrder,24999,1,46476,1678812219
cancel,11950,,,1678812812
cancel,19916,,,1678812812
cancel,20162,,,1678812812
cancel,24999,,,1678812812
newOrder,19916,0,15210,1678812820
newOrder,20162,1,15210,1678812820
newOrder,11950,0,63012,1678812820
newOrder,24999,1,63012,1678812820
cancel,11950,,,1678813411
cancel,19916,,,1678813411
cancel,20162,,,1678813411
cancel,24999,,,1678813411
newOrder,19916,0,15212,1678813418
newOrder,20162,1,15212,1678813418
newOrder,11950,0,79269,1678813418
newOrder,24999,1,79269,1678813418
cancel,11950,,,1678814014
cancel,19916,,,1678814014
cancel,20162,,,1678814014
cancel,24999,,,1678814014
newOrder,19916,0,15215,1678814023
newOrder,20162,1,15215,1678814023
newOrder,11950,0,52382,1678814023
newOrder,24999,1,52382,1678814023
cancel,11950,,,1678814611
cancel,19916,,,1678814611
cancel,20162,,,1678814611
cancel,24999,,,1678814611
newOrder,19916,0,15217,1678814619
newOrder,20162,1,15217,1678814619
newOrder,11950,0,81907,1678814619
newOrder,24999,1,81907,1678814619
cancel,11950,,,1678815213
cancel,19916,,,1678815213
cancel,20162,,,1678815213
cancel,24999,,,1678815213
newOrder,19916,0,15220,1678815220
newOrder,20162,1,15220,1678815220
newOrder,11950,0,63521,1678815220
newOrder,24999,1,63521,1678815220
cancel,11950,,,1678815812
cancel,19916,,,1678815812
cancel,20162,,,1678815812
cancel,24999,,,1678815812
newOrder,19916,0,15237,1678815818
newOrder,20141,1,15237,1678815818
newOrder,22899,1,19417,1678815818
cancel,19916,,,1678816412
cancel,20141,,,1678816412
cancel,22899,,,1678816412
newOrder,19916,0,15240,1678816419
newOrder,20141,1,15240,1678816419
newOrder,11950,0,52586,1678816419
newOrder,24999,1,52586,1678816419
cancel,11950,,,1678817010
cancel,19916,,,1678817010
cancel,20141,,,1678817010
cancel,24999,,,1678817010
newOrder,19916,0,15243,1678817019
newOrder,20141,1,15243,1678817019
newOrder,11950,0,43148,1678817019
newOrder,24999,1,43148,1678817019
cancel,11950,,,1678817615
cancel,19916,,,1678817615
cancel,20141,,,1678817615
cancel,24999,,,1678817615
newOrder,19916,0,15245,1678817621
newOrder,20141,1,15245,1678817621
newOrder,22899,1,19043,1678817621
cancel,19916,,,1678818213
cancel,20141,,,1678818213
cancel,22899,,,1678818213
newOrder,19916,0,15248,1678818221
newOrder,20141,1,15248,1678818221
newOrder,11950,0,44565,1678818221
newOrder,24999,1,44565,1678818221
cancel,11950,,,1678818811
cancel,19916,,,1678818811
cancel,20141,,,1678818811
cancel,24999,,,1678818811
newOrder,19916,0,15285,1678818819
newOrder,20088,1,15285,1678818819
newOrder,11950,0,78827,1678818819
newOrder,24999,1,78827,1678818819
cancel,11950,,,1678819412
cancel,19916,,,1678819412
cancel,20088,,,1678819412
cancel,24999,,,1678819412
newOrder,19916,0,15288,1678819418
newOrder,20088,1,15288,1678819418
newOrder,11950,0,47769,1678819418
newOrder,24999,1,47769,1678819418
cancel,11950,,,1678820012
cancel,19916,,,1678820012
cancel,20088,,,1678820012
cancel,24999,,,1678820012
newOrder,19916,0,15290,1678820021
newOrder,20088,1,15290,1678820021
newOrder,11950,0,46334,1678820021
newOrder,24999,1,46334,1678820021
cancel,11950,,,1678820612
cancel,19916,,,1678820612
cancel,20088,,,1678820612
cancel,24999,,,1678820612
newOrder,19916,0,15293,1678820619
newOrder,20088,1,15293,1678820619
newOrder,11950,0,49895,1678820619
newOrder,24999,1,49895,1678820619
cancel,11950,,,1678821212
cancel,19916,,,1678821212
cancel,20088,,,1678821212
cancel,24999,,,1678821212
newOrder,19916,0,15288,1678821218
newOrder,20100,1,15288,1678821218
newOrder,13006,0,36126,1678821218
newOrder,24999,1,36126,1678821218
cancel,13006,,,1678821812
cancel,19916,,,1678821812
cancel,20100,,,1678821812
cancel,24999,,,1678821812
newOrder,19916,0,15290,1678821818
newOrder,20100,1,15290,1678821818
newOrder,13010,0,20544,1678821818
newOrder,22899,1,20544,1678821818
cancel,13010,,,1678822411
cancel,19916,,,1678822411
cancel,20100,,,1678822411
cancel,22899,,,1678822411
newOrder,19916,0,15293,1678822420
newOrder,20100,1,15293,1678822420
newOrder,11950,0,69591,1678822420
newOrder,24999,1,69591,1678822420
cancel,11950,,,1678823012
cancel,19916,,,1678823012
cancel,20100,,,1678823012
cancel,24999,,,1678823012
newOrder,19916,0,15296,1678823019
newOrder,20100,1,15296,1678823019
newOrder,13010,0,20322,1678823019
newOrder,22899,1,20322,1678823019
cancel,13010,,,1678823612
cancel,19916,,,1678823612
cancel,20100,,,1678823612
cancel,22899,,,1678823612
newOrder,19916,0,15298,1678823621
newOrder,20100,1,15298,1678823621
newOrder,11950,0,70672,1678823621
newOrder,24999,1,70672,1678823621
cancel,11950,,,1678824212
cancel,19916,,,1678824212
cancel,20100,,,1678824212
cancel,24999,,,1678824212
newOrder,19916,0,15301,1678824222
newOrder,20100,1,15301,1678824222
newOrder,11950,0,56943,1678824222
newOrder,24999,1,56943,1678824222
cancel,11950,,,1678824812
cancel,19916,,,1678824812
cancel,20100,,,1678824812
cancel,24999,,,1678824812
newOrder,19916,0,15309,1678824819
newOrder,20091,1,15309,1678824819
newOrder,13009,0,24444,1678824819
newOrder,24999,1,24444,1678824819
cancel,13009,,,1678825412
cancel,19916,,,1678825412
cancel,20091,,,1678825412
cancel,24999,,,1678825412
newOrder,19916,0,15311,1678825418
newOrder,20091,1,15311,1678825418
newOrder,13009,0,26551,1678825418
newOrder,24999,1,26551,1678825418
cancel,13009,,,1678826011
cancel,19916,,,1678826011
cancel,20091,,,1678826011
cancel,24999,,,1678826011
newOrder,19916,0,15314,1678826026
newOrder,20091,1,15314,1678826026
newOrder,13009,0,24882,1678826026
newOrder,24999,1,24882,1678826026
cancel,13009,,,1678826611
cancel,19916,,,1678826611
cancel,20091,,,1678826611
cancel,24999,,,1678826611
newOrder,19916,0,15317,1678826620
newOrder,20091,1,15317,1678826620
newOrder,11950,0,57701,1678826620
newOrder,24999,1,57701,1678826620
cancel,11950,,,1678827212
cancel,19916,,,1678827212
cancel,20091,,,1678827212
cancel,24999,,,1678827212
newOrder,19916,0,15319,1678827221
newOrder,20091,1,15319,1678827221
newOrder,11950,0,47939,1678827221
newOrder,24999,1,47939,1678827221
cancel,11950,,,1678827811
cancel,19916,,,1678827811
cancel,20091,,,1678827811
cancel,24999,,,1678827811
newOrder,19916,0,15322,1678827819
newOrder,20091,1,15322,1678827819
newOrder,11950,0,73980,1678827819
newOrder,24999,1,73980,1678827819
cancel,11950,,,1678828412
cancel,19916,,,1678828412
cancel,20091,,,1678828412
cancel,24999,,,1678828412
newOrder,19916,0,15324,1678828422
newOrder,20091,1,15324,1678828422
newOrder,11950,0,78033,1678828422
newOrder,24999,1,78033,1678828422
cancel,11950,,,1678829013
cancel,19916,,,1678829013
cancel,20091,,,1678829013
cancel,24999,,,1678829013
newOrder,19916,0,15327,1678829022
newOrder,20091,1,15327,1678829022
newOrder,13010,0,19412,1678829022
newOrder,22899,1,19412,1678829022
cancel,13010,,,1678829613
cancel,19916,,,1678829613
cancel,20091,,,1678829613
cancel,22899,,,1678829613
newOrder,19916,0,15329,1678829621
newOrder,20091,1,15329,1678829621
newOrder,11950,0,78841,1678829621
newOrder,24999,1,78841,1678829621
cancel,11950,,,1678830211
cancel,19916,,,1678830211
cancel,20091,,,1678830211
cancel,24999,,,1678830211
newOrder,19916,0,15332,1678830218
newOrder,20091,1,15332,1678830218
newOrder,11950,0,57897,1678830218
newOrder,24999,1,57897,1678830218
cancel,11950,,,1678830813
cancel,19916,,,1678830813
cancel,20091,,,1678830813
cancel,24999,,,1678830813
newOrder,19916,0,15335,1678830822
newOrder,20091,1,15335,1678830822
newOrder,13009,0,26020,1678830822
newOrder,24999,1,26020,1678830822
cancel,13009,,,1678831412
cancel,19916,,,1678831412
cancel,20091,,,1678831412
cancel,24999,,,1678831412
newOrder,19916,0,15337,1678831419
newOrder,20091,1,15337,1678831419
newOrder,13006,0,37270,1678831419
newOrder,24999,1,37270,1678831419
cancel,13006,,,1678832012
cancel,19916,,,1678832012
cancel,20091,,,1678832012
cancel,24999,,,1678832012
newOrder,19916,0,15340,1678832020
newOrder,20091,1,15340,1678832020
newOrder,13006,0,35101,1678832020
newOrder,24999,1,35101,1678832020
cancel,13006,,,1678832562
cancel,19916,,,1678832562
cancel,20091,,,1678832562
cancel,24999,,,1678832562
newOrder,19916,0,15342,1678832569
newOrder,20091,1,15342,1678832569
newOrder,13006,0,31349,1678832569
newOrder,24999,1,31349,1678832569
cancel,13006,,,1678833186
cancel,19916,,,1678833186
cancel,20091,,,1678833186
cancel,24999,,,1678833186
newOrder,19916,0,15345,1678833192
newOrder,20091,1,15345,1678833192
newOrder,22584,1,11235,1678833192
cancel,19916,,,1678833785
cancel,20091,,,1678833785
cancel,22584,,,1678833785
newOrder,19916,0,15348,1678833792
newOrder,20091,1,15348,1678833792
newOrder,11950,0,62239,1678833792
newOrder,24999,1,62239,1678833792
cancel,11950,,,1678834385
cancel,19916,,,1678834385
cancel,20091,,,1678834385
cancel,24999,,,1678834385
newOrder,19916,0,15350,1678834392
newOrder,20091,1,15350,1678834392
newOrder,11950,0,46755,1678834392
newOrder,24999,1,46755,1678834392
cancel,11950,,,1678834985
cancel,19916,,,1678834985
cancel,20091,,,1678834985
cancel,24999,,,1678834985
newOrder,19916,0,15353,1678834995
newOrder,20091,1,15353,1678834995
newOrder,13009,0,26745,1678834995
newOrder,24999,1,26745,1678834995
cancel,13009,,,1678835585
cancel,19916,,,1678835585
cancel,20091,,,1678835585
cancel,24999,,,1678835585
newOrder,19886,0,15379,1678835592
newOrder,20084,1,15379,1678835592
newOrder,22584,1,11568,1678835592
cancel,19886,,,1678836185
cancel,20084,,,1678836185
cancel,22584,,,1678836185
newOrder,19886,0,15382,1678836192
newOrder,20084,1,15382,1678836192
newOrder,11932,0,52060,1678836192
newOrder,24999,1,52060,1678836192
cancel,11932,,,1678836786
cancel,19886,,,1678836786
cancel,20084,,,1678836786
cancel,24999,,,1678836786
newOrder,19886,0,15384,1678836793
newOrder,20084,1,15384,1678836793
newOrder,13003,0,39417,1678836793
newOrder,24999,1,39417,1678836793
cancel,13003,,,1678837388
cancel,19886,,,1678837388
cancel,20084,,,1678837388
cancel,24999,,,1678837388
newOrder,19886,0,15387,1678837395
newOrder,20084,1,15387,1678837395
newOrder,11932,0,57616,1678837395
newOrder,24999,1,57616,1678837395
cancel,11932,,,1678837989
cancel,19886,,,1678837989
cancel,20084,,,1678837989
cancel,24999,,,1678837989
newOrder,19886,0,15390,1678837997
newOrder,20084,1,15390,1678837997
newOrder,11932,0,47211,1678837997
newOrder,24999,1,47211,1678837997
cancel,11932,,,1678838589
cancel,19886,,,1678838589
cancel,20084,,,1678838589
cancel,24999,,,1678838589
newOrder,19886,0,15392,1678838596
newOrder,20084,1,15392,1678838596
newOrder,11932,0,68589,1678838596
newOrder,24999,1,68589,1678838596
cancel,11932,,,1678839189
cancel,19886,,,1678839189
cancel,20084,,,1678839189
cancel,24999,,,1678839189
newOrder,19886,0,15395,1678839197
newOrder,20084,1,15395,1678839197
newOrder,11932,0,45192,1678839197
newOrder,24999,1,45192,1678839197
cancel,11932,,,1678839789
cancel,19886,,,1678839789
cancel,20084,,,1678839789
cancel,24999,,,1678839789
newOrder,19886,0,15397,1678839798
newOrder,20084,1,15397,1678839798
newOrder,11932,0,63026,1678839798
newOrder,24999,1,63026,1678839798
cancel,11932,,,1678840389
cancel,19886,,,1678840389
cancel,20084,,,1678840389
cancel,24999,,,1678840389
newOrder,19891,0,15397,1678840399
newOrder,20084,1,15397,1678840399
newOrder,22899,1,16719,1678840399
cancel,19891,,,1678840989
cancel,20084,,,1678840989
cancel,22899,,,1678840989
newOrder,19891,0,15400,1678840998
newOrder,20084,1,15400,1678840998
newOrder,22584,1,14317,1678840998
cancel,19891,,,1678841589
cancel,20084,,,1678841589
cancel,22584,,,1678841589
newOrder,19891,0,15402,1678841597
newOrder,20084,1,15402,1678841597
newOrder,22584,1,12791,1678841597
cancel,19891,,,1678842187
cancel,20084,,,1678842187
cancel,22584,,,1678842187
newOrder,19891,0,15405,1678842196
newOrder,20084,1,15405,1678842196
newOrder,11934,0,54063,1678842196
newOrder,24999,1,54063,1678842196
cancel,11934,,,1678842789
cancel,19891,,,1678842789
cancel,20084,,,1678842789
cancel,24999,,,1678842789
newOrder,19891,0,15408,1678842796
newOrder,20084,1,15408,1678842796
newOrder,11934,0,68610,1678842796
newOrder,24999,1,68610,1678842796
cancel,11934,,,1678843390
cancel,19891,,,1678843390
cancel,20084,,,1678843390
cancel,24999,,,1678843390
newOrder,19891,0,15410,1678843400
newOrder,20084,1,15410,1678843400
newOrder,11934,0,82678,1678843400
newOrder,24999,1,82678,1678843400
cancel,11934,,,1678843989
cancel,19891,,,1678843989
cancel,20084,,,1678843989
cancel,24999,,,1678843989
newOrder,19891,0,15413,1678843996
newOrder,20084,1,15413,1678843996
newOrder,11934,0,64963,1678843996
newOrder,24999,1,64963,1678843996
cancel,11934,,,1678844590
cancel,19891,,,1678844590
cancel,20084,,,1678844590
cancel,24999,,,1678844590
newOrder,19797,0,15469,1678844597
newOrder,20084,1,15469,1678844597
newOrder,11878,0,46018,1678844597
newOrder,24999,1,46018,1678844597
cancel,11878,,,1678845189
cancel,19797,,,1678845189
cancel,20084,,,1678845189
cancel,24999,,,1678845189
newOrder,19797,0,15472,1678845197
newOrder,20084,1,15472,1678845197
newOrder,11878,0,51338,1678845197
newOrder,24999,1,51338,1678845197
cancel,11878,,,1678845788
cancel,19797,,,1678845788
cancel,20084,,,1678845788
cancel,24999,,,1678845788
newOrder,19797,0,15474,1678845795
newOrder,20084,1,15474,1678845795
newOrder,13502,0,11896,1678845795
newOrder,22584,1,11896,1678845795
cancel,13502,,,1678846388
cancel,19797,,,1678846388
cancel,20084,,,1678846388
cancel,22584,,,1678846388
newOrder,19797,0,15477,1678846396
newOrder,20084,1,15477,1678846396
newOrder,13006,0,76558,1678846396
newOrder,24999,1,76558,1678846396
cancel,13006,,,1678846988
cancel,19797,,,1678846988
cancel,20084,,,1678846988
cancel,24999,,,1678846988
newOrder,19797,0,15480,1678846995
newOrder,20084,1,15480,1678846995
newOrder,13011,0,48969,1678846995
newOrder,24999,1,48969,1678846995
cancel,13011,,,1678847590
cancel,19797,,,1678847590
cancel,20084,,,1678847590
cancel,24999,,,1678847590
newOrder,19696,0,15530,1678847597
newOrder,20084,1,15530,1678847597
newOrder,13504,0,17758,1678847597
newOrder,24999,1,17758,1678847597
cancel,13504,,,1678848189
cancel,19696,,,1678848189
cancel,20084,,,1678848189
cancel,24999,,,1678848189
newOrder,19696,0,15532,1678848196
newOrder,20084,1,15532,1678848196
newOrder,13011,0,60225,1678848196
newOrder,24999,1,60225,1678848196
cancel,13011,,,1678848790
cancel,19696,,,1678848790
cancel,20084,,,1678848790
cancel,24999,,,1678848790
newOrder,19696,0,15535,1678848797
newOrder,20084,1,15535,1678848797
newOrder,13006,0,77972,1678848797
newOrder,24999,1,77972,1678848797
cancel,13006,,,1678849389
cancel,19696,,,1678849389
cancel,20084,,,1678849389
cancel,24999,,,1678849389
newOrder,19693,0,15539,1678849395
newOrder,20084,1,15539,1678849395
newOrder,13011,0,54210,1678849395
newOrder,24999,1,54210,1678849395
cancel,13011,,,1678849989
cancel,19693,,,1678849989
cancel,20084,,,1678849989
cancel,24999,,,1678849989
newOrder,19698,0,15539,1678849996
newOrder,20084,1,15539,1678849996
newOrder,13006,0,74568,1678849996
newOrder,24999,1,74568,1678849996
cancel,13006,,,1678850588
cancel,19698,,,1678850588
cancel,20084,,,1678850588
cancel,24999,,,1678850588
newOrder,19698,0,15542,1678850595
newOrder,20084,1,15542,1678850595
newOrder,13506,0,18164,1678850595
newOrder,24999,1,18164,1678850595
cancel,13506,,,1678851188
cancel,19698,,,1678851188
cancel,20084,,,1678851188
cancel,24999,,,1678851188
newOrder,19699,0,15544,1678851197
newOrder,20084,1,15544,1678851197
newOrder,13006,0,78980,1678851197
newOrder,24999,1,78980,1678851197
cancel,13006,,,1678851788
cancel,19699,,,1678851788
cancel,20084,,,1678851788
cancel,24999,,,1678851788
newOrder,19694,0,15549,1678851796
newOrder,20084,1,15549,1678851796
newOrder,13510,0,15759,1678851796
newOrder,24999,1,15759,1678851796
cancel,13510,,,1678852389
cancel,19694,,,1678852389
cancel,20084,,,1678852389
cancel,24999,,,1678852389
newOrder,19695,0,15551,1678852395
newOrder,20084,1,15551,1678852395
newOrder,13011,0,57635,1678852395
newOrder,24999,1,57635,1678852395
cancel,13011,,,1678852989
cancel,19695,,,1678852989
cancel,20084,,,1678852989
cancel,24999,,,1678852989
newOrder,19697,0,15553,1678852997
newOrder,20084,1,15553,1678852997
newOrder,13508,0,21686,1678852997
newOrder,24999,1,21686,1678852997
cancel,13508,,,1678853589
cancel,19697,,,1678853589
cancel,20084,,,1678853589
cancel,24999,,,1678853589
newOrder,19698,0,15555,1678853596
newOrder,20084,1,15555,1678853596
newOrder,11819,0,81441,1678853596
newOrder,24999,1,81441,1678853596
cancel,11819,,,1678854189
cancel,19698,,,1678854189
cancel,20084,,,1678854189
cancel,24999,,,1678854189
newOrder,19698,0,15558,1678854196
newOrder,20084,1,15558,1678854196
newOrder,11819,0,78334,1678854196
newOrder,24999,1,78334,1678854196
cancel,11819,,,1678854789
cancel,19698,,,1678854789
cancel,20084,,,1678854789
cancel,24999,,,1678854789
newOrder,19701,0,15559,1678854796
newOrder,20084,1,15559,1678854796
newOrder,11821,0,57985,1678854796
newOrder,24999,1,57985,1678854796
cancel,11821,,,1678855388
cancel,19701,,,1678855388
cancel,20084,,,1678855388
cancel,24999,,,1678855388
newOrder,19701,0,15562,1678855395
newOrder,20084,1,15562,1678855395
newOrder,13501,0,26118,1678855395
newOrder,24999,1,26118,1678855395
cancel,13501,,,1678855991
cancel,19701,,,1678855991
cancel,20084,,,1678855991
cancel,24999,,,1678855991
newOrder,19698,0,15566,1678856003
newOrder,20084,1,15566,1678856003
newOrder,11819,0,51508,1678856003
newOrder,24999,1,51508,1678856003
cancel,11819,,,1678856589
cancel,19698,,,1678856589
cancel,20084,,,1678856589
cancel,24999,,,1678856589
newOrder,19695,0,15570,1678856595
newOrder,20084,1,15570,1678856595
newOrder,13006,0,27322,1678856595
newOrder,24999,1,27322,1678856595
cancel,13006,,,1678857189
cancel,19695,,,1678857189
cancel,20084,,,1678857189
cancel,24999,,,1678857189
newOrder,19699,0,15571,1678857196
newOrder,20084,1,15571,1678857196
newOrder,13006,0,27945,1678857196
newOrder,24999,1,27945,1678857196
cancel,13006,,,1678857789
cancel,19699,,,1678857789
cancel,20084,,,1678857789
cancel,24999,,,1678857789
newOrder,19692,0,15576,1678857795
newOrder,20084,1,15576,1678857795
newOrder,11815,0,81421,1678857795
newOrder,24999,1,81421,1678857795
cancel,11815,,,1678858389
cancel,19692,,,1678858389
cancel,20084,,,1678858389
cancel,24999,,,1678858389
newOrder,19694,0,15578,1678858396
newOrder,20084,1,15578,1678858396
newOrder,13510,0,16906,1678858396
newOrder,24999,1,16906,1678858396
cancel,13510,,,1678858990
cancel,19694,,,1678858990
cancel,20084,,,1678858990
cancel,24999,,,1678858990
newOrder,19699,0,15579,1678858997
newOrder,20084,1,15579,1678858997
newOrder,13512,0,25745,1678858997
newOrder,24999,1,25745,1678858997
cancel,13512,,,1678859588
cancel,19699,,,1678859588
cancel,20084,,,1678859588
cancel,24999,,,1678859588
newOrder,19693,0,15584,1678859595
newOrder,20084,1,15584,1678859595
newOrder,11816,0,74967,1678859595
newOrder,24999,1,74967,1678859595
cancel,11816,,,1678860189
cancel,19693,,,1678860189
cancel,20084,,,1678860189
cancel,24999,,,1678860189
newOrder,19732,0,15569,1678860196
newOrder,20084,1,15569,1678860196
newOrder,19695,0,7194,1678860196
newOrder,24999,1,20304,1678860196
cancel,19695,,,1678860789
cancel,19732,,,1678860789
cancel,20084,,,1678860789
cancel,24999,,,1678860789
newOrder,19703,0,15585,1678860797
newOrder,20084,1,15585,1678860797
newOrder,13515,0,9728,1678860797
newOrder,22584,1,9728,1678860797
cancel,13515,,,1678861388
cancel,19703,,,1678861388
cancel,20084,,,1678861388
cancel,22584,,,1678861388
newOrder,19694,0,15592,1678861396
newOrder,20084,1,15592,1678861396
newOrder,13512,0,36989,1678861396
newOrder,24999,1,36989,1678861396
cancel,13512,,,1678861990
cancel,19694,,,1678861990
cancel,20084,,,1678861990
cancel,24999,,,1678861990
newOrder,19703,0,15590,1678861997
newOrder,20084,1,15590,1678861997
newOrder,11822,0,83222,1678861997
newOrder,24999,1,83222,1678861997
cancel,11822,,,1678862589
cancel,19703,,,1678862589
cancel,20084,,,1678862589
cancel,24999,,,1678862589
newOrder,19693,0,15597,1678862596
newOrder,20084,1,15597,1678862596
newOrder,11816,0,74284,1678862596
newOrder,24999,1,74284,1678862596
cancel,11816,,,1678863189
cancel,19693,,,1678863189
cancel,20084,,,1678863189
cancel,24999,,,1678863189
newOrder,19695,0,15599,1678863196
newOrder,20084,1,15599,1678863196
newOrder,13006,0,61940,1678863196
newOrder,24999,1,61940,1678863196
cancel,13006,,,1678863789
cancel,19695,,,1678863789
cancel,20084,,,1678863789
cancel,24999,,,1678863789
newOrder,19708,0,15596,1678863795
newOrder,20084,1,15596,1678863795
newOrder,11825,0,64332,1678863795
newOrder,24999,1,64332,1678863795
cancel,11825,,,1678864389
cancel,19708,,,1678864389
cancel,20084,,,1678864389
cancel,24999,,,1678864389
newOrder,19699,0,15603,1678864396
newOrder,20084,1,15603,1678864396
newOrder,13006,0,57719,1678864396
newOrder,24999,1,57719,1678864396
cancel,13006,,,1678864989
cancel,19699,,,1678864989
cancel,20084,,,1678864989
cancel,24999,,,1678864989
newOrder,19699,0,15605,1678864996
newOrder,20084,1,15605,1678864996
newOrder,13513,0,24347,1678864996
newOrder,24999,1,24347,1678864996
cancel,13513,,,1678865589
cancel,19699,,,1678865589
cancel,20084,,,1678865589
cancel,24999,,,1678865589
newOrder,19698,0,15609,1678865596
newOrder,20084,1,15609,1678865596
newOrder,13515,0,10615,1678865596
newOrder,22584,1,10615,1678865596
cancel,13515,,,1678866189
cancel,19698,,,1678866189
cancel,20084,,,1678866189
cancel,22584,,,1678866189
newOrder,19693,0,15613,1678866195
newOrder,20084,1,15613,1678866195
newOrder,13512,0,45677,1678866195
newOrder,24999,1,45677,1678866195
cancel,13512,,,1678866789
cancel,19693,,,1678866789
cancel,20084,,,1678866789
cancel,24999,,,1678866789
newOrder,19694,0,15615,1678866796
newOrder,20084,1,15615,1678866796
newOrder,11817,0,64201,1678866796
newOrder,24999,1,64201,1678866796
cancel,11817,,,1678867389
cancel,19694,,,1678867389
cancel,20084,,,1678867389
cancel,24999,,,1678867389
newOrder,19697,0,15617,1678867396
newOrder,20084,1,15617,1678867396
newOrder,11818,0,80283,1678867396
newOrder,24999,1,80283,1678867396
cancel,11818,,,1678867988
cancel,19697,,,1678867988
cancel,20084,,,1678867988
cancel,24999,,,1678867988
newOrder,19697,0,15620,1678867996
newOrder,20084,1,15620,1678867996
newOrder,13512,0,40107,1678867996
newOrder,24999,1,40107,1678867996
cancel,13512,,,1678868589
cancel,19697,,,1678868589
cancel,20084,,,1678868589
cancel,24999,,,1678868589
newOrder,19697,0,15622,1678868599
newOrder,20084,1,15622,1678868599
newOrder,13006,0,56005,1678868599
newOrder,24999,1,56005,1678868599
cancel,13006,,,1678869188
cancel,19697,,,1678869188
cancel,20084,,,1678869188
cancel,24999,,,1678869188
newOrder,19695,0,15626,1678869195
newOrder,20084,1,15626,1678869195
newOrder,13006,0,61563,1678869195
newOrder,24999,1,61563,1678869195
cancel,13006,,,1678869788
cancel,19695,,,1678869788
cancel,20084,,,1678869788
cancel,24999,,,1678869788
newOrder,19699,0,15627,1678869795
newOrder,20084,1,15627,1678869795
newOrder,13514,0,19626,1678869795
newOrder,24999,1,19626,1678869795
cancel,13514,,,1678870388
cancel,19699,,,1678870388
cancel,20084,,,1678870388
cancel,24999,,,1678870388
newOrder,19701,0,15629,1678870395
newOrder,20084,1,15629,1678870395
newOrder,11821,0,79950,1678870395
newOrder,24999,1,79950,1678870395
cancel,11821,,,1678870990
cancel,19701,,,1678870990
cancel,20084,,,1678870990
cancel,24999,,,1678870990
newOrder,19709,0,15628,1678870996
newOrder,20084,1,15628,1678870996
newOrder,13512,0,35167,1678870996
newOrder,24999,1,35167,1678870996
cancel,13512,,,1678871589
cancel,19709,,,1678871589
cancel,20084,,,1678871589
cancel,24999,,,1678871589
newOrder,19711,0,15630,1678871596
newOrder,20084,1,15630,1678871596
newOrder,11826,0,78825,1678871596
newOrder,24999,1,78825,1678871596
cancel,11826,,,1678872189
cancel,19711,,,1678872189
cancel,20084,,,1678872189
cancel,24999,,,1678872189
newOrder,19711,0,15633,1678872198
newOrder,20084,1,15633,1678872198
newOrder,13003,0,62714,1678872198
newOrder,24999,1,62714,1678872198
cancel,13003,,,1678872789
cancel,19711,,,1678872789
cancel,20084,,,1678872789
cancel,24999,,,1678872789
newOrder,19702,0,15639,1678872795
newOrder,20084,1,15639,1678872795
newOrder,13512,0,42911,1678872795
newOrder,24999,1,42911,1678872795
cancel,13512,,,1678873388
cancel,19702,,,1678873388
cancel,20084,,,1678873388
cancel,24999,,,1678873388
newOrder,19711,0,15638,1678873396
newOrder,20084,1,15638,1678873396
newOrder,13006,0,56025,1678873396
newOrder,24999,1,56025,1678873396
cancel,13006,,,1678873989
cancel,19711,,,1678873989
cancel,20084,,,1678873989
cancel,24999,,,1678873989
newOrder,19712,0,15640,1678873995
newOrder,20084,1,15640,1678873995
newOrder,11827,0,74042,1678873995
newOrder,24999,1,74042,1678873995
cancel,11827,,,1678874588
cancel,19712,,,1678874588
cancel,20084,,,1678874588
cancel,24999,,,1678874588
newOrder,19713,0,15642,1678874598
newOrder,20084,1,15642,1678874598
newOrder,11828,0,70791,1678874598
newOrder,24999,1,70791,1678874598
cancel,11828,,,1678875189
cancel,19713,,,1678875189
cancel,20084,,,1678875189
cancel,24999,,,1678875189
newOrder,19711,0,15646,1678875196
newOrder,20084,1,15646,1678875196
newOrder,13006,0,59612,1678875196
newOrder,24999,1,59612,1678875196
cancel,13006,,,1678875788
cancel,19711,,,1678875788
cancel,20084,,,1678875788
cancel,24999,,,1678875788
newOrder,19712,0,15648,1678875796
newOrder,20084,1,15648,1678875796
newOrder,13512,0,35691,1678875796
newOrder,24999,1,35691,1678875796
cancel,13512,,,1678876388
cancel,19712,,,1678876388
cancel,20084,,,1678876388
cancel,24999,,,1678876388
newOrder,19703,0,15655,1678876396
newOrder,20084,1,15655,1678876396
newOrder,13512,0,33111,1678876396
newOrder,24999,1,33111,1678876396
cancel,13512,,,1678876989
cancel,19703,,,1678876989
cancel,20084,,,1678876989
cancel,24999,,,1678876989
newOrder,19705,0,15657,1678877002
newOrder,20084,1,15657,1678877002
newOrder,13006,0,54316,1678877002
newOrder,24999,1,54316,1678877002
cancel,13006,,,1678877589
cancel,19705,,,1678877589
cancel,20084,,,1678877589
cancel,24999,,,1678877589
newOrder,19723,0,15651,1678877597
newOrder,20084,1,15651,1678877597
newOrder,13512,0,47501,1678877597
newOrder,24999,1,47501,1678877597
cancel,13512,,,1678878189
cancel,19723,,,1678878189
cancel,20084,,,1678878189
cancel,24999,,,1678878189
newOrder,19713,0,15659,1678878197
newOrder,20084,1,15659,1678878197
newOrder,13512,0,32921,1678878197
newOrder,24999,1,32921,1678878197
cancel,13512,,,1678878789
cancel,19713,,,1678878789
cancel,20084,,,1678878789
cancel,24999,,,1678878789
newOrder,19710,0,15663,1678878796
newOrder,20084,1,15663,1678878796
newOrder,13512,0,45013,1678878796
newOrder,24999,1,45013,1678878796
cancel,13512,,,1678879389
cancel,19710,,,1678879389
cancel,20084,,,1678879389
cancel,24999,,,1678879389
newOrder,19703,0,15669,1678879396
newOrder,20084,1,15669,1678879396
newOrder,11822,0,64176,1678879396
newOrder,24999,1,64176,1678879396
cancel,11822,,,1678879990
cancel,19703,,,1678879990
cancel,20084,,,1678879990
cancel,24999,,,1678879990
newOrder,19715,0,15666,1678879997
newOrder,20084,1,15666,1678879997
newOrder,13513,0,22417,1678879997
newOrder,24999,1,22417,1678879997
cancel,13513,,,1678880589
cancel,19715,,,1678880589
cancel,20084,,,1678880589
cancel,24999,,,1678880589
newOrder,19715,0,15669,1678880598
newOrder,20084,1,15669,1678880598
newOrder,13512,0,27402,1678880598
newOrder,24999,1,27402,1678880598
cancel,13512,,,1678881190
cancel,19715,,,1678881190
cancel,20084,,,1678881190
cancel,24999,,,1678881190
newOrder,19718,0,15670,1678881197
newOrder,20084,1,15670,1678881197
newOrder,13006,0,57335,1678881197
newOrder,24999,1,57335,1678881197
cancel,13006,,,1678881789
cancel,19718,,,1678881789
cancel,20084,,,1678881789
cancel,24999,,,1678881789
newOrder,19724,0,15670,1678881796
newOrder,20084,1,15670,1678881796
newOrder,13512,0,32954,1678881796
newOrder,24999,1,32954,1678881796