instruction,price,side,qty,time
cancel,14002,,,1689596142
cancel,17925,,,1689596142
cancel,18111,,,1689596142
cancel,24999,,,1689596142
newOrder,17925,0,12712,1689596165
newOrder,18104,1,12712,1689596165
newOrder,12163,0,64050,1689596165
newOrder,24999,1,64050,1689596165
cancel,12163,,,1689596743
cancel,17925,,,1689596743
cancel,18104,,,1689596743
cancel,24999,,,1689596743
newOrder,17925,0,12719,1689596765
newOrder,18096,1,12719,1689596765
newOrder,12163,0,27475,1689596765
newOrder,24999,1,27475,1689596765
cancel,12163,,,1689597342
cancel,17925,,,1689597342
cancel,18096,,,1689597342
cancel,24999,,,1689597342
newOrder,17925,0,12727,1689597364
newOrder,18088,1,12727,1689597364
newOrder,12163,0,42422,1689597364
newOrder,24999,1,42422,1689597364
cancel,12163,,,1689597944
cancel,17925,,,1689597944
cancel,18088,,,1689597944
cancel,24999,,,1689597944
newOrder,17925,0,12730,1689597967
newOrder,18088,1,12730,1689597967
newOrder,12163,0,41714,1689597967
newOrder,24999,1,41714,1689597967
cancel,12163,,,1689598539
cancel,17925,,,1689598539
cancel,18088,,,1689598539
cancel,24999,,,1689598539
newOrder,17925,0,12733,1689598567
newOrder,18088,1,12733,1689598567
newOrder,12163,0,25175,1689598567
newOrder,24999,1,25175,1689598567
cancel,12163,,,1689599142
cancel,17925,,,1689599142
cancel,18088,,,1689599142
cancel,24999,,,1689599142
newOrder,17925,0,12736,1689599167
newOrder,18088,1,12736,1689599167
newOrder,12163,0,45767,1689599167
newOrder,24999,1,45767,1689599167
cancel,12163,,,1689599742
cancel,17925,,,1689599742
cancel,18088,,,1689599742
cancel,24999,,,1689599742
newOrder,17925,0,12739,1689599765
newOrder,18088,1,12739,1689599765
newOrder,14005,0,18779,1689599765
newOrder,24999,1,18779,1689599765
cancel,14005,,,1689600343
cancel,17925,,,1689600343
cancel,18088,,,1689600343
cancel,24999,,,1689600343
newOrder,17925,0,12742,1689600368
newOrder,18088,1,12742,1689600368
newOrder,12163,0,31153,1689600368
newOrder,24999,1,31153,1689600368
cancel,12163,,,1689600942
cancel,17925,,,1689600942
cancel,18088,,,1689600942
cancel,24999,,,1689600942
newOrder,17925,0,12745,1689600966
newOrder,18088,1,12745,1689600966
newOrder,12163,0,42639,1689600966
newOrder,24999,1,42639,1689600966
cancel,12163,,,1689601542
cancel,17925,,,1689601542
cancel,18088,,,1689601542
cancel,24999,,,1689601542
newOrder,17925,0,12748,1689601566
newOrder,18088,1,12748,1689601566
newOrder,12163,0,51318,1689601566
newOrder,24999,1,51318,1689601566
cancel,12163,,,1689602142
cancel,17925,,,1689602142
cancel,18088,,,1689602142
cancel,24999,,,1689602142
newOrder,17925,0,12743,1689602170
newOrder,18103,1,12743,1689602170
newOrder,12163,0,43633,1689602170
newOrder,24999,1,43633,1689602170
cancel,12163,,,1689602742
cancel,17925,,,1689602742
cancel,18103,,,1689602742
cancel,24999,,,1689602742
newOrder,17925,0,12746,1689602764
newOrder,18103,1,12746,1689602764
newOrder,12163,0,47497,1689602764
newOrder,24999,1,47497,1689602764
cancel,12163,,,1689603342
cancel,17925,,,1689603342
cancel,18103,,,1689603342
cancel,24999,,,1689603342
newOrder,17925,0,12749,1689603365
newOrder,18103,1,12749,1689603365
newOrder,12163,0,55541,1689603365
newOrder,24999,1,55541,1689603365
cancel,12163,,,1689603942
cancel,17925,,,1689603942
cancel,18103,,,1689603942
cancel,24999,,,1689603942
newOrder,17925,0,12752,1689603966
newOrder,18103,1,12752,1689603966
newOrder,12163,0,50894,1689603966
newOrder,24999,1,50894,1689603966
cancel,12163,,,1689604542
cancel,17925,,,1689604542
cancel,18103,,,1689604542
cancel,24999,,,1689604542
newOrder,17925,0,12755,1689604568
newOrder,18103,1,12755,1689604568
newOrder,12163,0,60718,1689604568
newOrder,24999,1,60718,1689604568
cancel,12163,,,1689605142
cancel,17925,,,1689605142
cancel,18103,,,1689605142
cancel,24999,,,1689605142
newOrder,17925,0,12753,1689605168
newOrder,18111,1,12753,1689605168
newOrder,12013,0,25245,1689605168
newOrder,24999,1,25245,1689605168
cancel,12013,,,1689605742
cancel,17925,,,1689605742
cancel,18111,,,1689605742
cancel,24999,,,1689605742
newOrder,17925,0,12756,1689605765
newOrder,18111,1,12756,1689605765
newOrder,14005,0,20807,1689605765
newOrder,24999,1,20807,1689605765
cancel,14005,,,1689606342
cancel,17925,,,1689606342
cancel,18111,,,1689606342
cancel,24999,,,1689606342
newOrder,17925,0,12759,1689606364
newOrder,18111,1,12759,1689606364
newOrder,12015,0,68526,1689606364
newOrder,24999,1,68526,1689606364
cancel,12015,,,1689606942
cancel,17925,,,1689606942
cancel,18111,,,1689606942
cancel,24999,,,1689606942
newOrder,17925,0,12762,1689606966
newOrder,18111,1,12762,1689606966
newOrder,12162,0,23028,1689606966
newOrder,24999,1,23028,1689606966
cancel,12162,,,1689607542
cancel,17925,,,1689607542
cancel,18111,,,1689607542
cancel,24999,,,1689607542
newOrder,17925,0,12765,1689607564
newOrder,18111,1,12765,1689607564
newOrder,17094,0,11699,1689607564
newOrder,19999,1,11699,1689607564
cancel,17094,,,1689608142
cancel,17925,,,1689608142
cancel,18111,,,1689608142
cancel,19999,,,1689608142
newOrder,17925,0,12768,1689608164
newOrder,18111,1,12768,1689608164
newOrder,12015,0,41888,1689608164
newOrder,24999,1,41888,1689608164
cancel,12015,,,1689608742
cancel,17925,,,1689608742
cancel,18111,,,1689608742
cancel,24999,,,1689608742
newOrder,17925,0,12772,1689608764
newOrder,18111,1,12772,1689608764
newOrder,12015,0,51059,1689608764
newOrder,24999,1,51059,1689608764
cancel,12015,,,1689609342
cancel,17925,,,1689609342
cancel,18111,,,1689609342
cancel,24999,,,1689609342
newOrder,17925,0,12775,1689609364
newOrder,18111,1,12775,1689609364
newOrder,12015,0,55866,1689609364
newOrder,24999,1,55866,1689609364
cancel,12015,,,1689609942
cancel,17925,,,1689609942
cancel,18111,,,1689609942
cancel,24999,,,1689609942
newOrder,17925,0,12778,1689609966
newOrder,18111,1,12778,1689609966
newOrder,12015,0,68371,1689609966
newOrder,24999,1,68371,1689609966
cancel,12015,,,1689610542
cancel,17925,,,1689610542
cancel,18111,,,1689610542
cancel,24999,,,1689610542
newOrder,17925,0,12781,1689610566
newOrder,18111,1,12781,1689610566
newOrder,12015,0,31039,1689610566
newOrder,24999,1,31039,1689610566
cancel,12015,,,1689611142
cancel,17925,,,1689611142
cancel,18111,,,1689611142
cancel,24999,,,1689611142
newOrder,17925,0,12784,1689611167
newOrder,18111,1,12784,1689611167
newOrder,12015,0,62723,1689611167
newOrder,24999,1,62723,1689611167
cancel,12015,,,1689611743
cancel,17925,,,1689611743
cancel,18111,,,1689611743
cancel,24999,,,1689611743
newOrder,17925,0,12787,1689611764
newOrder,18111,1,12787,1689611764
newOrder,14005,0,16172,1689611764
newOrder,24999,1,16172,1689611764
cancel,14005,,,1689612342
cancel,17925,,,1689612342
cancel,18111,,,1689612342
cancel,24999,,,1689612342
newOrder,17925,0,12790,1689612366
newOrder,18111,1,12790,1689612366
newOrder,12015,0,33173,1689612366
newOrder,24999,1,33173,1689612366
cancel,12015,,,1689612942
cancel,17925,,,1689612942
cancel,18111,,,1689612942
cancel,24999,,,1689612942
newOrder,17925,0,12793,1689612967
newOrder,18111,1,12793,1689612967
newOrder,12015,0,53193,1689612967
newOrder,24999,1,53193,1689612967
cancel,12015,,,1689613542
cancel,17925,,,1689613542
cancel,18111,,,1689613542
cancel,24999,,,1689613542
newOrder,17925,0,12796,1689613569
newOrder,18111,1,12796,1689613569
newOrder,17094,0,7985,1689613569
newOrder,19999,1,7985,1689613569
cancel,17094,,,1689614143
cancel,17925,,,1689614143
cancel,18111,,,1689614143
cancel,19999,,,1689614143
newOrder,17925,0,12806,1689614167
newOrder,18100,1,12806,1689614167
newOrder,12015,0,47032,1689614167
newOrder,24999,1,47032,1689614167
cancel,12015,,,1689614742
cancel,17925,,,1689614742
cancel,18100,,,1689614742
cancel,24999,,,1689614742
newOrder,17913,0,12829,1689614767
newOrder,18075,1,12829,1689614767
newOrder,12015,0,67991,1689614767
newOrder,24999,1,67991,1689614767
cancel,12015,,,1689615342
cancel,17913,,,1689615342
cancel,18075,,,1689615342
cancel,24999,,,1689615342
newOrder,17913,0,12832,1689615367
newOrder,18075,1,12832,1689615367
newOrder,12162,0,23881,1689615367
newOrder,24999,1,23881,1689615367
cancel,12162,,,1689615943
cancel,17913,,,1689615943
cancel,18075,,,1689615943
cancel,24999,,,1689615943
newOrder,17913,0,12835,1689615964
newOrder,18075,1,12835,1689615964
newOrder,12015,0,49162,1689615964
newOrder,24999,1,49162,1689615964
cancel,12015,,,1689616542
cancel,17913,,,1689616542
cancel,18075,,,1689616542
cancel,24999,,,1689616542
newOrder,17913,0,12838,1689616565
newOrder,18075,1,12838,1689616565
newOrder,14005,0,15235,1689616565
newOrder,24999,1,15235,1689616565
cancel,14005,,,1689617143
cancel,17913,,,1689617143
cancel,18075,,,1689617143
cancel,24999,,,1689617143
newOrder,17913,0,12841,1689617166
newOrder,18075,1,12841,1689617166
newOrder,12015,0,63236,1689617166
newOrder,24999,1,63236,1689617166
cancel,12015,,,1689617746
cancel,17913,,,1689617746
cancel,18075,,,1689617746
cancel,24999,,,1689617746
newOrder,17913,0,12844,1689617771
newOrder,18075,1,12844,1689617771
newOrder,12015,0,24810,1689617771
newOrder,24999,1,24810,1689617771
cancel,12015,,,1689618342
cancel,17913,,,1689618342
cancel,18075,,,1689618342
cancel,24999,,,1689618342
newOrder,17913,0,12847,1689618365
newOrder,18075,1,12847,1689618365
newOrder,12015,0,61190,1689618365
newOrder,24999,1,61190,1689618365
cancel,12015,,,1689618942
cancel,17913,,,1689618942
cancel,18075,,,1689618942
cancel,24999,,,1689618942
newOrder,17898,0,12858,1689618970
newOrder,18075,1,12858,1689618970
newOrder,17094,0,12873,1689618970
newOrder,19999,1,12873,1689618970
cancel,17094,,,1689619542
cancel,17898,,,1689619542
cancel,18075,,,1689619542
cancel,19999,,,1689619542
newOrder,17898,0,12861,1689619568
newOrder,18075,1,12861,1689619568
newOrder,14005,0,17922,1689619568
newOrder,24999,1,17922,1689619568
cancel,14005,,,1689620142
cancel,17898,,,1689620142
cancel,18075,,,1689620142
cancel,24999,,,1689620142
newOrder,17898,0,12864,1689620167
newOrder,18075,1,12864,1689620167
newOrder,12015,0,61362,1689620167
newOrder,24999,1,61362,1689620167
cancel,12015,,,1689620742
cancel,17898,,,1689620742
cancel,18075,,,1689620742
cancel,24999,,,1689620742
newOrder,17898,0,12867,1689620765
newOrder,18075,1,12867,1689620765
newOrder,12015,0,37247,1689620765
newOrder,24999,1,37247,1689620765
cancel,12015,,,1689621342
cancel,17898,,,1689621342
cancel,18075,,,1689621342
cancel,24999,,,1689621342
newOrder,17898,0,12870,1689621366
newOrder,18075,1,12870,1689621366
newOrder,14005,0,19304,1689621366
newOrder,24999,1,19304,1689621366
cancel,14005,,,1689621942
cancel,17898,,,1689621942
cancel,18075,,,1689621942
cancel,24999,,,1689621942
newOrder,17898,0,12873,1689621965
newOrder,18075,1,12873,1689621965
newOrder,14005,0,19174,1689621965
newOrder,24999,1,19174,1689621965
cancel,14005,,,1689622542
cancel,17898,,,1689622542
cancel,18075,,,1689622542
cancel,24999,,,1689622542
newOrder,17907,0,12872,1689622566
newOrder,18075,1,12872,1689622566
newOrder,12015,0,40419,1689622566
newOrder,24999,1,40419,1689622566
cancel,12015,,,1689623142
cancel,17907,,,1689623142
cancel,18075,,,1689623142
cancel,24999,,,1689623142
newOrder,17907,0,12875,1689623167
newOrder,18075,1,12875,1689623167
newOrder,14005,0,19803,1689623167
newOrder,24999,1,19803,1689623167
cancel,14005,,,1689623742
cancel,17907,,,1689623742
cancel,18075,,,1689623742
cancel,24999,,,1689623742
newOrder,17899,0,12882,1689623769
newOrder,18075,1,12882,1689623769
newOrder,12015,0,53312,1689623769
newOrder,24999,1,53312,1689623769
cancel,12015,,,1689624343
cancel,17899,,,1689624343
cancel,18075,,,1689624343
cancel,24999,,,1689624343
newOrder,17789,0,12931,1689624369
newOrder,18075,1,12931,1689624369
newOrder,12015,0,53469,1689624369
newOrder,24999,1,53469,1689624369
cancel,12015,,,1689624943
cancel,17789,,,1689624943
cancel,18075,,,1689624943
cancel,24999,,,1689624943
newOrder,17769,0,12940,1689624967
newOrder,18075,1,12940,1689624967
newOrder,12015,0,50970,1689624967
newOrder,24999,1,50970,1689624967
cancel,12015,,,1689625542
cancel,17769,,,1689625542
cancel,18075,,,1689625542
cancel,24999,,,1689625542
newOrder,17771,0,12943,1689625566
newOrder,18075,1,12943,1689625566
newOrder,12015,0,62747,1689625566
newOrder,24999,1,62747,1689625566
cancel,12015,,,1689626142
cancel,17771,,,1689626142
cancel,18075,,,1689626142
cancel,24999,,,1689626142
newOrder,17771,0,12946,1689626167
newOrder,18075,1,12946,1689626167
newOrder,12015,0,32819,1689626167
newOrder,24999,1,32819,1689626167
cancel,12015,,,1689626742
cancel,17771,,,1689626742
cancel,18075,,,1689626742
cancel,24999,,,1689626742
newOrder,17771,0,12949,1689626765
newOrder,18075,1,12949,1689626765
newOrder,12015,0,68476,1689626765
newOrder,24999,1,68476,1689626765
cancel,12015,,,1689627343
cancel,17771,,,1689627343
cancel,18075,,,1689627343
cancel,24999,,,1689627343
newOrder,17771,0,12952,1689627367
newOrder,18075,1,12952,1689627367
newOrder,12015,0,35909,1689627367
newOrder,24999,1,35909,1689627367
cancel,12015,,,1689627942
cancel,17771,,,1689627942
cancel,18075,,,1689627942
cancel,24999,,,1689627942
newOrder,17769,0,12956,1689627966
newOrder,18075,1,12956,1689627966
newOrder,12015,0,54399,1689627966
newOrder,24999,1,54399,1689627966
cancel,12015,,,1689628543
cancel,17769,,,1689628543
cancel,18075,,,1689628543
cancel,24999,,,1689628543
newOrder,17769,0,12959,1689628568
newOrder,18075,1,12959,1689628568
newOrder,12015,0,67009,1689628568
newOrder,24999,1,67009,1689628568
cancel,12015,,,1689629142
cancel,17769,,,1689629142
cancel,18075,,,1689629142
cancel,24999,,,1689629142
newOrder,17780,0,12959,1689629166
newOrder,18075,1,12959,1689629166
newOrder,12015,0,49116,1689629166
newOrder,24999,1,49116,1689629166
cancel,12015,,,1689629742
cancel,17780,,,1689629742
cancel,18075,,,1689629742
cancel,24999,,,1689629742
newOrder,17780,0,12962,1689629767
newOrder,18075,1,12962,1689629767
newOrder,14005,0,21690,1689629767
newOrder,24999,1,21690,1689629767
cancel,14005,,,1689630343
cancel,17780,,,1689630343
cancel,18075,,,1689630343
cancel,24999,,,1689630343
newOrder,17780,0,12965,1689630367
newOrder,18075,1,12965,1689630367
newOrder,12015,0,44986,1689630367
newOrder,24999,1,44986,1689630367
cancel,12015,,,1689630941
cancel,17780,,,1689630941
cancel,18075,,,1689630941
cancel,24999,,,1689630941
newOrder,17800,0,12962,1689630968
newOrder,18075,1,12962,1689630968
newOrder,12015,0,69088,1689630968
newOrder,24999,1,69088,1689630968
cancel,12015,,,1689631542
cancel,17800,,,1689631542
cancel,18075,,,1689631542
cancel,24999,,,1689631542
newOrder,17808,0,12962,1689631566
newOrder,18075,1,12962,1689631566
newOrder,12015,0,44694,1689631566
newOrder,24999,1,44694,1689631566
cancel,12015,,,1689632142
cancel,17808,,,1689632142
cancel,18075,,,1689632142
cancel,24999,,,1689632142
newOrder,17808,0,12965,1689632169
newOrder,18075,1,12965,1689632169
newOrder,12015,0,54975,1689632169
newOrder,24999,1,54975,1689632169
cancel,12015,,,1689632743
cancel,17808,,,1689632743
cancel,18075,,,1689632743
cancel,24999,,,1689632743
newOrder,17808,0,12968,1689632767
newOrder,18075,1,12968,1689632767
newOrder,12015,0,55091,1689632767
newOrder,24999,1,55091,1689632767
cancel,12015,,,1689633342
cancel,17808,,,1689633342
cancel,18075,,,1689633342
cancel,24999,,,1689633342
newOrder,17808,0,12972,1689633368
newOrder,18075,1,12972,1689633368
newOrder,12015,0,48072,1689633368
newOrder,24999,1,48072,1689633368
cancel,12015,,,1689633943
cancel,17808,,,1689633943
cancel,18075,,,1689633943
cancel,24999,,,1689633943
newOrder,17808,0,12975,1689633968
newOrder,18075,1,12975,1689633968
newOrder,12015,0,62627,1689633968
newOrder,24999,1,62627,1689633968
cancel,12015,,,1689634542
cancel,17808,,,1689634542
cancel,18075,,,1689634542
cancel,24999,,,1689634542
newOrder,17808,0,12978,1689634567
newOrder,18075,1,12978,1689634567
newOrder,12015,0,40607,1689634567
newOrder,24999,1,40607,1689634567
cancel,12015,,,1689635142
cancel,17808,,,1689635142
cancel,18075,,,1689635142
cancel,24999,,,1689635142
newOrder,17808,0,12981,1689635165
newOrder,18075,1,12981,1689635165
newOrder,12015,0,31209,1689635165
newOrder,24999,1,31209,1689635165
cancel,12015,,,1689635742
cancel,17808,,,1689635742
cancel,18075,,,1689635742
cancel,24999,,,1689635742
newOrder,17825,0,12978,1689635769
newOrder,18075,1,12978,1689635769
newOrder,12015,0,68677,1689635769
newOrder,24999,1,68677,1689635769
cancel,12015,,,1689636342
cancel,17825,,,1689636342
cancel,18075,,,1689636342
cancel,24999,,,1689636342
newOrder,17827,0,12980,1689636366
newOrder,18075,1,12980,1689636366
newOrder,12015,0,58467,1689636366
newOrder,24999,1,58467,1689636366
cancel,12015,,,1689636943
cancel,17827,,,1689636943
cancel,18075,,,1689636943
cancel,24999,,,1689636943
newOrder,17822,0,12986,1689636973
newOrder,18075,1,12986,1689636973
newOrder,12015,0,37105,1689636973
newOrder,24999,1,37105,1689636973
cancel,12015,,,1689637542
cancel,17822,,,1689637542
cancel,18075,,,1689637542
cancel,24999,,,1689637542
newOrder,17822,0,12989,1689637567
newOrder,18075,1,12989,1689637567
newOrder,14005,0,18085,1689637567
newOrder,24999,1,18085,1689637567
cancel,14005,,,1689638143
cancel,17822,,,1689638143
cancel,18075,,,1689638143
cancel,24999,,,1689638143
newOrder,17822,0,12992,1689638167
newOrder,18075,1,12992,1689638167
newOrder,12015,0,64330,1689638167
newOrder,24999,1,64330,1689638167
cancel,12015,,,1689638742
cancel,17822,,,1689638742
cancel,18075,,,1689638742
cancel,24999,,,1689638742
newOrder,17822,0,12995,1689638767
newOrder,18075,1,12995,1689638767
newOrder,12015,0,67209,1689638767
newOrder,24999,1,67209,1689638767
cancel,12015,,,1689639343
cancel,17822,,,1689639343
cancel,18075,,,1689639343
cancel,24999,,,1689639343
newOrder,17822,0,12998,1689639366
newOrder,18075,1,12998,1689639366
newOrder,12015,0,29773,1689639366
newOrder,24999,1,29773,1689639366
cancel,12015,,,1689639943
cancel,17822,,,1689639943
cancel,18075,,,1689639943
cancel,24999,,,1689639943
newOrder,17822,0,13001,1689639967
newOrder,18075,1,13001,1689639967
newOrder,14005,0,18836,1689639967
newOrder,24999,1,18836,1689639967
cancel,14005,,,1689640543
cancel,17822,,,1689640543
cancel,18075,,,1689640543
cancel,24999,,,1689640543
newOrder,17833,0,13000,1689640567
newOrder,18075,1,13000,1689640567
newOrder,12015,0,32777,1689640567
newOrder,24999,1,32777,1689640567
cancel,12015,,,1689641143
cancel,17833,,,1689641143
cancel,18075,,,1689641143
cancel,24999,,,1689641143
newOrder,17833,0,13003,1689641167
newOrder,18075,1,13003,1689641167
newOrder,12015,0,33773,1689641167
newOrder,24999,1,33773,1689641167
cancel,12015,,,1689641742
cancel,17833,,,1689641742
cancel,18075,,,1689641742
cancel,24999,,,1689641742
newOrder,17833,0,13006,1689641767
newOrder,18075,1,13006,1689641767
newOrder,12015,0,38176,1689641767
newOrder,24999,1,38176,1689641767
cancel,12015,,,1689642343
cancel,17833,,,1689642343
cancel,18075,,,1689642343
cancel,24999,,,1689642343
newOrder,17833,0,13010,1689642366
newOrder,18075,1,13010,1689642366
newOrder,14005,0,17747,1689642366
newOrder,24999,1,17747,1689642366
cancel,14005,,,1689642942
cancel,17833,,,1689642942
cancel,18075,,,1689642942
cancel,24999,,,1689642942
newOrder,17833,0,13013,1689642967
newOrder,18075,1,13013,1689642967
newOrder,12015,0,56608,1689642967
newOrder,24999,1,56608,1689642967
cancel,12015,,,1689643542
cancel,17833,,,1689643542
cancel,18075,,,1689643542
cancel,24999,,,1689643542
newOrder,17833,0,13016,1689643566
newOrder,18075,1,13016,1689643566
newOrder,12015,0,35498,1689643566
newOrder,24999,1,35498,1689643566
cancel,12015,,,1689644142
cancel,17833,,,1689644142
cancel,18075,,,1689644142
cancel,24999,,,1689644142
newOrder,17833,0,13019,1689644167
newOrder,18075,1,13019,1689644167
newOrder,12015,0,58266,1689644167
newOrder,24999,1,58266,1689644167
cancel,12015,,,1689644742
cancel,17833,,,1689644742
cancel,18075,,,1689644742
cancel,24999,,,1689644742
newOrder,17833,0,13022,1689644767
newOrder,18075,1,13022,1689644767
newOrder,12017,0,65264,1689644767
newOrder,24999,1,65264,1689644767
cancel,12017,,,1689645342
cancel,17833,,,1689645342
cancel,18075,,,1689645342
cancel,24999,,,1689645342
newOrder,17833,0,13026,1689645365
newOrder,18075,1,13026,1689645365
newOrder,12017,0,33633,1689645365
newOrder,24999,1,33633,1689645365
cancel,12017,,,1689645942
cancel,17833,,,1689645942
cancel,18075,,,1689645942
cancel,24999,,,1689645942
newOrder,17833,0,13029,1689645965
newOrder,18075,1,13029,1689645965
newOrder,14005,0,18548,1689645965
newOrder,24999,1,18548,1689645965
cancel,14005,,,1689646542
cancel,17833,,,1689646542
cancel,18075,,,1689646542
cancel,24999,,,1689646542
newOrder,17833,0,13032,1689646565
newOrder,18075,1,13032,1689646565
newOrder,12017,0,27306,1689646565
newOrder,24999,1,27306,1689646565
cancel,12017,,,1689647143
cancel,17833,,,1689647143
cancel,18075,,,1689647143
cancel,24999,,,1689647143
newOrder,17833,0,13035,1689647167
newOrder,18075,1,13035,1689647167
newOrder,12017,0,26741,1689647167
newOrder,24999,1,26741,1689647167
cancel,12017,,,1689647742
cancel,17833,,,1689647742
cancel,18075,,,1689647742
cancel,24999,,,1689647742
newOrder,17833,0,13038,1689647766
newOrder,18075,1,13038,1689647766
newOrder,12017,0,30966,1689647766
newOrder,24999,1,30966,1689647766
cancel,12017,,,1689648343
cancel,17833,,,1689648343
cancel,18075,,,1689648343
cancel,24999,,,1689648343
newOrder,17833,0,13042,1689648366
newOrder,18075,1,13042,1689648366
newOrder,12017,0,28877,1689648366
newOrder,24999,1,28877,1689648366
cancel,12017,,,1689648943
cancel,17833,,,1689648943
cancel,18075,,,1689648943
cancel,24999,,,1689648943
newOrder,17833,0,13045,1689648967
newOrder,18075,1,13045,1689648967
newOrder,12017,0,39253,1689648967
newOrder,24999,1,39253,1689648967
cancel,12017,,,1689649542
cancel,17833,,,1689649542
cancel,18075,,,1689649542
cancel,24999,,,1689649542
newOrder,17833,0,13048,1689649566
newOrder,18075,1,13048,1689649566
newOrder,12017,0,36801,1689649566
newOrder,24999,1,36801,1689649566
cancel,12017,,,1689650143
cancel,17833,,,1689650143
cancel,18075,,,1689650143
cancel,24999,,,1689650143
newOrder,17833,0,13051,1689650168
newOrder,18075,1,13051,1689650168
newOrder,12017,0,42341,1689650168
newOrder,24999,1,42341,1689650168
cancel,12017,,,1689650742
cancel,17833,,,1689650742
cancel,18075,,,1689650742
cancel,24999,,,1689650742
newOrder,17833,0,13055,1689650766
newOrder,18075,1,13055,1689650766
newOrder,12017,0,27306,1689650766
newOrder,24999,1,27306,1689650766
cancel,12017,,,1689651344
cancel,17833,,,1689651344
cancel,18075,,,1689651344
cancel,24999,,,1689651344
newOrder,17833,0,13058,1689651371
newOrder,18075,1,13058,1689651371
newOrder,12017,0,28458,1689651371
newOrder,24999,1,28458,1689651371
cancel,12017,,,1689651942
cancel,17833,,,1689651942
cancel,18075,,,1689651942
cancel,24999,,,1689651942
newOrder,17833,0,13061,1689651967
newOrder,18075,1,13061,1689651967
newOrder,12017,0,67091,1689651967
newOrder,24999,1,67091,1689651967
cancel,12017,,,1689652542
cancel,17833,,,1689652542
cancel,18075,,,1689652542
cancel,24999,,,1689652542
newOrder,17833,0,13064,1689652567
newOrder,18075,1,13064,1689652567
newOrder,12017,0,58560,1689652567
newOrder,24999,1,58560,1689652567
cancel,12017,,,1689653142
cancel,17833,,,1689653142
cancel,18075,,,1689653142
cancel,24999,,,1689653142
newOrder,17833,0,13067,1689653166
newOrder,18075,1,13067,1689653166
newOrder,14005,0,17065,1689653166
newOrder,24999,1,17065,1689653166
cancel,14005,,,1689653743
cancel,17833,,,1689653743
cancel,18075,,,1689653743
cancel,24999,,,1689653743
newOrder,17822,0,13075,1689653767
newOrder,18075,1,13075,1689653767
newOrder,17558,0,10713,1689653767
newOrder,19999,1,10713,1689653767
cancel,17558,,,1689654343
cancel,17822,,,1689654343
cancel,18075,,,1689654343
cancel,19999,,,1689654343
newOrder,17822,0,13078,1689654365
newOrder,18075,1,13078,1689654365
newOrder,14005,0,14329,1689654365
newOrder,21899,1,14329,1689654365
cancel,14005,,,1689654943
cancel,17822,,,1689654943
cancel,18075,,,1689654943
cancel,21899,,,1689654943
newOrder,17822,0,13082,1689654967
newOrder,18075,1,13082,1689654967
newOrder,12017,0,55254,1689654967
newOrder,24999,1,55254,1689654967
cancel,12017,,,1689655542
cancel,17822,,,1689655542
cancel,18075,,,1689655542
cancel,24999,,,1689655542
newOrder,17822,0,13085,1689655567
newOrder,18075,1,13085,1689655567
newOrder,12017,0,44020,1689655567
newOrder,24999,1,44020,1689655567
cancel,12017,,,1689656142
cancel,17822,,,1689656142
cancel,18075,,,1689656142
cancel,24999,,,1689656142
newOrder,17822,0,13088,1689656165
newOrder,18075,1,13088,1689656165
newOrder,12017,0,29876,1689656165
newOrder,24999,1,29876,1689656165
cancel,12017,,,1689656744
cancel,17822,,,1689656744
cancel,18075,,,1689656744
cancel,24999,,,1689656744
newOrder,17822,0,13091,1689656767
newOrder,18075,1,13091,1689656767
newOrder,12017,0,30799,1689656767
newOrder,24999,1,30799,1689656767
cancel,12017,,,1689657343
cancel,17822,,,1689657343
cancel,18075,,,1689657343
cancel,24999,,,1689657343
newOrder,17822,0,13095,1689657367
newOrder,18075,1,13095,1689657367
newOrder,12162,0,23167,1689657367
newOrder,24999,1,23167,1689657367
cancel,12162,,,1689657942
cancel,17822,,,1689657942
cancel,18075,,,1689657942
cancel,24999,,,1689657942
newOrder,17822,0,13098,1689657965
newOrder,18075,1,13098,1689657965
newOrder,12017,0,58904,1689657965
newOrder,24999,1,58904,1689657965
cancel,12017,,,1689658542
cancel,17822,,,1689658542
cancel,18075,,,1689658542
cancel,24999,,,1689658542
newOrder,17822,0,13101,1689658567
newOrder,18075,1,13101,1689658567
newOrder,12017,0,26442,1689658567
newOrder,24999,1,26442,1689658567
cancel,12017,,,1689659143
cancel,17822,,,1689659143
cancel,18075,,,1689659143
cancel,24999,,,1689659143
newOrder,17763,0,13124,1689659167
newOrder,18075,1,13124,1689659167
newOrder,12013,0,70684,1689659167
newOrder,24999,1,70684,1689659167
cancel,12013,,,1689659743
cancel,17763,,,1689659743
cancel,18075,,,1689659743
cancel,24999,,,1689659743
newOrder,17763,0,13127,1689659766
newOrder,18075,1,13127,1689659766
newOrder,12017,0,65037,1689659766
newOrder,24999,1,65037,1689659766
cancel,12017,,,1689660343
cancel,17763,,,1689660343
cancel,18075,,,1689660343
cancel,24999,,,1689660343
newOrder,17763,0,13131,1689660367
newOrder,18075,1,13131,1689660367
newOrder,12017,0,65849,1689660367
newOrder,24999,1,65849,1689660367
cancel,12017,,,1689660942
cancel,17763,,,1689660942
cancel,18075,,,1689660942
cancel,24999,,,1689660942
newOrder,17808,0,13119,1689660967
newOrder,18075,1,13119,1689660967
newOrder,17558,0,13335,1689660967
newOrder,19999,1,13335,1689660967
cancel,17558,,,1689661542
cancel,17808,,,1689661542
cancel,18075,,,1689661542
cancel,19999,,,1689661542
newOrder,17808,0,13123,1689661566
newOrder,18075,1,13123,1689661566
newOrder,12017,0,67747,1689661566
newOrder,24999,1,67747,1689661566
cancel,12017,,,1689662142
cancel,17808,,,1689662142
cancel,18075,,,1689662142
cancel,24999,,,1689662142
newOrder,17808,0,13126,1689662166
newOrder,18075,1,13126,1689662166
newOrder,12017,0,39686,1689662166
newOrder,24999,1,39686,1689662166
cancel,12017,,,1689662743
cancel,17808,,,1689662743
cancel,18075,,,1689662743
cancel,24999,,,1689662743
newOrder,17736,0,13151,1689662769
newOrder,18075,1,13151,1689662769
newOrder,12017,0,58742,1689662769
newOrder,24999,1,58742,1689662769
cancel,12017,,,1689663342
cancel,17736,,,1689663342
cancel,18075,,,1689663342
cancel,24999,,,1689663342
newOrder,17660,0,13168,1689663365
newOrder,18075,1,13168,1689663365
newOrder,14005,0,14307,1689663365
newOrder,21899,1,14307,1689663365
cancel,14005,,,1689663942
cancel,17660,,,1689663942
cancel,18075,,,1689663942
cancel,21899,,,1689663942
newOrder,17718,0,13161,1689663965
newOrder,18075,1,13161,1689663965
newOrder,12017,0,46535,1689663965
newOrder,24999,1,46535,1689663965
cancel,12017,,,1689664543
cancel,17718,,,1689664543
cancel,18075,,,1689664543
cancel,24999,,,1689664543
newOrder,17718,0,13165,1689664566
newOrder,18075,1,13165,1689664566
newOrder,12017,0,63304,1689664566
newOrder,24999,1,63304,1689664566
cancel,12017,,,1689665142
cancel,17718,,,1689665142
cancel,18075,,,1689665142
cancel,24999,,,1689665142
newOrder,17718,0,13168,1689665166
newOrder,18075,1,13168,1689665166
newOrder,12017,0,53998,1689665166
newOrder,24999,1,53998,1689665166
cancel,12017,,,1689665742
cancel,17718,,,1689665742
cancel,18075,,,1689665742
cancel,24999,,,1689665742
newOrder,17718,0,13171,1689665765
newOrder,18075,1,13171,1689665765
newOrder,14005,0,19004,1689665765
newOrder,24999,1,19004,1689665765
cancel,14005,,,1689666342
cancel,17718,,,1689666342
cancel,18075,,,1689666342
cancel,24999,,,1689666342
newOrder,17718,0,13175,1689666367
newOrder,18075,1,13175,1689666367
newOrder,12017,0,54374,1689666367
newOrder,24999,1,54374,1689666367
cancel,12017,,,1689666942
cancel,17718,,,1689666942
cancel,18075,,,1689666942
cancel,24999,,,1689666942
newOrder,17707,0,13180,1689666967
newOrder,18075,1,13180,1689666967
newOrder,12017,0,55455,1689666967
newOrder,24999,1,55455,1689666967
cancel,12017,,,1689667543
cancel,17707,,,1689667543
cancel,18075,,,1689667543
cancel,24999,,,1689667543
newOrder,17707,0,13183,1689667567
newOrder,18075,1,13183,1689667567
newOrder,14005,0,17976,1689667567
newOrder,24999,1,17976,1689667567
cancel,14005,,,1689668142
cancel,17707,,,1689668142
cancel,18075,,,1689668142
cancel,24999,,,1689668142
newOrder,17707,0,13187,1689668170
newOrder,18075,1,13187,1689668170
newOrder,17558,0,8829,1689668170
newOrder,19999,1,8829,1689668170
cancel,17558,,,1689668743
cancel,17707,,,1689668743
cancel,18075,,,1689668743
cancel,19999,,,1689668743
newOrder,17695,0,13192,1689668769
newOrder,18075,1,13192,1689668769
newOrder,12017,0,55769,1689668769
newOrder,24999,1,55769,1689668769
cancel,12017,,,1689669343
cancel,17695,,,1689669343
cancel,18075,,,1689669343
cancel,24999,,,1689669343
newOrder,17695,0,13195,1689669368
newOrder,18075,1,13195,1689669368
newOrder,17558,0,9554,1689669368
newOrder,19999,1,9554,1689669368
cancel,17558,,,1689669942
cancel,17695,,,1689669942
cancel,18075,,,1689669942
cancel,19999,,,1689669942
newOrder,17695,0,13199,1689669967
newOrder,18075,1,13199,1689669967
newOrder,12017,0,55093,1689669967
newOrder,24999,1,55093,1689669967
cancel,12017,,,1689670542
cancel,17695,,,1689670542
cancel,18075,,,1689670542
cancel,24999,,,1689670542
newOrder,17695,0,13202,1689670567
newOrder,18075,1,13202,1689670567
newOrder,12017,0,39456,1689670567
newOrder,24999,1,39456,1689670567
cancel,12017,,,1689671143
cancel,17695,,,1689671143
cancel,18075,,,1689671143
cancel,24999,,,1689671143
newOrder,17695,0,13205,1689671166
newOrder,18075,1,13205,1689671166
newOrder,12017,0,38281,1689671166
newOrder,24999,1,38281,1689671166
cancel,12017,,,1689671742
cancel,17695,,,1689671742
cancel,18075,,,1689671742
cancel,24999,,,1689671742
newOrder,17695,0,13209,1689671767
newOrder,18075,1,13209,1689671767
newOrder,12017,0,55693,1689671767
newOrder,24999,1,55693,1689671767
cancel,12017,,,1689672342
cancel,17695,,,1689672342
cancel,18075,,,1689672342
cancel,24999,,,1689672342
newOrder,17695,0,13212,1689672366
newOrder,18075,1,13212,1689672366
newOrder,12302,0,19976,1689672366
newOrder,24999,1,19976,1689672366
cancel,12302,,,1689672943
cancel,17695,,,1689672943
cancel,18075,,,1689672943
cancel,24999,,,1689672943
newOrder,17695,0,13215,1689672966
newOrder,18075,1,13215,1689672966
newOrder,12017,0,50007,1689672966
newOrder,24999,1,50007,1689672966
cancel,12017,,,1689673542
cancel,17695,,,1689673542
cancel,18075,,,1689673542
cancel,24999,,,1689673542
newOrder,17695,0,13218,1689673566
newOrder,18075,1,13218,1689673566
newOrder,12017,0,63058,1689673566
newOrder,24999,1,63058,1689673566
cancel,12017,,,1689674143
cancel,17695,,,1689674143
cancel,18075,,,1689674143
cancel,24999,,,1689674143
newOrder,17681,0,13224,1689674166
newOrder,18075,1,13224,1689674166
newOrder,12302,0,21081,1689674166
newOrder,24999,1,21081,1689674166
cancel,12302,,,1689674742
cancel,17681,,,1689674742
cancel,18075,,,1689674742
cancel,24999,,,1689674742
newOrder,17681,0,13227,1689674766
newOrder,18075,1,13227,1689674766
newOrder,12302,0,20588,1689674766
newOrder,24999,1,20588,1689674766
cancel,12302,,,1689675342
cancel,17681,,,1689675342
cancel,18075,,,1689675342
cancel,24999,,,1689675342
newOrder,17681,0,13231,1689675367
newOrder,18075,1,13231,1689675367
newOrder,12017,0,27933,1689675367
newOrder,24999,1,27933,1689675367
cancel,12017,,,1689675943
cancel,17681,,,1689675943
cancel,18075,,,1689675943
cancel,24999,,,1689675943
newOrder,17671,0,13235,1689675967
newOrder,18075,1,13235,1689675967
newOrder,12302,0,19205,1689675967
newOrder,24999,1,19205,1689675967
cancel,12302,,,1689676542
cancel,17671,,,1689676542
cancel,18075,,,1689676542
cancel,24999,,,1689676542
newOrder,17671,0,13239,1689676566
newOrder,18075,1,13239,1689676566
newOrder,12017,0,50583,1689676566
newOrder,24999,1,50583,1689676566
cancel,12017,,,1689677143
cancel,17671,,,1689677143
cancel,18075,,,1689677143
cancel,24999,,,1689677143
newOrder,17671,0,13242,1689677168
newOrder,18075,1,13242,1689677168
newOrder,12017,0,35591,1689677168
newOrder,24999,1,35591,1689677168
cancel,12017,,,1689677743
cancel,17671,,,1689677743
cancel,18075,,,1689677743
cancel,24999,,,1689677743
newOrder,17671,0,13245,1689677766
newOrder,18075,1,13245,1689677766
newOrder,12017,0,27109,1689677766
newOrder,24999,1,27109,1689677766
cancel,12017,,,1689678342
cancel,17671,,,1689678342
cancel,18075,,,1689678342
cancel,24999,,,1689678342
newOrder,17671,0,13249,1689678365
newOrder,18075,1,13249,1689678365
newOrder,12017,0,51792,1689678365
newOrder,24999,1,51792,1689678365
cancel,12017,,,1689678943
cancel,17671,,,1689678943
cancel,18075,,,1689678943
cancel,24999,,,1689678943
newOrder,17671,0,13252,1689678966
newOrder,18075,1,13252,1689678966
newOrder,12017,0,31708,1689678966
newOrder,24999,1,31708,1689678966
cancel,12017,,,1689679542
cancel,17671,,,1689679542
cancel,18075,,,1689679542
cancel,24999,,,1689679542
newOrder,17671,0,13255,1689679568
newOrder,18075,1,13255,1689679568
newOrder,17558,0,13517,1689679568
newOrder,19999,1,13517,1689679568
cancel,17558,,,1689680143
cancel,17671,,,1689680143
cancel,18075,,,1689680143
cancel,19999,,,1689680143
newOrder,17671,0,13259,1689680166
newOrder,18075,1,13259,1689680166
newOrder,12017,0,32279,1689680166
newOrder,24999,1,32279,1689680166
cancel,12017,,,1689680770
cancel,17671,,,1689680770
cancel,18075,,,1689680770
cancel,24999,,,1689680770
newOrder,17671,0,13262,1689680808
newOrder,18075,1,13262,1689680808
newOrder,12017,0,31726,1689680808
newOrder,24999,1,31726,1689680808
cancel,12017,,,1689681343
cancel,17671,,,1689681343
cancel,18075,,,1689681343
cancel,24999,,,1689681343
newOrder,17654,0,13267,1689681369
newOrder,18075,1,13267,1689681369
newOrder,17558,0,12833,1689681369
newOrder,19999,1,12833,1689681369
cancel,17558,,,1689681942
cancel,17654,,,1689681942
cancel,18075,,,1689681942
cancel,19999,,,1689681942
newOrder,17654,0,13271,1689681968
newOrder,18075,1,13271,1689681968
newOrder,12302,0,22133,1689681968
newOrder,24999,1,22133,1689681968