instruction,price,side,qty,time
cancel,12132,,,1683807353
cancel,17762,,,1683807353
cancel,19066,,,1683807353
cancel,24957,,,1683807353
newOrder,17762,0,8737,1683807381
newOrder,19066,1,8737,1683807381
newOrder,10657,0,41984,1683807381
newOrder,24999,1,41984,1683807381
cancel,10657,,,1683807954
cancel,17762,,,1683807954
cancel,19066,,,1683807954
cancel,24999,,,1683807954
newOrder,17762,0,8739,1683807983
newOrder,19066,1,8739,1683807983
newOrder,12001,0,33100,1683807983
newOrder,24957,1,33100,1683807983
cancel,12001,,,1683808553
cancel,17762,,,1683808553
cancel,19066,,,1683808553
cancel,24957,,,1683808553
newOrder,17762,0,8740,1683808582
newOrder,19066,1,8740,1683808582
newOrder,12132,0,20914,1683808582
newOrder,24957,1,20914,1683808582
cancel,12132,,,1683809154
cancel,17762,,,1683809154
cancel,19066,,,1683809154
cancel,24957,,,1683809154
newOrder,17666,0,8696,1683809181
newOrder,19066,1,8696,1683809181
newOrder,12134,0,7609,1683809181
cancel,12134,,,1683809754
cancel,17666,,,1683809754
cancel,19066,,,1683809754
newOrder,17630,0,8679,1683809783
newOrder,19066,1,8679,1683809783
newOrder,10578,0,37341,1683809783
newOrder,24999,1,37341,1683809783
cancel,10578,,,1683810353
cancel,17630,,,1683810353
cancel,19066,,,1683810353
cancel,24999,,,1683810353
newOrder,17632,0,8681,1683810381
newOrder,19066,1,8681,1683810381
newOrder,12129,0,27091,1683810381
newOrder,24957,1,27091,1683810381
cancel,12129,,,1683810953
cancel,17632,,,1683810953
cancel,19066,,,1683810953
cancel,24957,,,1683810953
newOrder,17632,0,8682,1683810986
newOrder,19066,1,8682,1683810986
newOrder,10579,0,44637,1683810986
newOrder,24999,1,44637,1683810986
cancel,10579,,,1683811553
cancel,17632,,,1683811553
cancel,19066,,,1683811553
cancel,24999,,,1683811553
newOrder,17632,0,8683,1683811582
newOrder,19066,1,8683,1683811582
newOrder,12132,0,12671,1683811582
newOrder,24957,1,12671,1683811582
cancel,12132,,,1683812153
cancel,17632,,,1683812153
cancel,19066,,,1683812153
cancel,24957,,,1683812153
newOrder,17631,0,8684,1683812181
newOrder,19066,1,8684,1683812181
newOrder,12134,0,5573,1683812181
cancel,12134,,,1683812754
cancel,17631,,,1683812754
cancel,19066,,,1683812754
newOrder,17630,0,8685,1683812783
newOrder,19066,1,8685,1683812783
newOrder,12132,0,16455,1683812783
newOrder,24957,1,16455,1683812783
cancel,12132,,,1683813354
cancel,17630,,,1683813354
cancel,19066,,,1683813354
cancel,24957,,,1683813354
newOrder,17631,0,8686,1683813381
newOrder,19066,1,8686,1683813381
newOrder,12129,0,27622,1683813381
newOrder,24957,1,27622,1683813381
cancel,12129,,,1683813954
cancel,17631,,,1683813954
cancel,19066,,,1683813954
cancel,24957,,,1683813954
newOrder,17629,0,8686,1683813983
newOrder,19066,1,8686,1683813983
newOrder,12001,0,32394,1683813983
newOrder,24957,1,32394,1683813983
cancel,12001,,,1683814553
cancel,17629,,,1683814553
cancel,19066,,,1683814553
cancel,24957,,,1683814553
newOrder,17629,0,8687,1683814583
newOrder,19066,1,8687,1683814583
newOrder,12001,0,32481,1683814583
newOrder,24957,1,32481,1683814583
cancel,12001,,,1683815153
cancel,17629,,,1683815153
cancel,19066,,,1683815153
cancel,24957,,,1683815153
newOrder,17631,0,8690,1683815181
newOrder,19066,1,8690,1683815181
newOrder,12134,0,5508,1683815181
cancel,12134,,,1683815754
cancel,17631,,,1683815754
cancel,19066,,,1683815754
newOrder,17659,0,8705,1683815782
newOrder,19066,1,8705,1683815782
newOrder,12132,0,18377,1683815782
newOrder,24957,1,18377,1683815782
cancel,12132,,,1683816353
cancel,17659,,,1683816353
cancel,19066,,,1683816353
cancel,24957,,,1683816353
newOrder,17635,0,8694,1683816381
newOrder,19066,1,8694,1683816381
newOrder,12132,0,11604,1683816381
newOrder,24957,1,11604,1683816381
cancel,12132,,,1683816953
cancel,17635,,,1683816953
cancel,19066,,,1683816953
cancel,24957,,,1683816953
newOrder,17634,0,8695,1683816982
newOrder,19066,1,8695,1683816982
newOrder,12001,0,33275,1683816982
newOrder,24957,1,33275,1683816982
cancel,12001,,,1683817553
cancel,17634,,,1683817553
cancel,19066,,,1683817553
cancel,24957,,,1683817553
newOrder,17634,0,8696,1683817581
newOrder,19066,1,8696,1683817581
newOrder,12132,0,22045,1683817581
newOrder,24957,1,22045,1683817581
cancel,12132,,,1683818154
cancel,17634,,,1683818154
cancel,19066,,,1683818154
cancel,24957,,,1683818154
newOrder,17624,0,8692,1683818182
newOrder,19066,1,8692,1683818182
newOrder,10575,0,41537,1683818182
newOrder,24999,1,41537,1683818182
cancel,10575,,,1683818753
cancel,17624,,,1683818753
cancel,19066,,,1683818753
cancel,24999,,,1683818753
newOrder,17625,0,8693,1683818781
newOrder,19066,1,8693,1683818781
newOrder,12132,0,14012,1683818781
newOrder,24957,1,14012,1683818781
cancel,12132,,,1683819354
cancel,17625,,,1683819354
cancel,19066,,,1683819354
cancel,24957,,,1683819354
newOrder,17624,0,8694,1683819381
newOrder,19066,1,8694,1683819381
newOrder,12132,0,11429,1683819381
newOrder,24957,1,11429,1683819381
cancel,12132,,,1683819954
cancel,17624,,,1683819954
cancel,19066,,,1683819954
cancel,24957,,,1683819954
newOrder,17623,0,8694,1683819983
newOrder,19066,1,8694,1683819983
newOrder,12132,0,12455,1683819983
newOrder,24957,1,12455,1683819983
cancel,12132,,,1683820554
cancel,17623,,,1683820554
cancel,19066,,,1683820554
cancel,24957,,,1683820554
newOrder,17622,0,8695,1683820582
newOrder,19066,1,8695,1683820582
newOrder,12132,0,12417,1683820582
newOrder,24957,1,12417,1683820582
cancel,12132,,,1683821153
cancel,17622,,,1683821153
cancel,19066,,,1683821153
cancel,24957,,,1683821153
newOrder,17622,0,8697,1683821181
newOrder,19066,1,8697,1683821181
newOrder,12132,0,20026,1683821181
newOrder,24957,1,20026,1683821181
cancel,12132,,,1683821754
cancel,17622,,,1683821754
cancel,19066,,,1683821754
cancel,24957,,,1683821754
newOrder,17623,0,8698,1683821783
newOrder,19066,1,8698,1683821783
newOrder,12001,0,32557,1683821783
newOrder,24957,1,32557,1683821783
cancel,12001,,,1683822355
cancel,17623,,,1683822355
cancel,19066,,,1683822355
cancel,24957,,,1683822355
newOrder,17623,0,8699,1683822386
newOrder,19066,1,8699,1683822386
newOrder,12129,0,28347,1683822386
newOrder,24957,1,28347,1683822386
cancel,12129,,,1683822954
cancel,17623,,,1683822954
cancel,19066,,,1683822954
cancel,24957,,,1683822954
newOrder,17661,0,8720,1683822985
newOrder,19066,1,8720,1683822985
newOrder,10597,0,38354,1683822985
newOrder,24999,1,38354,1683822985
cancel,10597,,,1683823555
cancel,17661,,,1683823555
cancel,19066,,,1683823555
cancel,24999,,,1683823555
newOrder,17622,0,8701,1683823588
newOrder,19066,1,8701,1683823588
newOrder,12132,0,21169,1683823588
newOrder,24957,1,21169,1683823588
cancel,12132,,,1683824154
cancel,17622,,,1683824154
cancel,19066,,,1683824154
cancel,24957,,,1683824154
newOrder,17621,0,8701,1683824180
newOrder,19066,1,8701,1683824180
newOrder,10573,0,45545,1683824180
newOrder,24999,1,45545,1683824180
cancel,10573,,,1683824754
cancel,17621,,,1683824754
cancel,19066,,,1683824754
cancel,24999,,,1683824754
newOrder,17622,0,8703,1683824783
newOrder,19066,1,8703,1683824783
newOrder,12129,0,27418,1683824783
newOrder,24957,1,27418,1683824783
cancel,12129,,,1683825354
cancel,17622,,,1683825354
cancel,19066,,,1683825354
cancel,24957,,,1683825354
newOrder,17624,0,8705,1683825383
newOrder,19066,1,8705,1683825383
newOrder,12132,0,9688,1683825383
newOrder,24957,1,9688,1683825383
cancel,12132,,,1683825954
cancel,17624,,,1683825954
cancel,19066,,,1683825954
cancel,24957,,,1683825954
newOrder,17624,0,8707,1683825983
newOrder,19066,1,8707,1683825983
newOrder,12132,0,20692,1683825983
newOrder,24957,1,20692,1683825983
cancel,12132,,,1683826554
cancel,17624,,,1683826554
cancel,19066,,,1683826554
cancel,24957,,,1683826554
newOrder,17625,0,8708,1683826581
newOrder,19066,1,8708,1683826581
newOrder,12132,0,19757,1683826581
newOrder,24957,1,19757,1683826581
cancel,12132,,,1683827155
cancel,17625,,,1683827155
cancel,19066,,,1683827155
cancel,24957,,,1683827155
newOrder,17623,0,8708,1683827182
newOrder,19066,1,8708,1683827182
newOrder,12132,0,8136,1683827182
cancel,12132,,,1683827753
cancel,17623,,,1683827753
cancel,19066,,,1683827753
newOrder,17623,0,8709,1683827784
newOrder,19066,1,8709,1683827784
newOrder,12132,0,25857,1683827784
newOrder,24957,1,25857,1683827784
cancel,12132,,,1683828354
cancel,17623,,,1683828354
cancel,19066,,,1683828354
cancel,24957,,,1683828354
newOrder,17622,0,8710,1683828383
newOrder,19066,1,8710,1683828383
newOrder,12132,0,15190,1683828383
newOrder,24957,1,15190,1683828383
cancel,12132,,,1683828953
cancel,17622,,,1683828953
cancel,19066,,,1683828953
cancel,24957,,,1683828953
newOrder,17623,0,8712,1683828980
newOrder,19066,1,8712,1683828980
newOrder,12132,0,22978,1683828980
newOrder,24957,1,22978,1683828980
cancel,12132,,,1683829553
cancel,17623,,,1683829553
cancel,19066,,,1683829553
cancel,24957,,,1683829553
newOrder,17624,0,8713,1683829582
newOrder,19066,1,8713,1683829582
newOrder,10575,0,40423,1683829582
newOrder,24999,1,40423,1683829582
cancel,10575,,,1683830154
cancel,17624,,,1683830154
cancel,19066,,,1683830154
cancel,24999,,,1683830154
newOrder,17625,0,8715,1683830182
newOrder,19066,1,8715,1683830182
newOrder,12132,0,12483,1683830182
newOrder,24957,1,12483,1683830182
cancel,12132,,,1683830753
cancel,17625,,,1683830753
cancel,19066,,,1683830753
cancel,24957,,,1683830753
newOrder,17625,0,8716,1683830784
newOrder,19066,1,8716,1683830784
newOrder,10575,0,35384,1683830784
newOrder,24999,1,35384,1683830784
cancel,10575,,,1683831354
cancel,17625,,,1683831354
cancel,19066,,,1683831354
cancel,24999,,,1683831354
newOrder,17624,0,8717,1683831383
newOrder,19066,1,8717,1683831383
newOrder,12132,0,18399,1683831383
newOrder,24957,1,18399,1683831383
cancel,12132,,,1683831954
cancel,17624,,,1683831954
cancel,19066,,,1683831954
cancel,24957,,,1683831954
newOrder,17626,0,8719,1683831982
newOrder,19066,1,8719,1683831982
newOrder,12132,0,7997,1683831982
cancel,12132,,,1683832554
cancel,17626,,,1683832554
cancel,19066,,,1683832554
newOrder,17509,0,8653,1683832581
newOrder,19066,1,8653,1683832581
newOrder,10505,0,35832,1683832581
newOrder,24999,1,35832,1683832581
cancel,10505,,,1683833154
cancel,17509,,,1683833154
cancel,19066,,,1683833154
cancel,24999,,,1683833154
newOrder,17509,0,8654,1683833183
newOrder,19066,1,8654,1683833183
newOrder,12001,0,31855,1683833183
newOrder,24957,1,31855,1683833183
cancel,12001,,,1683833755
cancel,17509,,,1683833755
cancel,19066,,,1683833755
cancel,24957,,,1683833755
newOrder,17509,0,8655,1683833782
newOrder,19066,1,8655,1683833782
newOrder,12132,0,12111,1683833782
newOrder,24957,1,12111,1683833782
cancel,12132,,,1683834353
cancel,17509,,,1683834353
cancel,19066,,,1683834353
cancel,24957,,,1683834353
newOrder,17509,0,8656,1683834383
newOrder,19066,1,8656,1683834383
newOrder,12132,0,19072,1683834383
newOrder,24957,1,19072,1683834383
cancel,12132,,,1683834953
cancel,17509,,,1683834953
cancel,19066,,,1683834953
cancel,24957,,,1683834953
newOrder,17509,0,8657,1683834981
newOrder,19066,1,8657,1683834981
newOrder,12129,0,28539,1683834981
newOrder,24957,1,28539,1683834981
cancel,12129,,,1683835553
cancel,17509,,,1683835553
cancel,19066,,,1683835553
cancel,24957,,,1683835553
newOrder,17474,0,8636,1683835582
newOrder,19066,1,8636,1683835582
newOrder,12132,0,6299,1683835582
cancel,12132,,,1683836153
cancel,17474,,,1683836153
cancel,19066,,,1683836153
newOrder,17474,0,8637,1683836183
newOrder,19066,1,8637,1683836183
newOrder,12126,0,29358,1683836183
newOrder,24957,1,29358,1683836183
cancel,12126,,,1683836753
cancel,17474,,,1683836753
cancel,19066,,,1683836753
cancel,24957,,,1683836753
newOrder,17474,0,8638,1683836782
newOrder,19066,1,8638,1683836782
newOrder,10484,0,37613,1683836782
newOrder,24999,1,37613,1683836782
cancel,10484,,,1683837356
cancel,17474,,,1683837356
cancel,19066,,,1683837356
cancel,24999,,,1683837356
newOrder,17474,0,8639,1683837385
newOrder,19066,1,8639,1683837385
newOrder,12132,0,19027,1683837385
newOrder,24957,1,19027,1683837385
cancel,12132,,,1683837954
cancel,17474,,,1683837954
cancel,19066,,,1683837954
cancel,24957,,,1683837954
newOrder,17474,0,8641,1683837984
newOrder,19066,1,8641,1683837984
newOrder,12001,0,31321,1683837984
newOrder,24957,1,31321,1683837984
cancel,12001,,,1683838553
cancel,17474,,,1683838553
cancel,19066,,,1683838553
cancel,24957,,,1683838553
newOrder,17496,0,8656,1683838581
newOrder,19066,1,8656,1683838581
newOrder,12132,0,15135,1683838581
newOrder,24957,1,15135,1683838581
cancel,12132,,,1683839153
cancel,17496,,,1683839153
cancel,19066,,,1683839153
cancel,24957,,,1683839153
newOrder,17496,0,8657,1683839182
newOrder,19066,1,8657,1683839182
newOrder,12132,0,17486,1683839182
newOrder,24957,1,17486,1683839182
cancel,12132,,,1683839753
cancel,17496,,,1683839753
cancel,19066,,,1683839753
cancel,24957,,,1683839753
newOrder,17496,0,8658,1683839782
newOrder,19066,1,8658,1683839782
newOrder,10498,0,41790,1683839782
newOrder,24999,1,41790,1683839782
cancel,10498,,,1683840353
cancel,17496,,,1683840353
cancel,19066,,,1683840353
cancel,24999,,,1683840353
newOrder,17496,0,8659,1683840381
newOrder,19066,1,8659,1683840381
newOrder,12129,0,28131,1683840381
newOrder,24957,1,28131,1683840381
cancel,12129,,,1683840954
cancel,17496,,,1683840954
cancel,19066,,,1683840954
cancel,24957,,,1683840954
newOrder,17496,0,8660,1683840982
newOrder,19066,1,8660,1683840982
newOrder,12132,0,10328,1683840982
newOrder,24957,1,10328,1683840982
cancel,12132,,,1683841553
cancel,17496,,,1683841553
cancel,19066,,,1683841553
cancel,24957,,,1683841553
newOrder,17496,0,8661,1683841582
newOrder,19066,1,8661,1683841582
newOrder,12132,0,25247,1683841582
newOrder,24957,1,25247,1683841582
cancel,12132,,,1683842154
cancel,17496,,,1683842154
cancel,19066,,,1683842154
cancel,24957,,,1683842154
newOrder,17496,0,8662,1683842182
newOrder,19066,1,8662,1683842182
newOrder,12132,0,13275,1683842182
newOrder,24957,1,13275,1683842182
cancel,12132,,,1683842753
cancel,17496,,,1683842753
cancel,19066,,,1683842753
cancel,24957,,,1683842753
newOrder,17496,0,8664,1683842783
newOrder,19066,1,8664,1683842783
newOrder,12129,0,27535,1683842783
newOrder,24957,1,27535,1683842783
cancel,12129,,,1683843353
cancel,17496,,,1683843353
cancel,19066,,,1683843353
cancel,24957,,,1683843353
newOrder,17496,0,8665,1683843383
newOrder,19066,1,8665,1683843383
newOrder,12013,0,30314,1683843383
newOrder,24957,1,30314,1683843383
cancel,12013,,,1683843954
cancel,17496,,,1683843954
cancel,19066,,,1683843954
cancel,24957,,,1683843954
newOrder,17496,0,8666,1683843983
newOrder,19066,1,8666,1683843983
newOrder,12001,0,31530,1683843983
newOrder,24957,1,31530,1683843983
cancel,12001,,,1683844553
cancel,17496,,,1683844553
cancel,19066,,,1683844553
cancel,24957,,,1683844553
newOrder,17496,0,8667,1683844581
newOrder,19066,1,8667,1683844581
newOrder,12132,0,5375,1683844581
cancel,12132,,,1683845153
cancel,17496,,,1683845153
cancel,19066,,,1683845153
newOrder,17407,0,8609,1683845183
newOrder,19066,1,8609,1683845183
newOrder,12132,0,10519,1683845183
newOrder,24957,1,10519,1683845183
cancel,12132,,,1683845753
cancel,17407,,,1683845753
cancel,19066,,,1683845753
cancel,24957,,,1683845753
newOrder,17408,0,8611,1683845782
newOrder,19066,1,8611,1683845782
newOrder,10445,0,43449,1683845782
newOrder,24999,1,43449,1683845782
cancel,10445,,,1683846353
cancel,17408,,,1683846353
cancel,19066,,,1683846353
cancel,24999,,,1683846353
newOrder,17408,0,8612,1683846381
newOrder,19066,1,8612,1683846381
newOrder,12132,0,13894,1683846381
newOrder,24957,1,13894,1683846381
cancel,12132,,,1683846954
cancel,17408,,,1683846954
cancel,19066,,,1683846954
cancel,24957,,,1683846954
newOrder,17406,0,8612,1683846980
newOrder,19066,1,8612,1683846980
newOrder,12002,0,30447,1683846980
newOrder,24957,1,30447,1683846980
cancel,12002,,,1683847553
cancel,17406,,,1683847553
cancel,19066,,,1683847553
cancel,24957,,,1683847553
newOrder,17406,0,8613,1683847582
newOrder,19066,1,8613,1683847582
newOrder,12132,0,22602,1683847582
newOrder,24957,1,22602,1683847582
cancel,12132,,,1683848153
cancel,17406,,,1683848153
cancel,19066,,,1683848153
cancel,24957,,,1683848153
newOrder,17406,0,8614,1683848182
newOrder,19066,1,8614,1683848182
newOrder,10444,0,43725,1683848182
newOrder,24999,1,43725,1683848182
cancel,10444,,,1683848754
cancel,17406,,,1683848754
cancel,19066,,,1683848754
cancel,24999,,,1683848754
newOrder,17406,0,8615,1683848783
newOrder,19066,1,8615,1683848783
newOrder,10444,0,44303,1683848783
newOrder,24999,1,44303,1683848783
cancel,10444,,,1683849354
cancel,17406,,,1683849354
cancel,19066,,,1683849354
cancel,24999,,,1683849354
newOrder,17405,0,8615,1683849382
newOrder,19066,1,8615,1683849382
newOrder,12132,0,21627,1683849382
newOrder,24957,1,21627,1683849382
cancel,12132,,,1683849953
cancel,17405,,,1683849953
cancel,19066,,,1683849953
cancel,24957,,,1683849953
newOrder,17408,0,8618,1683849981
newOrder,19066,1,8618,1683849981
newOrder,12132,0,15234,1683849981
newOrder,24957,1,15234,1683849981
cancel,12132,,,1683850554
cancel,17408,,,1683850554
cancel,19066,,,1683850554
cancel,24957,,,1683850554
newOrder,17408,0,8619,1683850582
newOrder,19066,1,8619,1683850582
newOrder,12129,0,26790,1683850582
newOrder,24957,1,26790,1683850582
cancel,12129,,,1683851154
cancel,17408,,,1683851154
cancel,19066,,,1683851154
cancel,24957,,,1683851154
newOrder,17409,0,8621,1683851184
newOrder,19066,1,8621,1683851184
newOrder,12132,0,21748,1683851184
newOrder,24957,1,21748,1683851184
cancel,12132,,,1683851753
cancel,17409,,,1683851753
cancel,19066,,,1683851753
cancel,24957,,,1683851753
newOrder,17408,0,8622,1683851782
newOrder,19066,1,8622,1683851782
newOrder,12001,0,33188,1683851782
newOrder,24957,1,33188,1683851782
cancel,12001,,,1683852353
cancel,17408,,,1683852353
cancel,19066,,,1683852353
cancel,24957,,,1683852353
newOrder,17407,0,8622,1683852383
newOrder,19066,1,8622,1683852383
newOrder,12013,0,29921,1683852383
newOrder,24957,1,29921,1683852383
cancel,12013,,,1683852700
cancel,17407,,,1683852700
cancel,19066,,,1683852700
cancel,24957,,,1683852700
newOrder,17340,0,8579,1683852707
newOrder,19073,1,8579,1683852707
newOrder,12132,0,9296,1683852707
newOrder,24957,1,9296,1683852707
cancel,12132,,,1683852954
cancel,17340,,,1683852954
cancel,19073,,,1683852954
cancel,24957,,,1683852954
newOrder,17407,0,8623,1683852980
newOrder,19066,1,8623,1683852980
newOrder,12132,0,24385,1683852980
newOrder,24957,1,24385,1683852980
cancel,12132,,,1683853513
cancel,19066,,,1683853513
cancel,24957,,,1683853513
newOrder,17340,0,8580,1683853519
newOrder,19073,1,8580,1683853519
newOrder,10404,0,38826,1683853519
newOrder,24999,1,38826,1683853519
cancel,10404,,,1683853554
cancel,17340,,,1683853554
cancel,19073,,,1683853554
cancel,24999,,,1683853554
newOrder,17221,0,8484,1683853582
newOrder,19066,1,8484,1683853582
newOrder,10333,0,37765,1683853582
newOrder,24999,1,37765,1683853582
cancel,10333,,,1683853712
cancel,17221,,,1683853712
cancel,19066,,,1683853712
cancel,24999,,,1683853712
newOrder,17155,0,8433,1683853719
newOrder,19073,1,8433,1683853719
newOrder,12132,0,5985,1683853719
cancel,12132,,,1683853758
cancel,17155,,,1683853758
cancel,19073,,,1683853758
newOrder,17083,0,8375,1683853767
newOrder,19080,1,8375,1683853767
newOrder,12001,0,30831,1683853767
newOrder,24957,1,30831,1683853767
cancel,12001,,,1683853793
cancel,17083,,,1683853793
cancel,19080,,,1683853793
cancel,24957,,,1683853793
newOrder,17006,0,8309,1683853799
newOrder,19086,1,8309,1683853799
newOrder,12002,0,30444,1683853799
newOrder,24957,1,30444,1683853799
cancel,12002,,,1683854153
cancel,17006,,,1683854153
cancel,19086,,,1683854153
cancel,24957,,,1683854153
newOrder,16894,0,8182,1683854182
newOrder,19066,1,8182,1683854182
newOrder,12132,0,22166,1683854182
newOrder,24957,1,22166,1683854182
cancel,12132,,,1683854755
cancel,16894,,,1683854755
cancel,19066,,,1683854755
cancel,24957,,,1683854755
newOrder,16895,0,8184,1683854787
newOrder,19066,1,8184,1683854787
newOrder,10137,0,39609,1683854787
newOrder,24999,1,39609,1683854787
cancel,10137,,,1683855354
cancel,16895,,,1683855354
cancel,19066,,,1683855354
cancel,24999,,,1683855354
newOrder,16888,0,8178,1683855382
newOrder,19066,1,8178,1683855382
newOrder,12132,0,12552,1683855382
newOrder,24957,1,12552,1683855382
cancel,12132,,,1683855953
cancel,16888,,,1683855953
cancel,19066,,,1683855953
cancel,24957,,,1683855953
newOrder,16888,0,8179,1683855983
newOrder,19066,1,8179,1683855983
newOrder,10133,0,42192,1683855983
newOrder,24999,1,42192,1683855983
cancel,10133,,,1683856552
cancel,16888,,,1683856552
cancel,19066,,,1683856552
cancel,24999,,,1683856552
newOrder,16888,0,8180,1683856582
newOrder,19066,1,8180,1683856582
newOrder,12132,0,12089,1683856582
newOrder,24957,1,12089,1683856582
cancel,12132,,,1683857153
cancel,16888,,,1683857153
cancel,19066,,,1683857153
cancel,24957,,,1683857153
newOrder,16888,0,8181,1683857182
newOrder,19066,1,8181,1683857182
newOrder,10133,0,37137,1683857182
newOrder,24999,1,37137,1683857182
cancel,10133,,,1683857752
cancel,16888,,,1683857752
cancel,19066,,,1683857752
cancel,24999,,,1683857752
newOrder,16888,0,8181,1683857783
newOrder,19066,1,8181,1683857783
newOrder,12132,0,11189,1683857783
newOrder,24957,1,11189,1683857783
cancel,12132,,,1683858354
cancel,16888,,,1683858354
cancel,19066,,,1683858354
cancel,24957,,,1683858354
newOrder,16888,0,8182,1683858386
newOrder,19066,1,8182,1683858386
newOrder,12001,0,30620,1683858386
newOrder,24957,1,30620,1683858386
cancel,12001,,,1683858953
cancel,16888,,,1683858953
cancel,19066,,,1683858953
cancel,24957,,,1683858953
newOrder,16883,0,8177,1683858981
newOrder,19066,1,8177,1683858981
newOrder,12132,0,25489,1683858981
newOrder,24957,1,25489,1683858981
cancel,12132,,,1683859553
cancel,16883,,,1683859553
cancel,19066,,,1683859553
cancel,24957,,,1683859553
newOrder,16883,0,8178,1683859583
newOrder,19066,1,8178,1683859583
newOrder,12132,0,24107,1683859583
newOrder,24957,1,24107,1683859583
cancel,12132,,,1683860154
cancel,16883,,,1683860154
cancel,19066,,,1683860154
cancel,24957,,,1683860154
newOrder,16883,0,8179,1683860183
newOrder,19066,1,8179,1683860183
newOrder,10130,0,33023,1683860183
newOrder,24957,1,33023,1683860183
cancel,10130,,,1683860754
cancel,16883,,,1683860754
cancel,19066,,,1683860754
cancel,24957,,,1683860754
newOrder,16883,0,8180,1683860782
newOrder,19066,1,8180,1683860782
newOrder,12132,0,5811,1683860782
cancel,12132,,,1683861354
cancel,16883,,,1683861354
cancel,19066,,,1683861354
newOrder,16883,0,8181,1683861383
newOrder,19066,1,8181,1683861383
newOrder,12132,0,22660,1683861383
newOrder,24957,1,22660,1683861383
cancel,12132,,,1683861953
cancel,16883,,,1683861953
cancel,19066,,,1683861953
cancel,24957,,,1683861953
newOrder,16868,0,8166,1683861983
newOrder,19066,1,8166,1683861983
newOrder,12129,0,27488,1683861983
newOrder,24957,1,27488,1683861983
cancel,12129,,,1683862554
cancel,16868,,,1683862554
cancel,19066,,,1683862554
cancel,24957,,,1683862554
newOrder,16876,0,8175,1683862582
newOrder,19066,1,8175,1683862582
newOrder,12132,0,10903,1683862582
newOrder,24957,1,10903,1683862582
cancel,12132,,,1683863152
cancel,16876,,,1683863152
cancel,19066,,,1683863152
cancel,24957,,,1683863152
newOrder,16874,0,8174,1683863181
newOrder,19066,1,8174,1683863181
newOrder,10125,0,35324,1683863181
newOrder,24999,1,35324,1683863181
cancel,10125,,,1683863753
cancel,16874,,,1683863753
cancel,19066,,,1683863753
cancel,24999,,,1683863753
newOrder,16876,0,8176,1683863782
newOrder,19066,1,8176,1683863782
newOrder,12001,0,32108,1683863782
newOrder,24957,1,32108,1683863782
cancel,12001,,,1683864196
cancel,16876,,,1683864196
cancel,19066,,,1683864196
cancel,24957,,,1683864196
newOrder,16811,0,8115,1683864203
newOrder,19073,1,8115,1683864203
newOrder,12132,0,8387,1683864203
newOrder,21899,1,8387,1683864203
cancel,12132,,,1683864243
cancel,16811,,,1683864243
cancel,19073,,,1683864243
cancel,21899,,,1683864243
newOrder,16741,0,8044,1683864251
newOrder,19080,1,8044,1683864251
newOrder,12132,0,7850,1683864251
cancel,12132,,,1683864287
cancel,16741,,,1683864287
cancel,19080,,,1683864287
newOrder,16665,0,7964,1683864295
newOrder,19086,1,7964,1683864295
newOrder,12132,0,25563,1683864295
newOrder,24957,1,25563,1683864295
cancel,12132,,,1683864333
cancel,16665,,,1683864333
cancel,19086,,,1683864333
cancel,24957,,,1683864333
newOrder,16584,0,7875,1683864339
newOrder,19093,1,7875,1683864339
newOrder,9950,0,41798,1683864339
newOrder,24999,1,41798,1683864339
cancel,9950,,,1683864353
cancel,16584,,,1683864353
cancel,19093,,,1683864353
cancel,24999,,,1683864353
newOrder,16478,0,7716,1683864384
newOrder,19066,1,7716,1683864384
newOrder,12002,0,29772,1683864384
newOrder,24957,1,29772,1683864384
cancel,12002,,,1683864954
cancel,16478,,,1683864954
cancel,19066,,,1683864954
cancel,24957,,,1683864954
newOrder,16453,0,7685,1683864984
newOrder,19066,1,7685,1683864984
newOrder,12129,0,26019,1683864984
newOrder,24957,1,26019,1683864984
cancel,12129,,,1683865554
cancel,16453,,,1683865554
cancel,19066,,,1683865554
cancel,24957,,,1683865554
newOrder,16454,0,7686,1683865582
newOrder,19066,1,7686,1683865582
newOrder,12132,0,20034,1683865582
newOrder,24957,1,20034,1683865582
cancel,12132,,,1683866153
cancel,16454,,,1683866153
cancel,19066,,,1683866153
cancel,24957,,,1683866153
newOrder,16454,0,7687,1683866182
newOrder,19066,1,7687,1683866182
newOrder,12132,0,18795,1683866182
newOrder,24957,1,18795,1683866182
cancel,12132,,,1683866754
cancel,16454,,,1683866754
cancel,19066,,,1683866754
cancel,24957,,,1683866754
newOrder,16453,0,7687,1683866782
newOrder,19066,1,7687,1683866782
newOrder,12132,0,13880,1683866782
newOrder,24957,1,13880,1683866782
cancel,12132,,,1683867353
cancel,16453,,,1683867353
cancel,19066,,,1683867353
cancel,24957,,,1683867353
newOrder,16477,0,7718,1683867382
newOrder,19066,1,7718,1683867382
newOrder,12001,0,31430,1683867382
newOrder,24957,1,31430,1683867382
cancel,12001,,,1683867953
cancel,16477,,,1683867953
cancel,19066,,,1683867953
cancel,24957,,,1683867953
newOrder,16453,0,7688,1683867982
newOrder,19066,1,7688,1683867982
newOrder,12132,0,6600,1683867982
cancel,12132,,,1683868553
cancel,16453,,,1683868553
cancel,19066,,,1683868553
newOrder,16453,0,7688,1683868583
newOrder,19066,1,7688,1683868583
newOrder,12132,0,22496,1683868583
newOrder,24957,1,22496,1683868583
cancel,12132,,,1683869153
cancel,16453,,,1683869153
cancel,19066,,,1683869153
cancel,24957,,,1683869153
newOrder,16453,0,7689,1683869179
newOrder,19066,1,7689,1683869179
newOrder,12134,0,6374,1683869179
cancel,12134,,,1683869753
cancel,16453,,,1683869753
cancel,19066,,,1683869753
newOrder,16454,0,7691,1683869781
newOrder,19066,1,7691,1683869781
newOrder,9873,0,38305,1683869781
newOrder,24999,1,38305,1683869781
cancel,9873,,,1683870354
cancel,16454,,,1683870354
cancel,19066,,,1683870354
cancel,24999,,,1683870354
newOrder,16475,0,7718,1683870382
newOrder,19066,1,7718,1683870382
newOrder,9885,0,38681,1683870382
newOrder,24999,1,38681,1683870382
cancel,9885,,,1683870954
cancel,16475,,,1683870954
cancel,19066,,,1683870954
cancel,24999,,,1683870954
newOrder,16475,0,7719,1683870984
newOrder,19066,1,7719,1683870984
newOrder,9885,0,41403,1683870984
newOrder,24999,1,41403,1683870984
cancel,9885,,,1683871554
cancel,16475,,,1683871554
cancel,19066,,,1683871554
cancel,24999,,,1683871554
newOrder,16475,0,7720,1683871582
newOrder,19066,1,7720,1683871582
newOrder,12132,0,14117,1683871582
newOrder,24957,1,14117,1683871582
cancel,12132,,,1683872154
cancel,16475,,,1683872154
cancel,19066,,,1683872154
cancel,24957,,,1683872154
newOrder,16475,0,7720,1683872184
newOrder,19066,1,7720,1683872184
newOrder,12132,0,16938,1683872184
newOrder,24957,1,16938,1683872184
cancel,12132,,,1683872753
cancel,16475,,,1683872753
cancel,19066,,,1683872753
cancel,24957,,,1683872753
newOrder,16475,0,7721,1683872780
newOrder,19066,1,7721,1683872780
newOrder,12134,0,4705,1683872780
cancel,12134,,,1683873353
cancel,16475,,,1683873353
cancel,19066,,,1683873353
newOrder,16475,0,7721,1683873382
newOrder,19066,1,7721,1683873382
newOrder,12002,0,30258,1683873382
newOrder,24957,1,30258,1683873382
cancel,12002,,,1683873955
cancel,16475,,,1683873955
cancel,19066,,,1683873955
cancel,24957,,,1683873955
newOrder,16449,0,7688,1683873984
newOrder,19066,1,7688,1683873984
newOrder,9869,0,37566,1683873984
newOrder,24999,1,37566,1683873984
cancel,9869,,,1683874554
cancel,16449,,,1683874554
cancel,19066,,,1683874554
cancel,24999,,,1683874554
newOrder,16473,0,7720,1683874583
newOrder,19066,1,7720,1683874583
newOrder,12132,0,13262,1683874583
newOrder,24957,1,13262,1683874583
cancel,12132,,,1683875154
cancel,16473,,,1683875154
cancel,19066,,,1683875154
cancel,24957,,,1683875154
newOrder,16449,0,7689,1683875181
newOrder,19066,1,7689,1683875181
newOrder,12001,0,31646,1683875181
newOrder,24957,1,31646,1683875181
cancel,12001,,,1683875754
cancel,16449,,,1683875754
cancel,19066,,,1683875754
cancel,24957,,,1683875754
newOrder,16473,0,7721,1683875782
newOrder,19066,1,7721,1683875782
newOrder,12001,0,31056,1683875782
newOrder,24957,1,31056,1683875782
cancel,12001,,,1683876353
cancel,16473,,,1683876353
cancel,19066,,,1683876353
cancel,24957,,,1683876353
newOrder,16473,0,7722,1683876380
newOrder,19066,1,7722,1683876380
newOrder,12135,0,11009,1683876380
newOrder,24957,1,11009,1683876380
cancel,12135,,,1683876954
cancel,16473,,,1683876954
cancel,19066,,,1683876954
cancel,24957,,,1683876954
newOrder,16473,0,7723,1683876981
newOrder,19066,1,7723,1683876981
newOrder,12126,0,26307,1683876981
newOrder,24957,1,26307,1683876981
cancel,12126,,,1683877553
cancel,16473,,,1683877553
cancel,19066,,,1683877553
cancel,24957,,,1683877553
newOrder,16473,0,7723,1683877582
newOrder,19066,1,7723,1683877582
newOrder,9884,0,41690,1683877582
newOrder,24999,1,41690,1683877582
cancel,9884,,,1683878153
cancel,16473,,,1683878153
cancel,19066,,,1683878153
cancel,24999,,,1683878153
newOrder,16473,0,7724,1683878182
newOrder,19066,1,7724,1683878182
newOrder,12137,0,20398,1683878182
newOrder,24957,1,20398,1683878182
cancel,12137,,,1683878753
cancel,16473,,,1683878753
cancel,19066,,,1683878753
cancel,24957,,,1683878753
newOrder,16473,0,7724,1683878781
newOrder,19066,1,7724,1683878781
newOrder,12137,0,23519,1683878781
newOrder,24957,1,23519,1683878781
cancel,12137,,,1683879353
cancel,16473,,,1683879353
cancel,19066,,,1683879353
cancel,24957,,,1683879353
newOrder,16542,0,7812,1683879381
newOrder,19066,1,7812,1683879381
newOrder,12139,0,7615,1683879381
cancel,12139,,,1683879953
cancel,16542,,,1683879953
cancel,19066,,,1683879953
newOrder,16542,0,7813,1683879982
newOrder,19066,1,7813,1683879982
newOrder,9925,0,33072,1683879982
newOrder,24999,1,33072,1683879982
cancel,9925,,,1683880554
cancel,16542,,,1683880554
cancel,19066,,,1683880554
cancel,24999,,,1683880554
newOrder,16542,0,7813,1683880585
newOrder,19066,1,7813,1683880585
newOrder,12001,0,29768,1683880585
newOrder,24957,1,29768,1683880585
cancel,12001,,,1683881153
cancel,16542,,,1683881153
cancel,19066,,,1683881153
cancel,24957,,,1683881153
newOrder,16542,0,7814,1683881181
newOrder,19066,1,7814,1683881181
newOrder,12137,0,19839,1683881181
newOrder,24957,1,19839,1683881181
cancel,12137,,,1683881754
cancel,16542,,,1683881754
cancel,19066,,,1683881754
cancel,24957,,,1683881754
newOrder,16611,0,7900,1683881781
newOrder,19066,1,7900,1683881781
newOrder,12002,0,27931,1683881781
newOrder,24957,1,27931,1683881781
cancel,12002,,,1683882353
cancel,16611,,,1683882353
cancel,19066,,,1683882353
cancel,24957,,,1683882353
newOrder,16680,0,7983,1683882381
newOrder,19066,1,7983,1683882381
newOrder,12137,0,16716,1683882381
newOrder,24957,1,16716,1683882381
cancel,12137,,,1683882953
cancel,16680,,,1683882953
cancel,19066,,,1683882953
cancel,24957,,,1683882953
newOrder,16680,0,7983,1683882980
newOrder,19066,1,7983,1683882980
newOrder,12137,0,14420,1683882980
newOrder,24957,1,14420,1683882980
cancel,12137,,,1683883554
cancel,16680,,,1683883554
cancel,19066,,,1683883554
cancel,24957,,,1683883554
newOrder,16680,0,7984,1683883582
newOrder,19066,1,7984,1683883582
newOrder,10008,0,41469,1683883582
newOrder,24999,1,41469,1683883582
cancel,10008,,,1683884153
cancel,16680,,,1683884153
cancel,19066,,,1683884153
cancel,24999,,,1683884153
newOrder,16680,0,7985,1683884181
newOrder,19066,1,7985,1683884181
newOrder,12137,0,23721,1683884181
newOrder,24957,1,23721,1683884181
cancel,12137,,,1683884753
cancel,16680,,,1683884753
cancel,19066,,,1683884753
cancel,24957,,,1683884753
newOrder,16680,0,7986,1683884782
newOrder,19066,1,7986,1683884782
newOrder,10008,0,31212,1683884782
newOrder,24957,1,31212,1683884782
cancel,10008,,,1683885353
cancel,16680,,,1683885353
cancel,19066,,,1683885353
cancel,24957,,,1683885353
newOrder,16680,0,7986,1683885383
newOrder,19066,1,7986,1683885383
newOrder,12138,0,8903,1683885383
newOrder,24957,1,8903,1683885383
cancel,12138,,,1683885953
cancel,16680,,,1683885953
cancel,19066,,,1683885953
cancel,24957,,,1683885953
newOrder,16680,0,7987,1683885982
newOrder,19066,1,7987,1683885982
newOrder,12137,0,12068,1683885982
newOrder,24957,1,12068,1683885982
cancel,12137,,,1683886553
cancel,16680,,,1683886553
cancel,19066,,,1683886553
cancel,24957,,,1683886553
newOrder,16680,0,7988,1683886582
newOrder,19066,1,7988,1683886582
newOrder,10008,0,40095,1683886582
newOrder,24999,1,40095,1683886582
cancel,10008,,,1683887153
cancel,16680,,,1683887153
cancel,19066,,,1683887153
cancel,24999,,,1683887153
newOrder,16680,0,7988,1683887183
newOrder,19066,1,7988,1683887183
newOrder,12137,0,11413,1683887183
newOrder,24957,1,11413,1683887183
cancel,12137,,,1683887753
cancel,16680,,,1683887753
cancel,19066,,,1683887753
cancel,24957,,,1683887753
newOrder,16680,0,7989,1683887783
newOrder,19066,1,7989,1683887783
newOrder,12001,0,29941,1683887783
newOrder,24957,1,29941,1683887783
cancel,12001,,,1683888354
cancel,16680,,,1683888354
cancel,19066,,,1683888354
cancel,24957,,,1683888354
newOrder,16680,0,7990,1683888380
newOrder,19066,1,7990,1683888380
newOrder,12140,0,7183,1683888380
cancel,12140,,,1683888953
cancel,16680,,,1683888953
cancel,19066,,,1683888953
newOrder,16714,0,8031,1683888982
newOrder,19066,1,8031,1683888982
newOrder,12138,0,9179,1683888982
newOrder,24957,1,9179,1683888982
cancel,12138,,,1683889553
cancel,16714,,,1683889553
cancel,19066,,,1683889553
cancel,24957,,,1683889553
newOrder,16714,0,8032,1683889582
newOrder,19066,1,8032,1683889582
newOrder,12137,0,16801,1683889582
newOrder,24957,1,16801,1683889582
cancel,12137,,,1683890153
cancel,16714,,,1683890153
cancel,19066,,,1683890153
cancel,24957,,,1683890153
newOrder,16714,0,8033,1683890182
newOrder,19066,1,8033,1683890182
newOrder,12138,0,9265,1683890182
newOrder,24957,1,9265,1683890182
cancel,12138,,,1683890754
cancel,16714,,,1683890754
cancel,19066,,,1683890754
cancel,24957,,,1683890754
newOrder,16714,0,8033,1683890782
newOrder,19066,1,8033,1683890782
newOrder,12001,0,29763,1683890782
newOrder,24957,1,29763,1683890782
cancel,12001,,,1683891354
cancel,16714,,,1683891354
cancel,19066,,,1683891354
cancel,24957,,,1683891354
newOrder,16714,0,8034,1683891382
newOrder,19066,1,8034,1683891382
newOrder,12001,0,30520,1683891382
newOrder,24957,1,30520,1683891382
cancel,12001,,,1683891952
cancel,16714,,,1683891952
cancel,19066,,,1683891952
cancel,24957,,,1683891952
newOrder,16714,0,8035,1683891984
newOrder,19066,1,8035,1683891984
newOrder,10029,0,38367,1683891984
newOrder,24999,1,38367,1683891984
cancel,10029,,,1683892553
cancel,16714,,,1683892553
cancel,19066,,,1683892553
cancel,24999,,,1683892553
newOrder,16714,0,8036,1683892581
newOrder,19066,1,8036,1683892581
newOrder,12137,0,19451,1683892581
newOrder,24957,1,19451,1683892581
cancel,12137,,,1683893153
cancel,16714,,,1683893153
cancel,19066,,,1683893153
cancel,24957,,,1683893153
newOrder,16714,0,8036,1683893182
newOrder,19066,1,8036,1683893182
newOrder,12137,0,21512,1683893182
newOrder,24957,1,21512,1683893182