instruction,price,side,qty,time
cancel,10698,,,1688904941
cancel,17830,,,1688904941
cancel,18075,,,1688904941
cancel,24999,,,1688904941
newOrder,17830,0,10249,1688904964
newOrder,18075,1,10249,1688904964
newOrder,12204,0,12309,1688904964
newOrder,24999,1,12309,1688904964
cancel,12204,,,1688905542
cancel,17830,,,1688905542
cancel,18075,,,1688905542
cancel,24999,,,1688905542
newOrder,17830,0,10251,1688905564
newOrder,18075,1,10251,1688905564
newOrder,10698,0,36796,1688905564
newOrder,24999,1,36796,1688905564
cancel,10698,,,1688906142
cancel,17830,,,1688906142
cancel,18075,,,1688906142
cancel,24999,,,1688906142
newOrder,17830,0,10252,1688906164
newOrder,18075,1,10252,1688906164
newOrder,10698,0,44665,1688906164
newOrder,24999,1,44665,1688906164
cancel,10698,,,1688906742
cancel,17830,,,1688906742
cancel,18075,,,1688906742
cancel,24999,,,1688906742
newOrder,17830,0,10254,1688906767
newOrder,18075,1,10254,1688906767
newOrder,15401,0,8709,1688906767
newOrder,19999,1,8709,1688906767
cancel,15401,,,1688907341
cancel,17830,,,1688907341
cancel,18075,,,1688907341
cancel,19999,,,1688907341
newOrder,17840,0,10252,1688907364
newOrder,18075,1,10252,1688907364
newOrder,12204,0,13733,1688907364
newOrder,24999,1,13733,1688907364
cancel,12204,,,1688907935
cancel,17840,,,1688907935
cancel,18075,,,1688907935
cancel,24999,,,1688907935
newOrder,17840,0,10255,1688908562
newOrder,18075,1,10255,1688908562
newOrder,12204,0,15630,1688908562
newOrder,24999,1,15630,1688908562
cancel,12204,,,1688909142
cancel,17840,,,1688909142
cancel,18075,,,1688909142
cancel,24999,,,1688909142
newOrder,17840,0,10257,1688909165
newOrder,18075,1,10257,1688909165
newOrder,10704,0,35412,1688909165
newOrder,24999,1,35412,1688909165
cancel,10704,,,1688909742
cancel,17840,,,1688909742
cancel,18075,,,1688909742
cancel,24999,,,1688909742
newOrder,17840,0,10258,1688909766
newOrder,18075,1,10258,1688909766
newOrder,12204,0,18934,1688909766
newOrder,24999,1,18934,1688909766
cancel,12204,,,1688910342
cancel,17840,,,1688910342
cancel,18075,,,1688910342
cancel,24999,,,1688910342
newOrder,17840,0,10260,1688910364
newOrder,18075,1,10260,1688910364
newOrder,12162,0,20529,1688910364
newOrder,24999,1,20529,1688910364
cancel,12162,,,1688910942
cancel,17840,,,1688910942
cancel,18075,,,1688910942
cancel,24999,,,1688910942
newOrder,17840,0,10261,1688910966
newOrder,18075,1,10261,1688910966
newOrder,10704,0,32992,1688910966
newOrder,24999,1,32992,1688910966
cancel,10704,,,1688911542
cancel,17840,,,1688911542
cancel,18075,,,1688911542
cancel,24999,,,1688911542
newOrder,17840,0,10263,1688911565
newOrder,18075,1,10263,1688911565
newOrder,10704,0,54957,1688911565
newOrder,24999,1,54957,1688911565
cancel,10704,,,1688912142
cancel,17840,,,1688912142
cancel,18075,,,1688912142
cancel,24999,,,1688912142
newOrder,17840,0,10265,1688912167
newOrder,18075,1,10265,1688912167
newOrder,10704,0,46137,1688912167
newOrder,24999,1,46137,1688912167
cancel,10704,,,1688912742
cancel,17840,,,1688912742
cancel,18075,,,1688912742
cancel,24999,,,1688912742
newOrder,17840,0,10266,1688912763
newOrder,18075,1,10266,1688912763
newOrder,10704,0,47403,1688912763
newOrder,24999,1,47403,1688912763
cancel,10704,,,1688913346
cancel,17840,,,1688913346
cancel,18075,,,1688913346
cancel,24999,,,1688913346
newOrder,17840,0,10268,1688913370
newOrder,18075,1,10268,1688913370
newOrder,10704,0,34770,1688913370
newOrder,24999,1,34770,1688913370
cancel,10704,,,1688913942
cancel,17840,,,1688913942
cancel,18075,,,1688913942
cancel,24999,,,1688913942
newOrder,17840,0,10270,1688913963
newOrder,18075,1,10270,1688913963
newOrder,10704,0,46257,1688913963
newOrder,24999,1,46257,1688913963
cancel,10704,,,1688914543
cancel,17840,,,1688914543
cancel,18075,,,1688914543
cancel,24999,,,1688914543
newOrder,17840,0,10271,1688914565
newOrder,18075,1,10271,1688914565
newOrder,10704,0,32216,1688914565
newOrder,24999,1,32216,1688914565
cancel,10704,,,1688915143
cancel,17840,,,1688915143
cancel,18075,,,1688915143
cancel,24999,,,1688915143
newOrder,17831,0,10276,1688915166
newOrder,18075,1,10276,1688915166
newOrder,10699,0,43119,1688915166
newOrder,24999,1,43119,1688915166
cancel,10699,,,1688915742
cancel,17831,,,1688915742
cancel,18075,,,1688915742
cancel,24999,,,1688915742
newOrder,17831,0,10278,1688915767
newOrder,18075,1,10278,1688915767
newOrder,10699,0,30032,1688915767
newOrder,24999,1,30032,1688915767
cancel,10699,,,1688916342
cancel,17831,,,1688916342
cancel,18075,,,1688916342
cancel,24999,,,1688916342
newOrder,17822,0,10282,1688916365
newOrder,18075,1,10282,1688916365
newOrder,10693,0,48947,1688916365
newOrder,24999,1,48947,1688916365
cancel,10693,,,1688916941
cancel,17822,,,1688916941
cancel,18075,,,1688916941
cancel,24999,,,1688916941
newOrder,17822,0,10284,1688916965
newOrder,18075,1,10284,1688916965
newOrder,15401,0,7006,1688916965
newOrder,19999,1,7006,1688916965
cancel,15401,,,1688917541
cancel,17822,,,1688917541
cancel,18075,,,1688917541
cancel,19999,,,1688917541
newOrder,17822,0,10286,1688917567
newOrder,18075,1,10286,1688917567
newOrder,10693,0,27954,1688917567
newOrder,24999,1,27954,1688917567
cancel,10693,,,1688918146
cancel,17822,,,1688918146
cancel,18075,,,1688918146
cancel,24999,,,1688918146
newOrder,17804,0,10293,1688918169
newOrder,18075,1,10293,1688918169
newOrder,10682,0,33832,1688918169
newOrder,24999,1,33832,1688918169
cancel,10682,,,1688918742
cancel,17804,,,1688918742
cancel,18075,,,1688918742
cancel,24999,,,1688918742
newOrder,17803,0,10295,1688918765
newOrder,18075,1,10295,1688918765
newOrder,10682,0,51755,1688918765
newOrder,24999,1,51755,1688918765
cancel,10682,,,1688919342
cancel,17803,,,1688919342
cancel,18075,,,1688919342
cancel,24999,,,1688919342
newOrder,17803,0,10297,1688919366
newOrder,18075,1,10297,1688919366
newOrder,15401,0,9656,1688919366
newOrder,19999,1,9656,1688919366
cancel,15401,,,1688919942
cancel,17803,,,1688919942
cancel,18075,,,1688919942
cancel,19999,,,1688919942
newOrder,17803,0,10299,1688919964
newOrder,18075,1,10299,1688919964
newOrder,15401,0,8698,1688919964
newOrder,19999,1,8698,1688919964
cancel,15401,,,1688920542
cancel,17803,,,1688920542
cancel,18075,,,1688920542
cancel,19999,,,1688920542
newOrder,17803,0,10300,1688920564
newOrder,18075,1,10300,1688920564
newOrder,10682,0,27282,1688920564
newOrder,24999,1,27282,1688920564
cancel,10682,,,1688921142
cancel,17803,,,1688921142
cancel,18075,,,1688921142
cancel,24999,,,1688921142
newOrder,17925,0,10229,1688921164
newOrder,18134,1,10229,1688921164
newOrder,10755,0,53978,1688921164
newOrder,24999,1,53978,1688921164
cancel,10755,,,1688921742
cancel,17925,,,1688921742
cancel,18134,,,1688921742
cancel,24999,,,1688921742
newOrder,17925,0,10231,1688921766
newOrder,18134,1,10231,1688921766
newOrder,12013,0,22184,1688921766
newOrder,24999,1,22184,1688921766
cancel,12013,,,1688922342
cancel,17925,,,1688922342
cancel,18134,,,1688922342
cancel,24999,,,1688922342
newOrder,17925,0,10232,1688922366
newOrder,18134,1,10232,1688922366
newOrder,10755,0,38968,1688922366
newOrder,24999,1,38968,1688922366
cancel,10755,,,1688922942
cancel,17925,,,1688922942
cancel,18134,,,1688922942
cancel,24999,,,1688922942
newOrder,17925,0,10234,1688922964
newOrder,18134,1,10234,1688922964
newOrder,10755,0,46567,1688922964
newOrder,24999,1,46567,1688922964
cancel,10755,,,1688923542
cancel,17925,,,1688923542
cancel,18134,,,1688923542
cancel,24999,,,1688923542
newOrder,17925,0,10235,1688923565
newOrder,18134,1,10235,1688923565
newOrder,12204,0,13976,1688923565
newOrder,24999,1,13976,1688923565
cancel,12204,,,1688924142
cancel,17925,,,1688924142
cancel,18134,,,1688924142
cancel,24999,,,1688924142
newOrder,17925,0,10237,1688924164
newOrder,18134,1,10237,1688924164
newOrder,12204,0,13127,1688924164
newOrder,24999,1,13127,1688924164
cancel,12204,,,1688924742
cancel,17925,,,1688924742
cancel,18134,,,1688924742
cancel,24999,,,1688924742
newOrder,17925,0,10239,1688924765
newOrder,18134,1,10239,1688924765
newOrder,10755,0,24370,1688924765
newOrder,24999,1,24370,1688924765
cancel,10755,,,1688925342
cancel,17925,,,1688925342
cancel,18134,,,1688925342
cancel,24999,,,1688925342
newOrder,17925,0,10240,1688925365
newOrder,18134,1,10240,1688925365
newOrder,10755,0,52484,1688925365
newOrder,24999,1,52484,1688925365
cancel,10755,,,1688925942
cancel,17925,,,1688925942
cancel,18134,,,1688925942
cancel,24999,,,1688925942
newOrder,17925,0,10242,1688925965
newOrder,18134,1,10242,1688925965
newOrder,10755,0,53166,1688925965
newOrder,24999,1,53166,1688925965
cancel,10755,,,1688926542
cancel,17925,,,1688926542
cancel,18134,,,1688926542
cancel,24999,,,1688926542
newOrder,17925,0,10244,1688926564
newOrder,18134,1,10244,1688926564
newOrder,10755,0,52977,1688926564
newOrder,24999,1,52977,1688926564
cancel,10755,,,1688927142
cancel,17925,,,1688927142
cancel,18134,,,1688927142
cancel,24999,,,1688927142
newOrder,17925,0,10245,1688927166
newOrder,18134,1,10245,1688927166
newOrder,10755,0,38810,1688927166
newOrder,24999,1,38810,1688927166
cancel,10755,,,1688927742
cancel,17925,,,1688927742
cancel,18134,,,1688927742
cancel,24999,,,1688927742
newOrder,17925,0,10247,1688927764
newOrder,18134,1,10247,1688927764
newOrder,10755,0,44269,1688927764
newOrder,24999,1,44269,1688927764
cancel,10755,,,1688928342
cancel,17925,,,1688928342
cancel,18134,,,1688928342
cancel,24999,,,1688928342
newOrder,17925,0,10248,1688928365
newOrder,18134,1,10248,1688928365
newOrder,12204,0,17045,1688928365
newOrder,24999,1,17045,1688928365
cancel,12204,,,1688928942
cancel,17925,,,1688928942
cancel,18134,,,1688928942
cancel,24999,,,1688928942
newOrder,17925,0,10250,1688928965
newOrder,18134,1,10250,1688928965
newOrder,10755,0,33428,1688928965
newOrder,24999,1,33428,1688928965
cancel,10755,,,1688929542
cancel,17925,,,1688929542
cancel,18134,,,1688929542
cancel,24999,,,1688929542
newOrder,17925,0,10252,1688929565
newOrder,18134,1,10252,1688929565
newOrder,15401,0,8603,1688929565
newOrder,19999,1,8603,1688929565
cancel,15401,,,1688930142
cancel,17925,,,1688930142
cancel,18134,,,1688930142
cancel,19999,,,1688930142
newOrder,17925,0,10253,1688930165
newOrder,18134,1,10253,1688930165
newOrder,10755,0,42561,1688930165
newOrder,24999,1,42561,1688930165
cancel,10755,,,1688930742
cancel,17925,,,1688930742
cancel,18134,,,1688930742
cancel,24999,,,1688930742
newOrder,17925,0,10255,1688930766
newOrder,18134,1,10255,1688930766
newOrder,10755,0,50826,1688930766
newOrder,24999,1,50826,1688930766
cancel,10755,,,1688931342
cancel,17925,,,1688931342
cancel,18134,,,1688931342
cancel,24999,,,1688931342
newOrder,17925,0,10221,1688931364
newOrder,18206,1,10221,1688931364
newOrder,10755,0,51922,1688931364
newOrder,24999,1,51922,1688931364
cancel,10755,,,1688931941
cancel,17925,,,1688931941
cancel,18206,,,1688931941
cancel,24999,,,1688931941
newOrder,17925,0,10222,1688931963
newOrder,18206,1,10222,1688931963
newOrder,10755,0,39634,1688931963
newOrder,24999,1,39634,1688931963
cancel,10755,,,1688932542
cancel,17925,,,1688932542
cancel,18206,,,1688932542
cancel,24999,,,1688932542
newOrder,17925,0,10224,1688932565
newOrder,18206,1,10224,1688932565
newOrder,10755,0,46295,1688932565
newOrder,24999,1,46295,1688932565
cancel,10755,,,1688933142
cancel,17925,,,1688933142
cancel,18206,,,1688933142
cancel,24999,,,1688933142
newOrder,17925,0,10226,1688933165
newOrder,18206,1,10226,1688933165
newOrder,12204,0,14277,1688933165
newOrder,24999,1,14277,1688933165
cancel,12204,,,1688933742
cancel,17925,,,1688933742
cancel,18206,,,1688933742
cancel,24999,,,1688933742
newOrder,17925,0,10227,1688933765
newOrder,18206,1,10227,1688933765
newOrder,10755,0,37016,1688933765
newOrder,24999,1,37016,1688933765
cancel,10755,,,1688934342
cancel,17925,,,1688934342
cancel,18206,,,1688934342
cancel,24999,,,1688934342
newOrder,17925,0,10229,1688934364
newOrder,18206,1,10229,1688934364
newOrder,10755,0,43865,1688934364
newOrder,24999,1,43865,1688934364
cancel,10755,,,1688934943
cancel,17925,,,1688934943
cancel,18206,,,1688934943
cancel,24999,,,1688934943
newOrder,17925,0,10235,1688934965
newOrder,18197,1,10235,1688934965
newOrder,10755,0,44844,1688934965
newOrder,24999,1,44844,1688934965
cancel,10755,,,1688935542
cancel,17925,,,1688935542
cancel,18197,,,1688935542
cancel,24999,,,1688935542
newOrder,17925,0,10237,1688935565
newOrder,18197,1,10237,1688935565
newOrder,10755,0,24126,1688935565
newOrder,24999,1,24126,1688935565
cancel,10755,,,1688936142
cancel,17925,,,1688936142
cancel,18197,,,1688936142
cancel,24999,,,1688936142
newOrder,17925,0,10239,1688936165
newOrder,18197,1,10239,1688936165
newOrder,12162,0,20671,1688936165
newOrder,24999,1,20671,1688936165
cancel,12162,,,1688936599
cancel,17925,,,1688936599
cancel,18197,,,1688936599
cancel,24999,,,1688936599
newOrder,17842,0,10327,1688936607
newOrder,18083,1,10327,1688936607
newOrder,10705,0,54165,1688936607
newOrder,24999,1,54165,1688936607
cancel,10705,,,1688936663
cancel,17842,,,1688936663
cancel,18083,,,1688936663
cancel,24999,,,1688936663
newOrder,17752,0,10356,1688936671
newOrder,18090,1,10356,1688936671
newOrder,10651,0,28475,1688936671
newOrder,24999,1,28475,1688936671
cancel,10651,,,1688936742
cancel,17752,,,1688936742
cancel,18090,,,1688936742
cancel,24999,,,1688936742
newOrder,17925,0,10240,1688936766
newOrder,18197,1,10240,1688936766
newOrder,10755,0,33327,1688936766
newOrder,24999,1,33327,1688936766
cancel,10755,,,1688937342
cancel,17925,,,1688937342
cancel,18197,,,1688937342
cancel,24999,,,1688937342
newOrder,17925,0,10242,1688937364
newOrder,18197,1,10242,1688937364
newOrder,12204,0,18335,1688937364
newOrder,24999,1,18335,1688937364
cancel,12204,,,1688937942
cancel,17925,,,1688937942
cancel,18197,,,1688937942
cancel,24999,,,1688937942
newOrder,17925,0,10243,1688937965
newOrder,18197,1,10243,1688937965
newOrder,10755,0,37246,1688937965
newOrder,24999,1,37246,1688937965
cancel,10755,,,1688938542
cancel,17925,,,1688938542
cancel,18197,,,1688938542
cancel,24999,,,1688938542
newOrder,17925,0,10245,1688938564
newOrder,18197,1,10245,1688938564
newOrder,10755,0,53683,1688938564
newOrder,24999,1,53683,1688938564
cancel,10755,,,1688939142
cancel,17925,,,1688939142
cancel,18197,,,1688939142
cancel,24999,,,1688939142
newOrder,17925,0,10247,1688939166
newOrder,18197,1,10247,1688939166
newOrder,12162,0,21723,1688939166
newOrder,24999,1,21723,1688939166
cancel,12162,,,1688939742
cancel,17925,,,1688939742
cancel,18197,,,1688939742
cancel,24999,,,1688939742
newOrder,17925,0,10248,1688939765
newOrder,18197,1,10248,1688939765
newOrder,12162,0,21538,1688939765
newOrder,24999,1,21538,1688939765
cancel,12162,,,1688940342
cancel,17925,,,1688940342
cancel,18197,,,1688940342
cancel,24999,,,1688940342
newOrder,17925,0,10250,1688940364
newOrder,18197,1,10250,1688940364
newOrder,10755,0,39096,1688940364
newOrder,24999,1,39096,1688940364
cancel,10755,,,1688940942
cancel,17925,,,1688940942
cancel,18197,,,1688940942
cancel,24999,,,1688940942
newOrder,17925,0,10256,1688940964
newOrder,18188,1,10256,1688940964
newOrder,12204,0,18399,1688940964
newOrder,24999,1,18399,1688940964
cancel,12204,,,1688941542
cancel,17925,,,1688941542
cancel,18188,,,1688941542
cancel,24999,,,1688941542
newOrder,17925,0,10258,1688941564
newOrder,18188,1,10258,1688941564
newOrder,10755,0,37735,1688941564
newOrder,24999,1,37735,1688941564
cancel,10755,,,1688942143
cancel,17925,,,1688942143
cancel,18188,,,1688942143
cancel,24999,,,1688942143
newOrder,17925,0,10260,1688942166
newOrder,18188,1,10260,1688942166
newOrder,10755,0,47796,1688942166
newOrder,24999,1,47796,1688942166
cancel,10755,,,1688942743
cancel,17925,,,1688942743
cancel,18188,,,1688942743
cancel,24999,,,1688942743
newOrder,17925,0,10261,1688942765
newOrder,18188,1,10261,1688942765
newOrder,12204,0,16124,1688942765
newOrder,24999,1,16124,1688942765
cancel,12204,,,1688943343
cancel,17925,,,1688943343
cancel,18188,,,1688943343
cancel,24999,,,1688943343
newOrder,17925,0,10263,1688943365
newOrder,18188,1,10263,1688943365
newOrder,10755,0,25514,1688943365
newOrder,24999,1,25514,1688943365
cancel,10755,,,1688943942
cancel,17925,,,1688943942
cancel,18188,,,1688943942
cancel,24999,,,1688943942
newOrder,17925,0,10265,1688943965
newOrder,18188,1,10265,1688943965
newOrder,10755,0,27709,1688943965
newOrder,24999,1,27709,1688943965
cancel,10755,,,1688944543
cancel,17925,,,1688944543
cancel,18188,,,1688944543
cancel,24999,,,1688944543
newOrder,17925,0,10266,1688944567
newOrder,18188,1,10266,1688944567
newOrder,10755,0,51284,1688944567
newOrder,24999,1,51284,1688944567
cancel,10755,,,1688945142
cancel,17925,,,1688945142
cancel,18188,,,1688945142
cancel,24999,,,1688945142
newOrder,17925,0,10268,1688945164
newOrder,18187,1,10268,1688945164
newOrder,12204,0,11693,1688945164
newOrder,23999,1,11693,1688945164
cancel,12204,,,1688945742
cancel,17925,,,1688945742
cancel,18187,,,1688945742
cancel,23999,,,1688945742
newOrder,17925,0,10270,1688945764
newOrder,18187,1,10270,1688945764
newOrder,10755,0,40747,1688945764
newOrder,24999,1,40747,1688945764
cancel,10755,,,1688946342
cancel,17925,,,1688946342
cancel,18187,,,1688946342
cancel,24999,,,1688946342
newOrder,17925,0,10271,1688946365
newOrder,18187,1,10271,1688946365
newOrder,10755,0,51762,1688946365
newOrder,24999,1,51762,1688946365
cancel,10755,,,1688946941
cancel,17925,,,1688946941
cancel,18187,,,1688946941
cancel,24999,,,1688946941
newOrder,17925,0,10273,1688946966
newOrder,18187,1,10273,1688946966
newOrder,12204,0,17053,1688946966
newOrder,24999,1,17053,1688946966
cancel,12204,,,1688947542
cancel,17925,,,1688947542
cancel,18187,,,1688947542
cancel,24999,,,1688947542
newOrder,17925,0,10275,1688947564
newOrder,18187,1,10275,1688947564
newOrder,10755,0,34431,1688947564
newOrder,24999,1,34431,1688947564
cancel,10755,,,1688948142
cancel,17925,,,1688948142
cancel,18187,,,1688948142
cancel,24999,,,1688948142
newOrder,17925,0,10277,1688948164
newOrder,18186,1,10277,1688948164
newOrder,10755,0,46129,1688948164
newOrder,24999,1,46129,1688948164
cancel,10755,,,1688948742
cancel,17925,,,1688948742
cancel,18186,,,1688948742
cancel,24999,,,1688948742
newOrder,17925,0,10283,1688948765
newOrder,18177,1,10283,1688948765
newOrder,10755,0,42945,1688948765
newOrder,24999,1,42945,1688948765
cancel,10755,,,1688949342
cancel,17925,,,1688949342
cancel,18177,,,1688949342
cancel,24999,,,1688949342
newOrder,17925,0,10285,1688949365
newOrder,18177,1,10285,1688949365
newOrder,12204,0,12592,1688949365
newOrder,24999,1,12592,1688949365
cancel,12204,,,1688949942
cancel,17925,,,1688949942
cancel,18177,,,1688949942
cancel,24999,,,1688949942
newOrder,17925,0,10286,1688949966
newOrder,18177,1,10286,1688949966
newOrder,10755,0,40401,1688949966
newOrder,24999,1,40401,1688949966
cancel,10755,,,1688950542
cancel,17925,,,1688950542
cancel,18177,,,1688950542
cancel,24999,,,1688950542
newOrder,17925,0,10288,1688950565
newOrder,18177,1,10288,1688950565
newOrder,10755,0,32016,1688950565
newOrder,24999,1,32016,1688950565
cancel,10755,,,1688951142
cancel,17925,,,1688951142
cancel,18177,,,1688951142
cancel,24999,,,1688951142
newOrder,17925,0,10289,1688951164
newOrder,18177,1,10289,1688951164
newOrder,10755,0,52429,1688951164
newOrder,24999,1,52429,1688951164
cancel,10755,,,1688951741
cancel,17925,,,1688951741
cancel,18177,,,1688951741
cancel,24999,,,1688951741
newOrder,17925,0,10291,1688951764
newOrder,18177,1,10291,1688951764
newOrder,10755,0,40771,1688951764
newOrder,24999,1,40771,1688951764
cancel,10755,,,1688952341
cancel,17925,,,1688952341
cancel,18177,,,1688952341
cancel,24999,,,1688952341
newOrder,17925,0,10293,1688952364
newOrder,18177,1,10293,1688952364
newOrder,10755,0,36588,1688952364
newOrder,24999,1,36588,1688952364
cancel,10755,,,1688952941
cancel,17925,,,1688952941
cancel,18177,,,1688952941
cancel,24999,,,1688952941
newOrder,17925,0,10294,1688952964
newOrder,18177,1,10294,1688952964
newOrder,10755,0,24946,1688952964
newOrder,24999,1,24946,1688952964
cancel,10755,,,1688953543
cancel,17925,,,1688953543
cancel,18177,,,1688953543
cancel,24999,,,1688953543
newOrder,17925,0,10296,1688953565
newOrder,18177,1,10296,1688953565
newOrder,15401,0,7929,1688953565
newOrder,19999,1,7929,1688953565
cancel,15401,,,1688954142
cancel,17925,,,1688954142
cancel,18177,,,1688954142
cancel,19999,,,1688954142
newOrder,17925,0,10298,1688954166
newOrder,18177,1,10298,1688954166
newOrder,10755,0,52269,1688954166
newOrder,24999,1,52269,1688954166
cancel,10755,,,1688954742
cancel,17925,,,1688954742
cancel,18177,,,1688954742
cancel,24999,,,1688954742
newOrder,17925,0,10299,1688954764
newOrder,18177,1,10299,1688954764
newOrder,10755,0,52146,1688954764
newOrder,24999,1,52146,1688954764
cancel,10755,,,1688955341
cancel,17925,,,1688955341
cancel,18177,,,1688955341
cancel,24999,,,1688955341
newOrder,17925,0,10301,1688955364
newOrder,18177,1,10301,1688955364
newOrder,15401,0,10589,1688955364
newOrder,19999,1,10589,1688955364
cancel,15401,,,1688955943
cancel,17925,,,1688955943
cancel,18177,,,1688955943
cancel,19999,,,1688955943
newOrder,17925,0,10303,1688955965
newOrder,18177,1,10303,1688955965
newOrder,10755,0,43307,1688955965
newOrder,24999,1,43307,1688955965
cancel,10755,,,1688956543
cancel,17925,,,1688956543
cancel,18177,,,1688956543
cancel,24999,,,1688956543
newOrder,17925,0,10304,1688956565
newOrder,18177,1,10304,1688956565
newOrder,12204,0,19291,1688956565
newOrder,24999,1,19291,1688956565
cancel,12204,,,1688957142
cancel,17925,,,1688957142
cancel,18177,,,1688957142
cancel,24999,,,1688957142
newOrder,17925,0,10306,1688957166
newOrder,18177,1,10306,1688957166
newOrder,10755,0,53830,1688957166
newOrder,24999,1,53830,1688957166
cancel,10755,,,1688957742
cancel,17925,,,1688957742
cancel,18177,,,1688957742
cancel,24999,,,1688957742
newOrder,17925,0,10308,1688957767
newOrder,18177,1,10308,1688957767
newOrder,15401,0,7579,1688957767
newOrder,19999,1,7579,1688957767
cancel,15401,,,1688958342
cancel,17925,,,1688958342
cancel,18177,,,1688958342
cancel,19999,,,1688958342
newOrder,17925,0,10309,1688958366
newOrder,18177,1,10309,1688958366
newOrder,10755,0,24847,1688958366
newOrder,24999,1,24847,1688958366
cancel,10755,,,1688958942
cancel,17925,,,1688958942
cancel,18177,,,1688958942
cancel,24999,,,1688958942
newOrder,17925,0,10311,1688958964
newOrder,18177,1,10311,1688958964
newOrder,10755,0,24149,1688958964
newOrder,24999,1,24149,1688958964
cancel,10755,,,1688959543
cancel,17925,,,1688959543
cancel,18177,,,1688959543
cancel,24999,,,1688959543
newOrder,17925,0,10313,1688959565
newOrder,18177,1,10313,1688959565
newOrder,10755,0,36703,1688959565
newOrder,24999,1,36703,1688959565
cancel,10755,,,1688960142
cancel,17925,,,1688960142
cancel,18177,,,1688960142
cancel,24999,,,1688960142
newOrder,17925,0,10314,1688960165
newOrder,18177,1,10314,1688960165
newOrder,12204,0,12396,1688960165
newOrder,24999,1,12396,1688960165
cancel,12204,,,1688960742
cancel,17925,,,1688960742
cancel,18177,,,1688960742
cancel,24999,,,1688960742
newOrder,17925,0,10316,1688960764
newOrder,18177,1,10316,1688960764
newOrder,10755,0,40195,1688960764
newOrder,24999,1,40195,1688960764
cancel,10755,,,1688961342
cancel,17925,,,1688961342
cancel,18177,,,1688961342
cancel,24999,,,1688961342
newOrder,17925,0,10318,1688961367
newOrder,18177,1,10318,1688961367
newOrder,10755,0,39836,1688961367
newOrder,24999,1,39836,1688961367
cancel,10755,,,1688961942
cancel,17925,,,1688961942
cancel,18177,,,1688961942
cancel,24999,,,1688961942
newOrder,17925,0,10319,1688961965
newOrder,18177,1,10319,1688961965
newOrder,10755,0,29964,1688961965
newOrder,24999,1,29964,1688961965
cancel,10755,,,1688962542
cancel,17925,,,1688962542
cancel,18177,,,1688962542
cancel,24999,,,1688962542
newOrder,17925,0,10321,1688962564
newOrder,18177,1,10321,1688962564
newOrder,10755,0,55303,1688962564
newOrder,24999,1,55303,1688962564
cancel,10755,,,1688963142
cancel,17925,,,1688963142
cancel,18177,,,1688963142
cancel,24999,,,1688963142
newOrder,17925,0,10323,1688963163
newOrder,18177,1,10323,1688963163
newOrder,10755,0,34375,1688963163
newOrder,24999,1,34375,1688963163
cancel,10755,,,1688963742
cancel,17925,,,1688963742
cancel,18177,,,1688963742
cancel,24999,,,1688963742
newOrder,17925,0,10304,1688963763
newOrder,18216,1,10304,1688963763
newOrder,10755,0,52315,1688963763
newOrder,24999,1,52315,1688963763
cancel,10755,,,1688964342
cancel,17925,,,1688964342
cancel,18216,,,1688964342
cancel,24999,,,1688964342
newOrder,17925,0,10306,1688964364
newOrder,18216,1,10306,1688964364
newOrder,12204,0,18718,1688964364
newOrder,24999,1,18718,1688964364
cancel,12204,,,1688964942
cancel,17925,,,1688964942
cancel,18216,,,1688964942
cancel,24999,,,1688964942
newOrder,17925,0,10307,1688964964
newOrder,18216,1,10307,1688964964
newOrder,10755,0,49345,1688964964
newOrder,24999,1,49345,1688964964
cancel,10755,,,1688965542
cancel,17925,,,1688965542
cancel,18216,,,1688965542
cancel,24999,,,1688965542
newOrder,17925,0,10309,1688965564
newOrder,18216,1,10309,1688965564
newOrder,10755,0,50231,1688965564
newOrder,24999,1,50231,1688965564
cancel,10755,,,1688966142
cancel,17925,,,1688966142
cancel,18216,,,1688966142
cancel,24999,,,1688966142
newOrder,17925,0,10311,1688966164
newOrder,18216,1,10311,1688966164
newOrder,10755,0,43656,1688966164
newOrder,24999,1,43656,1688966164
cancel,10755,,,1688966742
cancel,17925,,,1688966742
cancel,18216,,,1688966742
cancel,24999,,,1688966742
newOrder,17925,0,10312,1688966764
newOrder,18216,1,10312,1688966764
newOrder,12162,0,21916,1688966764
newOrder,24999,1,21916,1688966764
cancel,12162,,,1688967344
cancel,17925,,,1688967344
cancel,18216,,,1688967344
cancel,24999,,,1688967344
newOrder,17925,0,10314,1688967369
newOrder,18216,1,10314,1688967369
newOrder,15401,0,9908,1688967369
newOrder,19999,1,9908,1688967369
cancel,15401,,,1688967942
cancel,17925,,,1688967942
cancel,18216,,,1688967942
cancel,19999,,,1688967942
newOrder,17925,0,10316,1688967964
newOrder,18216,1,10316,1688967964
newOrder,10755,0,27707,1688967964
newOrder,24999,1,27707,1688967964
cancel,10755,,,1688968542
cancel,17925,,,1688968542
cancel,18216,,,1688968542
cancel,24999,,,1688968542
newOrder,17925,0,10317,1688968564
newOrder,18216,1,10317,1688968564
newOrder,10755,0,29828,1688968564
newOrder,24999,1,29828,1688968564
cancel,10755,,,1688969142
cancel,17925,,,1688969142
cancel,18216,,,1688969142
cancel,24999,,,1688969142
newOrder,17925,0,10323,1688969164
newOrder,18208,1,10323,1688969164
newOrder,10755,0,41938,1688969164
newOrder,24999,1,41938,1688969164
cancel,10755,,,1688969744
cancel,17925,,,1688969744
cancel,18208,,,1688969744
cancel,24999,,,1688969744
newOrder,17925,0,10325,1688969767
newOrder,18208,1,10325,1688969767
newOrder,10755,0,40473,1688969767
newOrder,24999,1,40473,1688969767
cancel,10755,,,1688970343
cancel,17925,,,1688970343
cancel,18208,,,1688970343
cancel,24999,,,1688970343
newOrder,17925,0,10326,1688970364
newOrder,18208,1,10326,1688970364
newOrder,10755,0,29264,1688970364
newOrder,24999,1,29264,1688970364
cancel,10755,,,1688970942
cancel,17925,,,1688970942
cancel,18208,,,1688970942
cancel,24999,,,1688970942
newOrder,17925,0,10328,1688970964
newOrder,18208,1,10328,1688970964
newOrder,10755,0,41758,1688970964
newOrder,24999,1,41758,1688970964
cancel,10755,,,1688971542
cancel,17925,,,1688971542
cancel,18208,,,1688971542
cancel,24999,,,1688971542
newOrder,17925,0,10330,1688971564
newOrder,18208,1,10330,1688971564
newOrder,12162,0,20298,1688971564
newOrder,24999,1,20298,1688971564
cancel,12162,,,1688972142
cancel,17925,,,1688972142
cancel,18208,,,1688972142
cancel,24999,,,1688972142
newOrder,17925,0,10331,1688972164
newOrder,18208,1,10331,1688972164
newOrder,15401,0,9152,1688972164
newOrder,19999,1,9152,1688972164
cancel,15401,,,1688972742
cancel,17925,,,1688972742
cancel,18208,,,1688972742
cancel,19999,,,1688972742
newOrder,17925,0,10333,1688972764
newOrder,18208,1,10333,1688972764
newOrder,12204,0,15774,1688972764
newOrder,24999,1,15774,1688972764
cancel,12204,,,1688973342
cancel,17925,,,1688973342
cancel,18208,,,1688973342
cancel,24999,,,1688973342
newOrder,17925,0,10335,1688973365
newOrder,18208,1,10335,1688973365
newOrder,10755,0,24761,1688973365
newOrder,24999,1,24761,1688973365
cancel,10755,,,1688973942
cancel,17925,,,1688973942
cancel,18208,,,1688973942
cancel,24999,,,1688973942
newOrder,17925,0,10336,1688973965
newOrder,18208,1,10336,1688973965
newOrder,10755,0,23450,1688973965
newOrder,24999,1,23450,1688973965
cancel,10755,,,1688974542
cancel,17925,,,1688974542
cancel,18208,,,1688974542
cancel,24999,,,1688974542
newOrder,17925,0,10338,1688974563
newOrder,18208,1,10338,1688974563
newOrder,12204,0,14585,1688974563
newOrder,24999,1,14585,1688974563
cancel,12204,,,1688975143
cancel,17925,,,1688975143
cancel,18208,,,1688975143
cancel,24999,,,1688975143
newOrder,17895,0,10417,1688975167
newOrder,18075,1,10417,1688975167
newOrder,10737,0,38143,1688975167
newOrder,24999,1,38143,1688975167
cancel,10737,,,1688975742
cancel,17895,,,1688975742
cancel,18075,,,1688975742
cancel,24999,,,1688975742
newOrder,17843,0,10439,1688975765
newOrder,18075,1,10439,1688975765
newOrder,10706,0,27369,1688975765
newOrder,24999,1,27369,1688975765
cancel,10706,,,1688976342
cancel,17843,,,1688976342
cancel,18075,,,1688976342
cancel,24999,,,1688976342
newOrder,17843,0,10440,1688976365
newOrder,18075,1,10440,1688976365
newOrder,10706,0,26764,1688976365
newOrder,24999,1,26764,1688976365
cancel,10706,,,1688976942
cancel,17843,,,1688976942
cancel,18075,,,1688976942
cancel,24999,,,1688976942
newOrder,17843,0,10442,1688976965
newOrder,18075,1,10442,1688976965
newOrder,12162,0,20752,1688976965
newOrder,24999,1,20752,1688976965
cancel,12162,,,1688977542
cancel,17843,,,1688977542
cancel,18075,,,1688977542
cancel,24999,,,1688977542
newOrder,17839,0,10445,1688977564
newOrder,18075,1,10445,1688977564
newOrder,10704,0,33065,1688977564
newOrder,24999,1,33065,1688977564
cancel,10704,,,1688978144
cancel,17839,,,1688978144
cancel,18075,,,1688978144
cancel,24999,,,1688978144
newOrder,17839,0,10447,1688978165
newOrder,18075,1,10447,1688978165
newOrder,15401,0,9490,1688978165
newOrder,19999,1,9490,1688978165
cancel,15401,,,1688978772
cancel,17839,,,1688978772
cancel,18075,,,1688978772
cancel,19999,,,1688978772
newOrder,17839,0,10448,1688978795
newOrder,18075,1,10448,1688978795
newOrder,10704,0,31580,1688978795
newOrder,24999,1,31580,1688978795
cancel,10704,,,1688979341
cancel,17839,,,1688979341
cancel,18075,,,1688979341
cancel,24999,,,1688979341
newOrder,17839,0,10450,1688979364
newOrder,18075,1,10450,1688979364
newOrder,10704,0,32062,1688979364
newOrder,24999,1,32062,1688979364
cancel,10704,,,1688979941
cancel,17839,,,1688979941
cancel,18075,,,1688979941
cancel,24999,,,1688979941
newOrder,17839,0,10452,1688979965
newOrder,18075,1,10452,1688979965
newOrder,10704,0,28982,1688979965
newOrder,24999,1,28982,1688979965
cancel,10704,,,1688980542
cancel,17839,,,1688980542
cancel,18075,,,1688980542
cancel,24999,,,1688980542
newOrder,17839,0,10453,1688980565
newOrder,18075,1,10453,1688980565
newOrder,10704,0,34911,1688980565
newOrder,24999,1,34911,1688980565
cancel,10704,,,1688981142
cancel,17839,,,1688981142
cancel,18075,,,1688981142
cancel,24999,,,1688981142
newOrder,17839,0,10455,1688981169
newOrder,18075,1,10455,1688981169
newOrder,15401,0,9780,1688981169
newOrder,19999,1,9780,1688981169
cancel,15401,,,1688981742
cancel,17839,,,1688981742
cancel,18075,,,1688981742
cancel,19999,,,1688981742
newOrder,17839,0,10457,1688981764
newOrder,18075,1,10457,1688981764
newOrder,12204,0,16840,1688981764
newOrder,24999,1,16840,1688981764
cancel,12204,,,1688982342
cancel,17839,,,1688982342
cancel,18075,,,1688982342
cancel,24999,,,1688982342
newOrder,17839,0,10459,1688982364
newOrder,18075,1,10459,1688982364
newOrder,10704,0,40075,1688982364
newOrder,24999,1,40075,1688982364
cancel,10704,,,1688982942
cancel,17839,,,1688982942
cancel,18075,,,1688982942
cancel,24999,,,1688982942
newOrder,17832,0,10463,1688982965
newOrder,18075,1,10463,1688982965
newOrder,10699,0,30557,1688982965
newOrder,24999,1,30557,1688982965
cancel,10699,,,1688983542
cancel,17832,,,1688983542
cancel,18075,,,1688983542
cancel,24999,,,1688983542
newOrder,17832,0,10465,1688983565
newOrder,18075,1,10465,1688983565
newOrder,10699,0,33121,1688983565
newOrder,24999,1,33121,1688983565
cancel,10699,,,1688984143
cancel,17832,,,1688984143
cancel,18075,,,1688984143
cancel,24999,,,1688984143
newOrder,17832,0,10466,1688984168
newOrder,18075,1,10466,1688984168
newOrder,10699,0,53438,1688984168
newOrder,24999,1,53438,1688984168
cancel,10699,,,1688984743
cancel,17832,,,1688984743
cancel,18075,,,1688984743
cancel,24999,,,1688984743
newOrder,17832,0,10468,1688984765
newOrder,18075,1,10468,1688984765
newOrder,12204,0,19155,1688984765
newOrder,24999,1,19155,1688984765
cancel,12204,,,1688985342
cancel,17832,,,1688985342
cancel,18075,,,1688985342
cancel,24999,,,1688985342
newOrder,17832,0,10470,1688985366
newOrder,18075,1,10470,1688985366
newOrder,15401,0,9807,1688985366
newOrder,19999,1,9807,1688985366
cancel,15401,,,1688985942
cancel,17832,,,1688985942
cancel,18075,,,1688985942
cancel,19999,,,1688985942
newOrder,17832,0,10471,1688985965
newOrder,18075,1,10471,1688985965
newOrder,12162,0,20435,1688985965
newOrder,24999,1,20435,1688985965
cancel,12162,,,1688986542
cancel,17832,,,1688986542
cancel,18075,,,1688986542
cancel,24999,,,1688986542
newOrder,17829,0,10474,1688986565
newOrder,18075,1,10474,1688986565
newOrder,10698,0,24987,1688986565
newOrder,24999,1,24987,1688986565
cancel,10698,,,1688987142
cancel,17829,,,1688987142
cancel,18075,,,1688987142
cancel,24999,,,1688987142
newOrder,17829,0,10476,1688987164
newOrder,18075,1,10476,1688987164
newOrder,10698,0,47167,1688987164
newOrder,24999,1,47167,1688987164
cancel,10698,,,1688987741
cancel,17829,,,1688987741
cancel,18075,,,1688987741
cancel,24999,,,1688987741
newOrder,17829,0,10478,1688987765
newOrder,18075,1,10478,1688987765
newOrder,15401,0,9719,1688987765
newOrder,19999,1,9719,1688987765
cancel,15401,,,1688988342
cancel,17829,,,1688988342
cancel,18075,,,1688988342
cancel,19999,,,1688988342
newOrder,17829,0,10479,1688988366
newOrder,18075,1,10479,1688988366
newOrder,12013,0,22938,1688988366
newOrder,24999,1,22938,1688988366
cancel,12013,,,1688988942
cancel,17829,,,1688988942
cancel,18075,,,1688988942
cancel,24999,,,1688988942
newOrder,17829,0,10481,1688988964
newOrder,18075,1,10481,1688988964
newOrder,10698,0,55064,1688988964
newOrder,24999,1,55064,1688988964
cancel,10698,,,1688989541
cancel,17829,,,1688989541
cancel,18075,,,1688989541
cancel,24999,,,1688989541
newOrder,17829,0,10483,1688989565
newOrder,18075,1,10483,1688989565
newOrder,10698,0,23585,1688989565
newOrder,24999,1,23585,1688989565
cancel,10698,,,1688990142
cancel,17829,,,1688990142
cancel,18075,,,1688990142
cancel,24999,,,1688990142
newOrder,17829,0,10484,1688990164
newOrder,18075,1,10484,1688990164
newOrder,10698,0,41325,1688990164
newOrder,24999,1,41325,1688990164
cancel,10698,,,1688990743
cancel,17829,,,1688990743
cancel,18075,,,1688990743
cancel,24999,,,1688990743
newOrder,17829,0,10486,1688990766
newOrder,18075,1,10486,1688990766
newOrder,10698,0,27775,1688990766
newOrder,24999,1,27775,1688990766