instruction,price,side,qty,time
cancel,15106,,,1681733723
cancel,18888,,,1681733723
cancel,19066,,,1681733723
cancel,24999,,,1681733723
newOrder,18889,0,10566,1681733760
newOrder,19066,1,10566,1681733760
newOrder,12020,0,34950,1681733760
newOrder,24999,1,34950,1681733760
cancel,12020,,,1681734324
cancel,18889,,,1681734324
cancel,19066,,,1681734324
cancel,24999,,,1681734324
newOrder,18890,0,10567,1681734352
newOrder,19066,1,10567,1681734352
newOrder,12020,0,49735,1681734352
newOrder,24999,1,49735,1681734352
cancel,12020,,,1681734924
cancel,18890,,,1681734924
cancel,19066,,,1681734924
cancel,24999,,,1681734924
newOrder,18890,0,10568,1681734953
newOrder,19066,1,10568,1681734953
newOrder,12020,0,51652,1681734953
newOrder,24999,1,51652,1681734953
cancel,12020,,,1681735524
cancel,18890,,,1681735524
cancel,19066,,,1681735524
cancel,24999,,,1681735524
newOrder,18934,0,10507,1681735552
newOrder,19088,1,10507,1681735552
newOrder,12020,0,27922,1681735552
newOrder,24999,1,27922,1681735552
cancel,12020,,,1681736124
cancel,18934,,,1681736124
cancel,19088,,,1681736124
cancel,24999,,,1681736124
newOrder,18934,0,10509,1681736154
newOrder,19088,1,10509,1681736154
newOrder,12020,0,28322,1681736154
newOrder,24999,1,28322,1681736154
cancel,12020,,,1681736725
cancel,18934,,,1681736725
cancel,19088,,,1681736725
cancel,24999,,,1681736725
newOrder,18934,0,10511,1681736752
newOrder,19088,1,10511,1681736752
newOrder,12020,0,50169,1681736752
newOrder,24999,1,50169,1681736752
cancel,12020,,,1681737325
cancel,18934,,,1681737325
cancel,19088,,,1681737325
cancel,24999,,,1681737325
newOrder,18934,0,10512,1681737353
newOrder,19088,1,10512,1681737353
newOrder,12101,0,20122,1681737353
newOrder,24999,1,20122,1681737353
cancel,12101,,,1681737925
cancel,18934,,,1681737925
cancel,19088,,,1681737925
cancel,24999,,,1681737925
newOrder,18934,0,10514,1681737953
newOrder,19088,1,10514,1681737953
newOrder,15106,0,12177,1681737953
newOrder,24499,1,12177,1681737953
cancel,15106,,,1681738525
cancel,18934,,,1681738525
cancel,19088,,,1681738525
cancel,24499,,,1681738525
newOrder,18934,0,10516,1681738553
newOrder,19088,1,10516,1681738553
newOrder,12001,0,56309,1681738553
newOrder,24999,1,56309,1681738553
cancel,12001,,,1681739125
cancel,18934,,,1681739125
cancel,19088,,,1681739125
cancel,24999,,,1681739125
newOrder,18934,0,10517,1681739156
newOrder,19088,1,10517,1681739156
newOrder,12020,0,48291,1681739156
newOrder,24999,1,48291,1681739156
cancel,12020,,,1681739724
cancel,18934,,,1681739724
cancel,19088,,,1681739724
cancel,24999,,,1681739724
newOrder,18934,0,10519,1681739753
newOrder,19088,1,10519,1681739753
newOrder,12020,0,26237,1681739753
newOrder,24999,1,26237,1681739753
cancel,12020,,,1681740324
cancel,18934,,,1681740324
cancel,19088,,,1681740324
cancel,24999,,,1681740324
newOrder,18934,0,10520,1681740353
newOrder,19088,1,10520,1681740353
newOrder,12001,0,56390,1681740353
newOrder,24999,1,56390,1681740353
cancel,12001,,,1681740924
cancel,18934,,,1681740924
cancel,19088,,,1681740924
cancel,24999,,,1681740924
newOrder,18934,0,10522,1681740952
newOrder,19088,1,10522,1681740952
newOrder,12020,0,25096,1681740952
newOrder,24999,1,25096,1681740952
cancel,12020,,,1681741522
cancel,18934,,,1681741522
cancel,19088,,,1681741522
cancel,24999,,,1681741522
newOrder,18934,0,10524,1681741554
newOrder,19088,1,10524,1681741554
newOrder,12020,0,30475,1681741554
newOrder,24999,1,30475,1681741554
cancel,12020,,,1681742126
cancel,18934,,,1681742126
cancel,19088,,,1681742126
cancel,24999,,,1681742126
newOrder,18934,0,10525,1681742158
newOrder,19088,1,10525,1681742158
newOrder,13597,0,18062,1681742158
newOrder,24999,1,18062,1681742158
cancel,13597,,,1681742725
cancel,18934,,,1681742725
cancel,19088,,,1681742725
cancel,24999,,,1681742725
newOrder,18934,0,10527,1681742753
newOrder,19088,1,10527,1681742753
newOrder,15106,0,13616,1681742753
newOrder,24999,1,13616,1681742753
cancel,15106,,,1681743324
cancel,18934,,,1681743324
cancel,19088,,,1681743324
cancel,24999,,,1681743324
newOrder,18934,0,10529,1681743353
newOrder,19088,1,10529,1681743353
newOrder,15106,0,9341,1681743353
newOrder,21899,1,9341,1681743353
cancel,15106,,,1681743924
cancel,18934,,,1681743924
cancel,19088,,,1681743924
cancel,21899,,,1681743924
newOrder,18934,0,10530,1681743954
newOrder,19088,1,10530,1681743954
newOrder,11360,0,34651,1681743954
newOrder,24999,1,34651,1681743954
cancel,11360,,,1681744524
cancel,18934,,,1681744524
cancel,19088,,,1681744524
cancel,24999,,,1681744524
newOrder,18934,0,10532,1681744551
newOrder,19088,1,10532,1681744551
newOrder,13597,0,18855,1681744551
newOrder,24999,1,18855,1681744551
cancel,13597,,,1681745126
cancel,18934,,,1681745126
cancel,19088,,,1681745126
cancel,24999,,,1681745126
newOrder,18934,0,10534,1681745155
newOrder,19088,1,10534,1681745155
newOrder,11360,0,40451,1681745155
newOrder,24999,1,40451,1681745155
cancel,11360,,,1681745724
cancel,18934,,,1681745724
cancel,19088,,,1681745724
cancel,24999,,,1681745724
newOrder,18934,0,10535,1681745753
newOrder,19088,1,10535,1681745753
newOrder,12001,0,29337,1681745753
newOrder,24999,1,29337,1681745753
cancel,12001,,,1681746325
cancel,18934,,,1681746325
cancel,19088,,,1681746325
cancel,24999,,,1681746325
newOrder,18934,0,10537,1681746358
newOrder,19088,1,10537,1681746358
newOrder,11360,0,40737,1681746358
newOrder,24999,1,40737,1681746358
cancel,11360,,,1681746924
cancel,18934,,,1681746924
cancel,19088,,,1681746924
cancel,24999,,,1681746924
newOrder,18934,0,10538,1681746955
newOrder,19088,1,10538,1681746955
newOrder,15106,0,7334,1681746955
newOrder,21899,1,7334,1681746955
cancel,15106,,,1681747525
cancel,18934,,,1681747525
cancel,19088,,,1681747525
cancel,21899,,,1681747525
newOrder,18934,0,10540,1681747552
newOrder,19088,1,10540,1681747552
newOrder,11360,0,52231,1681747552
newOrder,24999,1,52231,1681747552
cancel,11360,,,1681748125
cancel,18934,,,1681748125
cancel,19088,,,1681748125
cancel,24999,,,1681748125
newOrder,18934,0,10542,1681748153
newOrder,19088,1,10542,1681748153
newOrder,12001,0,30770,1681748153
newOrder,24999,1,30770,1681748153
cancel,12001,,,1681748724
cancel,18934,,,1681748724
cancel,19088,,,1681748724
cancel,24999,,,1681748724
newOrder,18934,0,10543,1681748754
newOrder,19088,1,10543,1681748754
newOrder,15106,0,6839,1681748754
newOrder,21899,1,6839,1681748754
cancel,15106,,,1681749324
cancel,18934,,,1681749324
cancel,19088,,,1681749324
cancel,21899,,,1681749324
newOrder,18934,0,10545,1681749357
newOrder,19088,1,10545,1681749357
newOrder,15106,0,9998,1681749357
newOrder,21899,1,9998,1681749357
cancel,15106,,,1681749925
cancel,18934,,,1681749925
cancel,19088,,,1681749925
cancel,21899,,,1681749925
newOrder,18934,0,10547,1681749954
newOrder,19088,1,10547,1681749954
newOrder,13597,0,18297,1681749954
newOrder,24999,1,18297,1681749954
cancel,13597,,,1681750524
cancel,18934,,,1681750524
cancel,19088,,,1681750524
cancel,24999,,,1681750524
newOrder,18934,0,10548,1681750553
newOrder,19088,1,10548,1681750553
newOrder,11360,0,41906,1681750553
newOrder,24999,1,41906,1681750553
cancel,11360,,,1681751126
cancel,18934,,,1681751126
cancel,19088,,,1681751126
cancel,24999,,,1681751126
newOrder,18934,0,10550,1681751155
newOrder,19088,1,10550,1681751155
newOrder,11360,0,43192,1681751155
newOrder,24999,1,43192,1681751155
cancel,11360,,,1681751726
cancel,18934,,,1681751726
cancel,19088,,,1681751726
cancel,24999,,,1681751726
newOrder,18934,0,10552,1681751755
newOrder,19088,1,10552,1681751755
newOrder,11360,0,34237,1681751755
newOrder,24999,1,34237,1681751755
cancel,11360,,,1681752324
cancel,18934,,,1681752324
cancel,19088,,,1681752324
cancel,24999,,,1681752324
newOrder,18934,0,10554,1681752352
newOrder,19088,1,10554,1681752352
newOrder,11360,0,37140,1681752352
newOrder,24999,1,37140,1681752352
cancel,11360,,,1681752924
cancel,18934,,,1681752924
cancel,19088,,,1681752924
cancel,24999,,,1681752924
newOrder,18934,0,10555,1681752953
newOrder,19088,1,10555,1681752953
newOrder,11360,0,42316,1681752953
newOrder,24999,1,42316,1681752953
cancel,11360,,,1681753525
cancel,18934,,,1681753525
cancel,19088,,,1681753525
cancel,24999,,,1681753525
newOrder,18934,0,10557,1681753554
newOrder,19088,1,10557,1681753554
newOrder,12003,0,26228,1681753554
newOrder,24999,1,26228,1681753554
cancel,12003,,,1681754124
cancel,18934,,,1681754124
cancel,19088,,,1681754124
cancel,24999,,,1681754124
newOrder,18934,0,10559,1681754153
newOrder,19088,1,10559,1681754153
newOrder,11360,0,54192,1681754153
newOrder,24999,1,54192,1681754153
cancel,11360,,,1681754725
cancel,18934,,,1681754725
cancel,19088,,,1681754725
cancel,24999,,,1681754725
newOrder,18934,0,10560,1681754755
newOrder,19088,1,10560,1681754755
newOrder,15106,0,10445,1681754755
newOrder,21899,1,10445,1681754755
cancel,15106,,,1681755324
cancel,18934,,,1681755324
cancel,19088,,,1681755324
cancel,21899,,,1681755324
newOrder,18934,0,10567,1681757153
newOrder,19088,1,10567,1681757153
newOrder,12001,0,27538,1681757153
newOrder,24999,1,27538,1681757153
cancel,12001,,,1681757725
cancel,18934,,,1681757725
cancel,19088,,,1681757725
cancel,24999,,,1681757725
newOrder,18934,0,10569,1681757754
newOrder,19088,1,10569,1681757754
newOrder,12001,0,31186,1681757754
newOrder,24999,1,31186,1681757754
cancel,12001,,,1681758324
cancel,18934,,,1681758324
cancel,19088,,,1681758324
cancel,24999,,,1681758324
newOrder,18934,0,10570,1681758353
newOrder,19088,1,10570,1681758353
newOrder,11360,0,45613,1681758353
newOrder,24999,1,45613,1681758353
cancel,11360,,,1681758924
cancel,18934,,,1681758924
cancel,19088,,,1681758924
cancel,24999,,,1681758924
newOrder,18934,0,10572,1681758954
newOrder,19088,1,10572,1681758954
newOrder,11360,0,47294,1681758954
newOrder,24999,1,47294,1681758954
cancel,11360,,,1681759525
cancel,18934,,,1681759525
cancel,19088,,,1681759525
cancel,24999,,,1681759525
newOrder,18934,0,10574,1681759555
newOrder,19088,1,10574,1681759555
newOrder,12101,0,20653,1681759555
newOrder,24999,1,20653,1681759555
cancel,12101,,,1681760124
cancel,18934,,,1681760124
cancel,19088,,,1681760124
cancel,24999,,,1681760124
newOrder,18934,0,10575,1681760152
newOrder,19088,1,10575,1681760152
newOrder,12101,0,20291,1681760152
newOrder,24999,1,20291,1681760152
cancel,12101,,,1681760724
cancel,18934,,,1681760724
cancel,19088,,,1681760724
cancel,24999,,,1681760724
newOrder,18797,0,10726,1681760753
newOrder,19066,1,10726,1681760753
newOrder,15106,0,7080,1681760753
newOrder,21899,1,7080,1681760753
cancel,15106,,,1681761325
cancel,18797,,,1681761325
cancel,19066,,,1681761325
cancel,21899,,,1681761325
newOrder,18800,0,10725,1681761354
newOrder,19066,1,10725,1681761354
newOrder,15106,0,14938,1681761354
newOrder,24999,1,14938,1681761354
cancel,15106,,,1681761924
cancel,18800,,,1681761924
cancel,19066,,,1681761924
cancel,24999,,,1681761924
newOrder,18800,0,10727,1681761954
newOrder,19066,1,10727,1681761954
newOrder,12001,0,27538,1681761954
newOrder,24999,1,27538,1681761954
cancel,12001,,,1681762524
cancel,18800,,,1681762524
cancel,19066,,,1681762524
cancel,24999,,,1681762524
newOrder,18801,0,10728,1681762552
newOrder,19066,1,10728,1681762552
newOrder,11281,0,39936,1681762552
newOrder,24999,1,39936,1681762552
cancel,11281,,,1681763124
cancel,18801,,,1681763124
cancel,19066,,,1681763124
cancel,24999,,,1681763124
newOrder,18800,0,10730,1681763153
newOrder,19066,1,10730,1681763153
newOrder,12101,0,19987,1681763153
newOrder,24999,1,19987,1681763153
cancel,12101,,,1681763724
cancel,18800,,,1681763724
cancel,19066,,,1681763724
cancel,24999,,,1681763724
newOrder,18799,0,10733,1681763752
newOrder,19066,1,10733,1681763752
newOrder,11280,0,40084,1681763752
newOrder,24999,1,40084,1681763752
cancel,11280,,,1681764325
cancel,18799,,,1681764325
cancel,19066,,,1681764325
cancel,24999,,,1681764325
newOrder,18800,0,10734,1681764353
newOrder,19066,1,10734,1681764353
newOrder,15106,0,9461,1681764353
newOrder,21899,1,9461,1681764353
cancel,15106,,,1681764925
cancel,18800,,,1681764925
cancel,19066,,,1681764925
cancel,21899,,,1681764925
newOrder,18799,0,10736,1681764955
newOrder,19066,1,10736,1681764955
newOrder,11280,0,53455,1681764955
newOrder,24999,1,53455,1681764955
cancel,11280,,,1681765526
cancel,18799,,,1681765526
cancel,19066,,,1681765526
cancel,24999,,,1681765526
newOrder,18652,0,10862,1681765558
newOrder,19066,1,10862,1681765558
newOrder,15106,0,11131,1681765558
newOrder,21999,1,11131,1681765558
cancel,15106,,,1681766124
cancel,18652,,,1681766124
cancel,19066,,,1681766124
cancel,21999,,,1681766124
newOrder,18680,0,10841,1681766153
newOrder,19066,1,10841,1681766153
newOrder,11208,0,54193,1681766153
newOrder,24999,1,54193,1681766153
cancel,11208,,,1681766724
cancel,18680,,,1681766724
cancel,19066,,,1681766724
cancel,24999,,,1681766724
newOrder,18680,0,10843,1681766753
newOrder,19066,1,10843,1681766753
newOrder,11208,0,34133,1681766753
newOrder,24999,1,34133,1681766753
cancel,11208,,,1681767324
cancel,18680,,,1681767324
cancel,19066,,,1681767324
cancel,24999,,,1681767324
newOrder,18680,0,10845,1681767353
newOrder,19066,1,10845,1681767353
newOrder,11208,0,46303,1681767353
newOrder,24999,1,46303,1681767353
cancel,11208,,,1681767924
cancel,18680,,,1681767924
cancel,19066,,,1681767924
cancel,24999,,,1681767924
newOrder,18680,0,10847,1681767955
newOrder,19066,1,10847,1681767955
newOrder,12101,0,22116,1681767955
newOrder,24999,1,22116,1681767955
cancel,12101,,,1681768524
cancel,18680,,,1681768524
cancel,19066,,,1681768524
cancel,24999,,,1681768524
newOrder,18680,0,10849,1681768552
newOrder,19066,1,10849,1681768552
newOrder,13597,0,18488,1681768552
newOrder,24999,1,18488,1681768552
cancel,13597,,,1681769124
cancel,18680,,,1681769124
cancel,19066,,,1681769124
cancel,24999,,,1681769124
newOrder,18680,0,10851,1681769153
newOrder,19066,1,10851,1681769153
newOrder,15106,0,14079,1681769153
newOrder,24999,1,14079,1681769153
cancel,15106,,,1681769724
cancel,18680,,,1681769724
cancel,19066,,,1681769724
cancel,24999,,,1681769724
newOrder,18652,0,10875,1681769754
newOrder,19066,1,10875,1681769754
newOrder,11191,0,39215,1681769754
newOrder,24999,1,39215,1681769754
cancel,11191,,,1681770324
cancel,18652,,,1681770324
cancel,19066,,,1681770324
cancel,24999,,,1681770324
newOrder,18680,0,10854,1681770354
newOrder,19066,1,10854,1681770354
newOrder,11208,0,33908,1681770354
newOrder,24999,1,33908,1681770354
cancel,11208,,,1681770924
cancel,18680,,,1681770924
cancel,19066,,,1681770924
cancel,24999,,,1681770924
newOrder,18652,0,10878,1681770952
newOrder,19066,1,10878,1681770952
newOrder,15106,0,7681,1681770952
newOrder,21899,1,7681,1681770952
cancel,15106,,,1681771524
cancel,18652,,,1681771524
cancel,19066,,,1681771524
cancel,21899,,,1681771524
newOrder,18653,0,10879,1681771553
newOrder,19066,1,10879,1681771553
newOrder,12003,0,26997,1681771553
newOrder,24999,1,26997,1681771553
cancel,12003,,,1681772125
cancel,18653,,,1681772125
cancel,19066,,,1681772125
cancel,24999,,,1681772125
newOrder,18654,0,10880,1681772156
newOrder,19066,1,10880,1681772156
newOrder,11193,0,38612,1681772156
newOrder,24999,1,38612,1681772156
cancel,11193,,,1681772724
cancel,18654,,,1681772724
cancel,19066,,,1681772724
cancel,24999,,,1681772724
newOrder,18653,0,10883,1681772753
newOrder,19066,1,10883,1681772753
newOrder,12001,0,28900,1681772753
newOrder,24999,1,28900,1681772753
cancel,12001,,,1681773324
cancel,18653,,,1681773324
cancel,19066,,,1681773324
cancel,24999,,,1681773324
newOrder,18656,0,10882,1681773353
newOrder,19066,1,10882,1681773353
newOrder,11194,0,38857,1681773353
newOrder,24999,1,38857,1681773353
cancel,11194,,,1681773924
cancel,18656,,,1681773924
cancel,19066,,,1681773924
cancel,24999,,,1681773924
newOrder,18661,0,10880,1681773954
newOrder,19066,1,10880,1681773954
newOrder,12101,0,21137,1681773954
newOrder,24999,1,21137,1681773954
cancel,12101,,,1681774524
cancel,18661,,,1681774524
cancel,19066,,,1681774524
cancel,24999,,,1681774524
newOrder,18686,0,10862,1681774556
newOrder,19066,1,10862,1681774556
newOrder,12001,0,29188,1681774556
newOrder,24999,1,29188,1681774556
cancel,12001,,,1681775124
cancel,18686,,,1681775124
cancel,19066,,,1681775124
cancel,24999,,,1681775124
newOrder,18686,0,10864,1681775156
newOrder,19066,1,10864,1681775156
newOrder,12101,0,20805,1681775156
newOrder,24999,1,20805,1681775156
cancel,12101,,,1681775725
cancel,18686,,,1681775725
cancel,19066,,,1681775725
cancel,24999,,,1681775725
newOrder,18686,0,10866,1681775755
newOrder,19066,1,10866,1681775755
newOrder,11211,0,49039,1681775755
newOrder,24999,1,49039,1681775755
cancel,11211,,,1681776324
cancel,18686,,,1681776324
cancel,19066,,,1681776324
cancel,24999,,,1681776324
newOrder,18693,0,10862,1681776354
newOrder,19066,1,10862,1681776354
newOrder,15106,0,15224,1681776354
newOrder,24999,1,15224,1681776354
cancel,15106,,,1681776924
cancel,18693,,,1681776924
cancel,19066,,,1681776924
cancel,24999,,,1681776924
newOrder,18686,0,10869,1681776954
newOrder,19066,1,10869,1681776954
newOrder,11211,0,43271,1681776954
newOrder,24999,1,43271,1681776954
cancel,11211,,,1681777525
cancel,18686,,,1681777525
cancel,19066,,,1681777525
cancel,24999,,,1681777525
newOrder,18686,0,10871,1681777554
newOrder,19066,1,10871,1681777554
newOrder,11211,0,43109,1681777554
newOrder,24999,1,43109,1681777554
cancel,11211,,,1681778124
cancel,18686,,,1681778124
cancel,19066,,,1681778124
cancel,24999,,,1681778124
newOrder,18686,0,10873,1681778156
newOrder,19066,1,10873,1681778156
newOrder,11211,0,53071,1681778156
newOrder,24999,1,53071,1681778156
cancel,11211,,,1681778724
cancel,18686,,,1681778724
cancel,19066,,,1681778724
cancel,24999,,,1681778724
newOrder,18693,0,10869,1681778755
newOrder,19066,1,10869,1681778755
newOrder,12101,0,22587,1681778755
newOrder,24999,1,22587,1681778755
cancel,12101,,,1681779324
cancel,18693,,,1681779324
cancel,19066,,,1681779324
cancel,24999,,,1681779324
newOrder,18686,0,10877,1681779356
newOrder,19066,1,10877,1681779356
newOrder,11211,0,51124,1681779356
newOrder,24999,1,51124,1681779356
cancel,11211,,,1681779924
cancel,18686,,,1681779924
cancel,19066,,,1681779924
cancel,24999,,,1681779924
newOrder,18693,0,10872,1681779957
newOrder,19066,1,10872,1681779957
newOrder,12003,0,25849,1681779957
newOrder,24999,1,25849,1681779957
cancel,12003,,,1681780524
cancel,18693,,,1681780524
cancel,19066,,,1681780524
cancel,24999,,,1681780524
newOrder,18686,0,10880,1681780557
newOrder,19066,1,10880,1681780557
newOrder,15106,0,9835,1681780557
newOrder,21899,1,9835,1681780557
cancel,15106,,,1681781124
cancel,18686,,,1681781124
cancel,19066,,,1681781124
cancel,21899,,,1681781124
newOrder,18610,0,10943,1681781158
newOrder,19066,1,10943,1681781158
newOrder,13597,0,19362,1681781158
newOrder,24999,1,19362,1681781158
cancel,13597,,,1681781724
cancel,18610,,,1681781724
cancel,19066,,,1681781724
cancel,24999,,,1681781724
newOrder,18605,0,10948,1681781755
newOrder,19066,1,10948,1681781755
newOrder,12101,0,24134,1681781755
newOrder,24999,1,24134,1681781755
cancel,12101,,,1681782324
cancel,18605,,,1681782324
cancel,19066,,,1681782324
cancel,24999,,,1681782324
newOrder,18605,0,10950,1681782357
newOrder,19066,1,10950,1681782357
newOrder,15106,0,12241,1681782357
newOrder,24499,1,12241,1681782357
cancel,15106,,,1681782924
cancel,18605,,,1681782924
cancel,19066,,,1681782924
cancel,24499,,,1681782924
newOrder,18605,0,10951,1681782954
newOrder,19066,1,10951,1681782954
newOrder,15106,0,15459,1681782954
newOrder,24999,1,15459,1681782954
cancel,15106,,,1681783524
cancel,18605,,,1681783524
cancel,19066,,,1681783524
cancel,24999,,,1681783524
newOrder,18605,0,10953,1681783555
newOrder,19066,1,10953,1681783555
newOrder,12001,0,31915,1681783555
newOrder,24999,1,31915,1681783555
cancel,12001,,,1681784125
cancel,18605,,,1681784125
cancel,19066,,,1681784125
cancel,24999,,,1681784125
newOrder,18605,0,10955,1681784156
newOrder,19066,1,10955,1681784156
newOrder,11163,0,44726,1681784156
newOrder,24999,1,44726,1681784156
cancel,11163,,,1681784724
cancel,18605,,,1681784724
cancel,19066,,,1681784724
cancel,24999,,,1681784724
newOrder,18604,0,10958,1681784755
newOrder,19066,1,10958,1681784755
newOrder,15106,0,8565,1681784755
newOrder,21899,1,8565,1681784755
cancel,15106,,,1681785324
cancel,18604,,,1681785324
cancel,19066,,,1681785324
cancel,21899,,,1681785324
newOrder,18604,0,10960,1681785355
newOrder,19066,1,10960,1681785355
newOrder,11162,0,57759,1681785355
newOrder,24999,1,57759,1681785355
cancel,11162,,,1681785923
cancel,18604,,,1681785923
cancel,19066,,,1681785923
cancel,24999,,,1681785923
newOrder,18604,0,10962,1681785956
newOrder,19066,1,10962,1681785956
newOrder,11162,0,51248,1681785956
newOrder,24999,1,51248,1681785956
cancel,11162,,,1681786523
cancel,18604,,,1681786523
cancel,19066,,,1681786523
cancel,24999,,,1681786523
newOrder,18604,0,10964,1681786554
newOrder,19066,1,10964,1681786554
newOrder,11162,0,44079,1681786554
newOrder,24999,1,44079,1681786554
cancel,11162,,,1681787124
cancel,18604,,,1681787124
cancel,19066,,,1681787124
cancel,24999,,,1681787124
newOrder,18604,0,10966,1681787154
newOrder,19066,1,10966,1681787154
newOrder,12101,0,22671,1681787154
newOrder,24999,1,22671,1681787154
cancel,12101,,,1681787724
cancel,18604,,,1681787724
cancel,19066,,,1681787724
cancel,24999,,,1681787724
newOrder,18604,0,10968,1681787756
newOrder,19066,1,10968,1681787756
newOrder,11162,0,38294,1681787756
newOrder,24999,1,38294,1681787756
cancel,11162,,,1681788324
cancel,18604,,,1681788324
cancel,19066,,,1681788324
cancel,24999,,,1681788324
newOrder,18640,0,10941,1681788354
newOrder,19066,1,10941,1681788354
newOrder,11184,0,47017,1681788354
newOrder,24999,1,47017,1681788354
cancel,11184,,,1681788924
cancel,18640,,,1681788924
cancel,19066,,,1681788924
cancel,24999,,,1681788924
newOrder,18640,0,10943,1681788956
newOrder,19066,1,10943,1681788956
newOrder,15106,0,14798,1681788956
newOrder,24999,1,14798,1681788956
cancel,15106,,,1681789525
cancel,18640,,,1681789525
cancel,19066,,,1681789525
cancel,24999,,,1681789525
newOrder,18665,0,10925,1681789554
newOrder,19066,1,10925,1681789554
newOrder,15106,0,12333,1681789554
newOrder,24499,1,12333,1681789554
cancel,15106,,,1681790124
cancel,18665,,,1681790124
cancel,19066,,,1681790124
cancel,24499,,,1681790124
newOrder,18655,0,10935,1681790154
newOrder,19066,1,10935,1681790154
newOrder,11193,0,50433,1681790154
newOrder,24999,1,50433,1681790154
cancel,11193,,,1681790723
cancel,18655,,,1681790723
cancel,19066,,,1681790723
cancel,24999,,,1681790723
newOrder,18645,0,10945,1681790754
newOrder,19066,1,10945,1681790754
newOrder,15001,0,18222,1681790754
newOrder,24999,1,18222,1681790754
cancel,15001,,,1681791324
cancel,18645,,,1681791324
cancel,19066,,,1681791324
cancel,24999,,,1681791324
newOrder,18640,0,10950,1681791355
newOrder,19066,1,10950,1681791355
newOrder,12001,0,30044,1681791355
newOrder,24999,1,30044,1681791355
cancel,12001,,,1681791924
cancel,18640,,,1681791924
cancel,19066,,,1681791924
cancel,24999,,,1681791924
newOrder,18655,0,10941,1681791954
newOrder,19066,1,10941,1681791954
newOrder,11193,0,41040,1681791954
newOrder,24999,1,41040,1681791954
cancel,11193,,,1681792524
cancel,18655,,,1681792524
cancel,19066,,,1681792524
cancel,24999,,,1681792524
newOrder,18665,0,10934,1681792554
newOrder,19066,1,10934,1681792554
newOrder,15106,0,14701,1681792554
newOrder,24999,1,14701,1681792554
cancel,15106,,,1681793125
cancel,18665,,,1681793125
cancel,19066,,,1681793125
cancel,24999,,,1681793125
newOrder,18640,0,10956,1681793154
newOrder,19066,1,10956,1681793154
newOrder,15106,0,9558,1681793154
newOrder,21899,1,9558,1681793154
cancel,15106,,,1681793724
cancel,18640,,,1681793724
cancel,19066,,,1681793724
cancel,21899,,,1681793724
newOrder,18645,0,10954,1681793755
newOrder,19066,1,10954,1681793755
newOrder,12101,0,22486,1681793755
newOrder,24999,1,22486,1681793755
cancel,12101,,,1681794324
cancel,18645,,,1681794324
cancel,19066,,,1681794324
cancel,24999,,,1681794324
newOrder,18655,0,10948,1681794354
newOrder,19066,1,10948,1681794354
newOrder,11193,0,45147,1681794354
newOrder,24999,1,45147,1681794354
cancel,11193,,,1681794924
cancel,18655,,,1681794924
cancel,19066,,,1681794924
cancel,24999,,,1681794924
newOrder,18645,0,10958,1681794955
newOrder,19066,1,10958,1681794955
newOrder,11187,0,56451,1681794955
newOrder,24999,1,56451,1681794955
cancel,11187,,,1681795524
cancel,18645,,,1681795524
cancel,19066,,,1681795524
cancel,24999,,,1681795524
newOrder,18665,0,10944,1681795555
newOrder,19066,1,10944,1681795555
newOrder,11199,0,51667,1681795555
newOrder,24999,1,51667,1681795555
cancel,11199,,,1681796124
cancel,18665,,,1681796124
cancel,19066,,,1681796124
cancel,24999,,,1681796124
newOrder,18640,0,10965,1681796154
newOrder,19066,1,10965,1681796154
newOrder,11184,0,58460,1681796154
newOrder,24999,1,58460,1681796154
cancel,11184,,,1681796724
cancel,18640,,,1681796724
cancel,19066,,,1681796724
cancel,24999,,,1681796724
newOrder,18675,0,10939,1681796755
newOrder,19066,1,10939,1681796755
newOrder,12001,0,27512,1681796755
newOrder,24999,1,27512,1681796755
cancel,12001,,,1681797324
cancel,18675,,,1681797324
cancel,19066,,,1681797324
cancel,24999,,,1681797324
newOrder,18675,0,10941,1681797356
newOrder,19066,1,10941,1681797356
newOrder,12001,0,30722,1681797356
newOrder,24999,1,30722,1681797356
cancel,12001,,,1681797924
cancel,18675,,,1681797924
cancel,19066,,,1681797924
cancel,24999,,,1681797924
newOrder,18686,0,10934,1681797957
newOrder,19066,1,10934,1681797957
newOrder,12001,0,29390,1681797957
newOrder,24999,1,29390,1681797957
cancel,12001,,,1681798525
cancel,18686,,,1681798525
cancel,19066,,,1681798525
cancel,24999,,,1681798525
newOrder,18665,0,10953,1681798554
newOrder,19066,1,10953,1681798554
newOrder,11199,0,41168,1681798554
newOrder,24999,1,41168,1681798554
cancel,11199,,,1681799125
cancel,18665,,,1681799125
cancel,19066,,,1681799125
cancel,24999,,,1681799125
newOrder,18675,0,10946,1681799156
newOrder,19066,1,10946,1681799156
newOrder,15001,0,17779,1681799156
newOrder,24999,1,17779,1681799156
cancel,15001,,,1681799724
cancel,18675,,,1681799724
cancel,19066,,,1681799724
cancel,24999,,,1681799724
newOrder,18685,0,10940,1681799754
newOrder,19066,1,10940,1681799754
newOrder,11211,0,57773,1681799754
newOrder,24999,1,57773,1681799754
cancel,11211,,,1681800324
cancel,18685,,,1681800324
cancel,19066,,,1681800324
cancel,24999,,,1681800324
newOrder,18665,0,10958,1681800354
newOrder,19066,1,10958,1681800354
newOrder,13597,0,18743,1681800354
newOrder,24999,1,18743,1681800354
cancel,13597,,,1681800924
cancel,18665,,,1681800924
cancel,19066,,,1681800924
cancel,24999,,,1681800924
newOrder,18685,0,10944,1681800954
newOrder,19066,1,10944,1681800954
newOrder,15001,0,18082,1681800954
newOrder,24999,1,18082,1681800954
cancel,15001,,,1681801526
cancel,18685,,,1681801526
cancel,19066,,,1681801526
cancel,24999,,,1681801526
newOrder,18665,0,10962,1681801556
newOrder,19066,1,10962,1681801556
newOrder,12003,0,27333,1681801556
newOrder,24999,1,27333,1681801556
cancel,12003,,,1681802124
cancel,18665,,,1681802124
cancel,19066,,,1681802124
cancel,24999,,,1681802124
newOrder,18686,0,10947,1681802155
newOrder,19066,1,10947,1681802155
newOrder,12003,0,25467,1681802155
newOrder,24999,1,25467,1681802155
cancel,12003,,,1681802725
cancel,18686,,,1681802725
cancel,19066,,,1681802725
cancel,24999,,,1681802725
newOrder,18665,0,10966,1681802756
newOrder,19066,1,10966,1681802756
newOrder,15106,0,9556,1681802756
newOrder,21899,1,9556,1681802756
cancel,15106,,,1681803323
cancel,18665,,,1681803323
cancel,19066,,,1681803323
cancel,21899,,,1681803323
newOrder,18665,0,10968,1681803357
newOrder,19066,1,10968,1681803357
newOrder,11199,0,56973,1681803357
newOrder,24999,1,56973,1681803357
cancel,11199,,,1681803924
cancel,18665,,,1681803924
cancel,19066,,,1681803924
cancel,24999,,,1681803924
newOrder,18699,0,10941,1681803957
newOrder,19066,1,10941,1681803957
newOrder,11219,0,50029,1681803957
newOrder,24999,1,50029,1681803957
cancel,11219,,,1681804524
cancel,18699,,,1681804524
cancel,19066,,,1681804524
cancel,24999,,,1681804524
newOrder,18717,0,10928,1681804555
newOrder,19066,1,10928,1681804555
newOrder,11230,0,53049,1681804555
newOrder,24999,1,53049,1681804555
cancel,11230,,,1681805124
cancel,18717,,,1681805124
cancel,19066,,,1681805124
cancel,24999,,,1681805124
newOrder,18699,0,10945,1681805154
newOrder,19066,1,10945,1681805154
newOrder,12101,0,22058,1681805154
newOrder,24999,1,22058,1681805154
cancel,12101,,,1681805724
cancel,18699,,,1681805724
cancel,19066,,,1681805724
cancel,24999,,,1681805724
newOrder,18717,0,10932,1681805756
newOrder,19066,1,10932,1681805756
newOrder,15106,0,8581,1681805756
newOrder,21899,1,8581,1681805756
cancel,15106,,,1681806324
cancel,18717,,,1681806324
cancel,19066,,,1681806324
cancel,21899,,,1681806324
newOrder,18717,0,10933,1681806355
newOrder,19066,1,10933,1681806355
newOrder,15106,0,11105,1681806355
newOrder,21899,1,11105,1681806355
cancel,15106,,,1681806924
cancel,18717,,,1681806924
cancel,19066,,,1681806924
cancel,21899,,,1681806924
newOrder,18896,0,10767,1681806954
newOrder,19066,1,10767,1681806954
newOrder,15106,0,8227,1681806954
newOrder,21899,1,8227,1681806954
cancel,15106,,,1681807525
cancel,18896,,,1681807525
cancel,19066,,,1681807525
cancel,21899,,,1681807525
newOrder,18896,0,10769,1681807555
newOrder,19066,1,10769,1681807555
newOrder,12003,0,25763,1681807555
newOrder,24999,1,25763,1681807555
cancel,12003,,,1681808125
cancel,18896,,,1681808125
cancel,19066,,,1681808125
cancel,24999,,,1681808125
newOrder,18896,0,10771,1681808155
newOrder,19066,1,10771,1681808155
newOrder,12001,0,31234,1681808155
newOrder,24999,1,31234,1681808155
cancel,12001,,,1681808724
cancel,18896,,,1681808724
cancel,19066,,,1681808724
cancel,24999,,,1681808724
newOrder,18896,0,10772,1681808756
newOrder,19066,1,10772,1681808756
newOrder,13597,0,19216,1681808756
newOrder,24999,1,19216,1681808756
cancel,13597,,,1681809325
cancel,18896,,,1681809325
cancel,19066,,,1681809325
cancel,24999,,,1681809325
newOrder,18896,0,10774,1681809355
newOrder,19066,1,10774,1681809355
newOrder,12001,0,27695,1681809355
newOrder,24999,1,27695,1681809355
cancel,12001,,,1681809924
cancel,18896,,,1681809924
cancel,19066,,,1681809924
cancel,24999,,,1681809924
newOrder,18896,0,10776,1681809955
newOrder,19066,1,10776,1681809955
newOrder,11338,0,49004,1681809955
newOrder,24999,1,49004,1681809955
cancel,11338,,,1681810525
cancel,18896,,,1681810525
cancel,19066,,,1681810525
cancel,24999,,,1681810525
newOrder,18896,0,10778,1681810556
newOrder,19066,1,10778,1681810556
newOrder,12001,0,28986,1681810556
newOrder,24999,1,28986,1681810556
cancel,12001,,,1681811124
cancel,18896,,,1681811124
cancel,19066,,,1681811124
cancel,24999,,,1681811124
newOrder,18896,0,10779,1681811156
newOrder,19066,1,10779,1681811156
newOrder,13597,0,19411,1681811156
newOrder,24999,1,19411,1681811156
cancel,13597,,,1681811724
cancel,18896,,,1681811724
cancel,19066,,,1681811724
cancel,24999,,,1681811724
newOrder,18896,0,10781,1681811756
newOrder,19066,1,10781,1681811756
newOrder,15106,0,8286,1681811756
newOrder,21899,1,8286,1681811756
cancel,15106,,,1681812324
cancel,18896,,,1681812324
cancel,19066,,,1681812324
cancel,21899,,,1681812324
newOrder,18896,0,10783,1681812356
newOrder,19066,1,10783,1681812356
newOrder,15106,0,10186,1681812356
newOrder,21899,1,10186,1681812356
cancel,15106,,,1681812924
cancel,18896,,,1681812924
cancel,19066,,,1681812924
cancel,21899,,,1681812924
newOrder,18896,0,10785,1681812954
newOrder,19066,1,10785,1681812954
newOrder,11338,0,43480,1681812954
newOrder,24999,1,43480,1681812954
cancel,11338,,,1681813524
cancel,18896,,,1681813524
cancel,19066,,,1681813524
cancel,24999,,,1681813524
newOrder,18896,0,10787,1681813555
newOrder,19066,1,10787,1681813555
newOrder,11338,0,47958,1681813555
newOrder,24999,1,47958,1681813555
cancel,11338,,,1681814124
cancel,18896,,,1681814124
cancel,19066,,,1681814124
cancel,24999,,,1681814124
newOrder,18896,0,10788,1681814155
newOrder,19066,1,10788,1681814155
newOrder,15106,0,12160,1681814155
newOrder,24499,1,12160,1681814155
cancel,15106,,,1681814724
cancel,18896,,,1681814724
cancel,19066,,,1681814724
cancel,24499,,,1681814724
newOrder,18915,0,10771,1681814754
newOrder,19066,1,10771,1681814754
newOrder,11349,0,32302,1681814754
newOrder,24999,1,32302,1681814754
cancel,11349,,,1681815324
cancel,18915,,,1681815324
cancel,19066,,,1681815324
cancel,24999,,,1681815324
newOrder,18905,0,10783,1681815356
newOrder,19066,1,10783,1681815356
newOrder,12001,0,28853,1681815356
newOrder,24999,1,28853,1681815356
cancel,12001,,,1681815925
cancel,18905,,,1681815925
cancel,19066,,,1681815925
cancel,24999,,,1681815925
newOrder,18896,0,10794,1681815954
newOrder,19066,1,10794,1681815954
newOrder,11338,0,51050,1681815954
newOrder,24999,1,51050,1681815954
cancel,11338,,,1681816524
cancel,18896,,,1681816524
cancel,19066,,,1681816524
cancel,24999,,,1681816524
newOrder,18896,0,10795,1681816555
newOrder,19066,1,10795,1681816555
newOrder,11338,0,36340,1681816555
newOrder,24999,1,36340,1681816555
cancel,11338,,,1681817124
cancel,18896,,,1681817124
cancel,19066,,,1681817124
cancel,24999,,,1681817124
newOrder,18859,0,10834,1681817156
newOrder,19066,1,10834,1681817156
newOrder,11316,0,35027,1681817156
newOrder,24999,1,35027,1681817156
cancel,11316,,,1681817724
cancel,18859,,,1681817724
cancel,19066,,,1681817724
cancel,24999,,,1681817724
newOrder,18814,0,10880,1681817755
newOrder,19066,1,10880,1681817755
newOrder,11288,0,49311,1681817755
newOrder,24999,1,49311,1681817755
cancel,11288,,,1681818325
cancel,18814,,,1681818325
cancel,19066,,,1681818325
cancel,24999,,,1681818325
newOrder,18842,0,10855,1681818356
newOrder,19066,1,10855,1681818356
newOrder,12101,0,22056,1681818356
newOrder,24999,1,22056,1681818356
cancel,12101,,,1681818924
cancel,18842,,,1681818924
cancel,19066,,,1681818924
cancel,24999,,,1681818924
newOrder,18768,0,10927,1681818955
newOrder,19066,1,10927,1681818955
newOrder,15106,0,9231,1681818955
newOrder,21899,1,9231,1681818955
cancel,15106,,,1681819524
cancel,18768,,,1681819524
cancel,19066,,,1681819524
cancel,21899,,,1681819524
newOrder,18768,0,10929,1681819557
newOrder,19066,1,10929,1681819557
newOrder,11261,0,41902,1681819557
newOrder,24999,1,41902,1681819557