instruction,price,side,qty,time
cancel,11154,,,1685535255
cancel,18589,,,1685535255
cancel,19080,,,1685535255
cancel,24999,,,1685535255
newOrder,18589,0,39480,1685535282
newOrder,19080,1,39480,1685535282
newOrder,11153,0,115856,1685535282
newOrder,24999,1,115856,1685535282
cancel,11153,,,1685535855
cancel,18589,,,1685535855
cancel,19080,,,1685535855
cancel,24999,,,1685535855
newOrder,18589,0,39584,1685535878
newOrder,19080,1,39584,1685535878
newOrder,11153,0,134906,1685535878
newOrder,24999,1,134906,1685535878
cancel,11153,,,1685536454
cancel,18589,,,1685536454
cancel,19080,,,1685536454
cancel,24999,,,1685536454
newOrder,18588,0,39677,1685536477
newOrder,19080,1,39677,1685536477
newOrder,11153,0,149158,1685536477
newOrder,24999,1,149158,1685536477
cancel,11153,,,1685537062
cancel,18588,,,1685537062
cancel,19080,,,1685537062
cancel,24999,,,1685537062
newOrder,18588,0,39793,1685537083
newOrder,19080,1,39793,1685537083
newOrder,11153,0,60254,1685537083
newOrder,24999,1,60254,1685537083
cancel,11153,,,1685537654
cancel,18588,,,1685537654
cancel,19080,,,1685537654
cancel,24999,,,1685537654
newOrder,18589,0,39905,1685537679
newOrder,19080,1,39905,1685537679
newOrder,11153,0,154553,1685537679
newOrder,24999,1,154553,1685537679
cancel,11153,,,1685538254
cancel,18589,,,1685538254
cancel,19080,,,1685538254
cancel,24999,,,1685538254
newOrder,18589,0,40025,1685538278
newOrder,19080,1,40025,1685538278
newOrder,12302,0,44451,1685538278
newOrder,24999,1,44451,1685538278
cancel,12302,,,1685538855
cancel,18589,,,1685538855
cancel,19080,,,1685538855
cancel,24999,,,1685538855
newOrder,18636,0,41031,1685538878
newOrder,19080,1,41031,1685538878
newOrder,11182,0,120910,1685538878
newOrder,24999,1,120910,1685538878
cancel,11182,,,1685539455
cancel,18636,,,1685539455
cancel,19080,,,1685539455
cancel,24999,,,1685539455
newOrder,18636,0,41154,1685539479
newOrder,19080,1,41154,1685539479
newOrder,11182,0,75724,1685539479
newOrder,24999,1,75724,1685539479
cancel,11182,,,1685540054
cancel,18636,,,1685540054
cancel,19080,,,1685540054
cancel,24999,,,1685540054
newOrder,18636,0,41277,1685540076
newOrder,19080,1,41277,1685540076
newOrder,11182,0,75914,1685540076
newOrder,24999,1,75914,1685540076
cancel,11182,,,1685540655
cancel,18636,,,1685540655
cancel,19080,,,1685540655
cancel,24999,,,1685540655
newOrder,18636,0,41403,1685540680
newOrder,19080,1,41403,1685540680
newOrder,11182,0,167426,1685540680
newOrder,24999,1,167426,1685540680
cancel,11182,,,1685541254
cancel,18636,,,1685541254
cancel,19080,,,1685541254
cancel,24999,,,1685541254
newOrder,18636,0,41529,1685541277
newOrder,19080,1,41529,1685541277
newOrder,11182,0,103404,1685541277
newOrder,24999,1,103404,1685541277
cancel,11182,,,1685541855
cancel,18636,,,1685541855
cancel,19080,,,1685541855
cancel,24999,,,1685541855
newOrder,18636,0,41656,1685541878
newOrder,19080,1,41656,1685541878
newOrder,12302,0,50053,1685541878
newOrder,24999,1,50053,1685541878
cancel,12302,,,1685542454
cancel,18636,,,1685542454
cancel,19080,,,1685542454
cancel,24999,,,1685542454
newOrder,18636,0,41785,1685542478
newOrder,19080,1,41785,1685542478
newOrder,12302,0,51800,1685542478
newOrder,24999,1,51800,1685542478
cancel,12302,,,1685543055
cancel,18636,,,1685543055
cancel,19080,,,1685543055
cancel,24999,,,1685543055
newOrder,18636,0,41912,1685543078
newOrder,19080,1,41912,1685543078
newOrder,11182,0,224995,1685543078
newOrder,24999,1,224995,1685543078
cancel,11182,,,1685543656
cancel,18636,,,1685543656
cancel,19080,,,1685543656
cancel,24999,,,1685543656
newOrder,18636,0,42040,1685543682
newOrder,19080,1,42040,1685543682
newOrder,11182,0,83537,1685543682
newOrder,24999,1,83537,1685543682
cancel,11182,,,1685544255
cancel,18636,,,1685544255
cancel,19080,,,1685544255
cancel,24999,,,1685544255
newOrder,18636,0,42172,1685544278
newOrder,19080,1,42172,1685544278
newOrder,11182,0,224621,1685544278
newOrder,24999,1,224621,1685544278
cancel,11182,,,1685544855
cancel,18636,,,1685544855
cancel,19080,,,1685544855
cancel,24999,,,1685544855
newOrder,18636,0,42305,1685544879
newOrder,19080,1,42305,1685544879
newOrder,11182,0,104462,1685544879
newOrder,24999,1,104462,1685544879
cancel,11182,,,1685545455
cancel,18636,,,1685545455
cancel,19080,,,1685545455
cancel,24999,,,1685545455
newOrder,18634,0,42405,1685545477
newOrder,19080,1,42405,1685545477
newOrder,11181,0,209581,1685545477
newOrder,24999,1,209581,1685545477
cancel,11181,,,1685546055
cancel,18634,,,1685546055
cancel,19080,,,1685546055
cancel,24999,,,1685546055
newOrder,18634,0,42542,1685546079
newOrder,19080,1,42542,1685546079
newOrder,12302,0,53467,1685546079
newOrder,24999,1,53467,1685546079
cancel,12302,,,1685546655
cancel,18634,,,1685546655
cancel,19080,,,1685546655
cancel,24999,,,1685546655
newOrder,18634,0,42679,1685546679
newOrder,19080,1,42679,1685546679
newOrder,12302,0,49090,1685546679
newOrder,24999,1,49090,1685546679
cancel,12302,,,1685547254
cancel,18634,,,1685547254
cancel,19080,,,1685547254
cancel,24999,,,1685547254
newOrder,18634,0,42818,1685547282
newOrder,19080,1,42818,1685547282
newOrder,11181,0,198679,1685547282
newOrder,24999,1,198679,1685547282
cancel,11181,,,1685547855
cancel,18634,,,1685547855
cancel,19080,,,1685547855
cancel,24999,,,1685547855
newOrder,18634,0,42958,1685547879
newOrder,19080,1,42958,1685547879
newOrder,11181,0,121994,1685547879
newOrder,24999,1,121994,1685547879
cancel,11181,,,1685548456
cancel,18634,,,1685548456
cancel,19080,,,1685548456
cancel,24999,,,1685548456
newOrder,18634,0,43099,1685548480
newOrder,19080,1,43099,1685548480
newOrder,16111,0,32005,1685548480
cancel,16111,,,1685549054
cancel,18634,,,1685549054
cancel,19080,,,1685549054
newOrder,18634,0,43242,1685549078
newOrder,19080,1,43242,1685549078
newOrder,11181,0,71602,1685549078
newOrder,24999,1,71602,1685549078
cancel,11181,,,1685549654
cancel,18634,,,1685549654
cancel,19080,,,1685549654
cancel,24999,,,1685549654
newOrder,18634,0,43386,1685549678
newOrder,19080,1,43386,1685549678
newOrder,11181,0,131372,1685549678
newOrder,24999,1,131372,1685549678
cancel,11181,,,1685550254
cancel,18634,,,1685550254
cancel,19080,,,1685550254
cancel,24999,,,1685550254
newOrder,18634,0,43532,1685550279
newOrder,19080,1,43532,1685550279
newOrder,11181,0,101692,1685550279
newOrder,24999,1,101692,1685550279
cancel,11181,,,1685550854
cancel,18634,,,1685550854
cancel,19080,,,1685550854
cancel,24999,,,1685550854
newOrder,18634,0,43680,1685550880
newOrder,19080,1,43680,1685550880
newOrder,11181,0,167586,1685550880
newOrder,24999,1,167586,1685550880
cancel,11181,,,1685551454
cancel,18634,,,1685551454
cancel,19080,,,1685551454
cancel,24999,,,1685551454
newOrder,18634,0,43829,1685551480
newOrder,19080,1,43829,1685551480
newOrder,11181,0,140831,1685551480
newOrder,24999,1,140831,1685551480
cancel,11181,,,1685552055
cancel,18634,,,1685552055
cancel,19080,,,1685552055
cancel,24999,,,1685552055
newOrder,18634,0,43979,1685552080
newOrder,19080,1,43979,1685552080
newOrder,11181,0,158211,1685552080
newOrder,24999,1,158211,1685552080
cancel,11181,,,1685552655
cancel,18634,,,1685552655
cancel,19080,,,1685552655
cancel,24999,,,1685552655
newOrder,18634,0,44131,1685552677
newOrder,19080,1,44131,1685552677
newOrder,16111,0,34163,1685552677
cancel,16111,,,1685553254
cancel,18634,,,1685553254
cancel,19080,,,1685553254
newOrder,18634,0,44285,1685553282
newOrder,19080,1,44285,1685553282
newOrder,12162,0,61572,1685553282
newOrder,24999,1,61572,1685553282
cancel,12162,,,1685553855
cancel,18634,,,1685553855
cancel,19080,,,1685553855
cancel,24999,,,1685553855
newOrder,18634,0,44440,1685553878
newOrder,19080,1,44440,1685553878
newOrder,16111,0,35249,1685553878
cancel,16111,,,1685554455
cancel,18634,,,1685554455
cancel,19080,,,1685554455
newOrder,18634,0,44597,1685554478
newOrder,19080,1,44597,1685554478
newOrder,12302,0,57480,1685554478
newOrder,24999,1,57480,1685554478
cancel,12302,,,1685555055
cancel,18634,,,1685555055
cancel,19080,,,1685555055
cancel,24999,,,1685555055
newOrder,18525,0,41628,1685555077
newOrder,19080,1,41628,1685555077
newOrder,11115,0,112509,1685555077
newOrder,24999,1,112509,1685555077
cancel,11115,,,1685555656
cancel,18525,,,1685555656
cancel,19080,,,1685555656
cancel,24999,,,1685555656
newOrder,18567,0,43071,1685555682
newOrder,19080,1,43071,1685555682
newOrder,11140,0,96605,1685555682
newOrder,24999,1,96605,1685555682
cancel,11140,,,1685556254
cancel,18567,,,1685556254
cancel,19080,,,1685556254
cancel,24999,,,1685556254
newOrder,18565,0,43157,1685556277
newOrder,19080,1,43157,1685556277
newOrder,11139,0,99639,1685556277
newOrder,24999,1,99639,1685556277
cancel,11139,,,1685556855
cancel,18565,,,1685556855
cancel,19080,,,1685556855
cancel,24999,,,1685556855
newOrder,18567,0,43338,1685556878
newOrder,19080,1,43338,1685556878
newOrder,11140,0,88840,1685556878
newOrder,24999,1,88840,1685556878
cancel,11140,,,1685557455
cancel,18567,,,1685557455
cancel,19080,,,1685557455
cancel,24999,,,1685557455
newOrder,18566,0,43472,1685557478
newOrder,19080,1,43472,1685557478
newOrder,11140,0,156344,1685557478
newOrder,24999,1,156344,1685557478
cancel,11140,,,1685558055
cancel,18566,,,1685558055
cancel,19080,,,1685558055
cancel,24999,,,1685558055
newOrder,18568,0,43672,1685558079
newOrder,19080,1,43672,1685558079
newOrder,11141,0,129868,1685558079
newOrder,24999,1,129868,1685558079
cancel,11141,,,1685558655
cancel,18568,,,1685558655
cancel,19080,,,1685558655
cancel,24999,,,1685558655
newOrder,18568,0,43810,1685558677
newOrder,19080,1,43810,1685558677
newOrder,11141,0,170172,1685558677
newOrder,24999,1,170172,1685558677
cancel,11141,,,1685558875
cancel,18568,,,1685558875
cancel,19080,,,1685558875
cancel,24999,,,1685558875
newOrder,18568,0,43952,1685558899
newOrder,19080,1,43952,1685558899
newOrder,11141,0,107816,1685558899
newOrder,24999,1,107816,1685558899
cancel,11141,,,1685558933
cancel,18568,,,1685558933
cancel,19080,,,1685558933
cancel,24999,,,1685558933
newOrder,18567,0,43846,1685558959
newOrder,19080,1,43846,1685558959
newOrder,11140,0,171985,1685558959
newOrder,24999,1,171985,1685558959
cancel,11140,,,1685559562
cancel,18567,,,1685559562
cancel,19080,,,1685559562
cancel,24999,,,1685559562
newOrder,18554,0,43564,1685559586
newOrder,19080,1,43564,1685559586
newOrder,11132,0,175781,1685559586
newOrder,24999,1,175781,1685559586
cancel,11132,,,1685560163
cancel,18554,,,1685560163
cancel,19080,,,1685560163
cancel,24999,,,1685560163
newOrder,18554,0,43714,1685560188
newOrder,19080,1,43714,1685560188
newOrder,11133,0,131557,1685560188
newOrder,24999,1,131557,1685560188
cancel,11133,,,1685560765
cancel,18554,,,1685560765
cancel,19080,,,1685560765
cancel,24999,,,1685560765
newOrder,18555,0,43871,1685560788
newOrder,19080,1,43871,1685560788
newOrder,11133,0,197910,1685560788
newOrder,24999,1,197910,1685560788
cancel,11133,,,1685561362
cancel,18555,,,1685561362
cancel,19080,,,1685561362
cancel,24999,,,1685561362
newOrder,18556,0,44062,1685561386
newOrder,19080,1,44062,1685561386
newOrder,11134,0,168844,1685561386
newOrder,24999,1,168844,1685561386
cancel,11134,,,1685561963
cancel,18556,,,1685561963
cancel,19080,,,1685561963
cancel,24999,,,1685561963
newOrder,18556,0,44198,1685561988
newOrder,19080,1,44198,1685561988
newOrder,11133,0,107859,1685561988
newOrder,24999,1,107859,1685561988
cancel,11133,,,1685562270
cancel,18556,,,1685562270
cancel,19080,,,1685562270
cancel,24999,,,1685562270
newOrder,18555,0,22344,1685562866
newOrder,19080,1,22344,1685562866
newOrder,12302,0,23174,1685562866
newOrder,24999,1,23174,1685562866
cancel,12302,,,1685563476
cancel,18555,,,1685563476
cancel,19080,,,1685563476
cancel,24999,,,1685563476
newOrder,18554,0,22396,1685563499
newOrder,19080,1,22396,1685563499
newOrder,11132,0,49131,1685563499
newOrder,24999,1,49131,1685563499
cancel,11132,,,1685564076
cancel,18554,,,1685564076
cancel,19080,,,1685564076
cancel,24999,,,1685564076
newOrder,18554,0,22465,1685564099
newOrder,19080,1,22465,1685564099
newOrder,12013,0,41463,1685564099
newOrder,24999,1,41463,1685564099
cancel,12013,,,1685564676
cancel,18554,,,1685564676
cancel,19080,,,1685564676
cancel,24999,,,1685564676
newOrder,18554,0,22531,1685564700
newOrder,19080,1,22531,1685564700
newOrder,12302,0,37648,1685564700
newOrder,24999,1,37648,1685564700
cancel,12302,,,1685565276
cancel,18554,,,1685565276
cancel,19080,,,1685565276
cancel,24999,,,1685565276
newOrder,18554,0,22606,1685565300
newOrder,19080,1,22606,1685565300
newOrder,11132,0,52916,1685565300
newOrder,24999,1,52916,1685565300
cancel,11132,,,1685565876
cancel,18554,,,1685565876
cancel,19080,,,1685565876
cancel,24999,,,1685565876
newOrder,18555,0,22694,1685565898
newOrder,19080,1,22694,1685565898
newOrder,12302,0,26013,1685565898
newOrder,24999,1,26013,1685565898
cancel,12302,,,1685566476
cancel,18555,,,1685566476
cancel,19080,,,1685566476
cancel,24999,,,1685566476
newOrder,18554,0,22762,1685566499
newOrder,19080,1,22762,1685566499
newOrder,11133,0,63028,1685566499
newOrder,24999,1,63028,1685566499
cancel,11133,,,1685567076
cancel,18554,,,1685567076
cancel,19080,,,1685567076
cancel,24999,,,1685567076
newOrder,18554,0,22836,1685567101
newOrder,19080,1,22836,1685567101
newOrder,11133,0,100160,1685567101
newOrder,24999,1,100160,1685567101
cancel,11133,,,1685567676
cancel,18554,,,1685567676
cancel,19080,,,1685567676
cancel,24999,,,1685567676
newOrder,18555,0,22928,1685567700
newOrder,19080,1,22928,1685567700
newOrder,11133,0,106462,1685567700
newOrder,24999,1,102074,1685567700
cancel,11133,,,1685568276
cancel,18555,,,1685568276
cancel,19080,,,1685568276
cancel,24999,,,1685568276
newOrder,18555,0,23003,1685568300
newOrder,19080,1,23003,1685568300
newOrder,11133,0,96303,1685568300
newOrder,24999,1,96303,1685568300
cancel,11133,,,1685568877
cancel,18555,,,1685568877
cancel,19080,,,1685568877
cancel,24999,,,1685568877
newOrder,18555,0,23066,1685568900
newOrder,19080,1,23066,1685568900
newOrder,11133,0,46630,1685568900
newOrder,24999,1,46630,1685568900
cancel,11133,,,1685569458
cancel,18555,,,1685569458
cancel,19080,,,1685569458
cancel,24999,,,1685569458
newOrder,18554,0,23162,1685569527
newOrder,19080,1,23162,1685569527
newOrder,11133,0,55818,1685569527
newOrder,24999,1,55818,1685569527
cancel,11133,,,1685570137
cancel,18554,,,1685570137
cancel,19080,,,1685570137
cancel,24999,,,1685570137
newOrder,18555,0,23246,1685570160
newOrder,19080,1,23246,1685570160
newOrder,11133,0,79425,1685570160
newOrder,24999,1,79425,1685570160
cancel,11133,,,1685570737
cancel,18555,,,1685570737
cancel,19080,,,1685570737
cancel,24999,,,1685570737
newOrder,18555,0,23343,1685570761
newOrder,19080,1,23343,1685570761
newOrder,11133,0,61075,1685570761
newOrder,24999,1,61075,1685570761
cancel,11133,,,1685571338
cancel,18555,,,1685571338
cancel,19080,,,1685571338
cancel,24999,,,1685571338
newOrder,18556,0,23428,1685571361
newOrder,19080,1,23428,1685571361
newOrder,11133,0,106931,1685571361
newOrder,24999,1,101574,1685571361
cancel,11133,,,1685571937
cancel,18556,,,1685571937
cancel,19080,,,1685571937
cancel,24999,,,1685571937
newOrder,18556,0,23508,1685571963
newOrder,19080,1,23508,1685571963
newOrder,11133,0,100671,1685571963
newOrder,24999,1,100671,1685571963
cancel,11133,,,1685572538
cancel,18556,,,1685572538
cancel,19080,,,1685572538
cancel,24999,,,1685572538
newOrder,18556,0,23593,1685572560
newOrder,19080,1,23593,1685572560
newOrder,11134,0,92167,1685572560
newOrder,24999,1,92167,1685572560
cancel,11134,,,1685573137
cancel,18556,,,1685573137
cancel,19080,,,1685573137
cancel,24999,,,1685573137
newOrder,18555,0,23656,1685573158
newOrder,19080,1,23656,1685573158
newOrder,16111,0,14719,1685573158
cancel,16111,,,1685573737
cancel,18555,,,1685573737
cancel,19080,,,1685573737
newOrder,18556,0,23754,1685573762
newOrder,19080,1,23754,1685573762
newOrder,11133,0,60967,1685573762
newOrder,24999,1,60967,1685573762
cancel,11133,,,1685574337
cancel,18556,,,1685574337
cancel,19080,,,1685574337
cancel,24999,,,1685574337
newOrder,18556,0,23839,1685574358
newOrder,19080,1,23839,1685574358
newOrder,16111,0,15989,1685574358
cancel,16111,,,1685574937
cancel,18556,,,1685574937
cancel,19080,,,1685574937
newOrder,18555,0,23899,1685574960
newOrder,19080,1,23899,1685574960
newOrder,11133,0,44495,1685574960
newOrder,24957,1,44495,1685574960
cancel,11133,,,1685575537
cancel,18555,,,1685575537
cancel,19080,,,1685575537
cancel,24957,,,1685575537
newOrder,18556,0,24009,1685575560
newOrder,19080,1,24009,1685575560
newOrder,11134,0,63500,1685575560
newOrder,24999,1,63500,1685575560
cancel,11134,,,1685576137
cancel,18556,,,1685576137
cancel,19080,,,1685576137
cancel,24999,,,1685576137
newOrder,18556,0,24089,1685576160
newOrder,19080,1,24089,1685576160
newOrder,11133,0,52317,1685576160
newOrder,24999,1,52317,1685576160
cancel,11133,,,1685576737
cancel,18556,,,1685576737
cancel,19080,,,1685576737
cancel,24999,,,1685576737
newOrder,18555,0,24152,1685576762
newOrder,19080,1,24152,1685576762
newOrder,11133,0,124101,1685576762
newOrder,24999,1,100850,1685576762
cancel,11133,,,1685577337
cancel,18555,,,1685577337
cancel,19080,,,1685577337
cancel,24999,,,1685577337
newOrder,18555,0,24232,1685577360
newOrder,19080,1,24232,1685577360
newOrder,11133,0,61984,1685577360
newOrder,24999,1,61984,1685577360
cancel,11133,,,1685577938
cancel,18555,,,1685577938
cancel,19080,,,1685577938
cancel,24999,,,1685577938
newOrder,18555,0,24323,1685577961
newOrder,19080,1,24323,1685577961
newOrder,11133,0,75678,1685577961
newOrder,24999,1,75678,1685577961
cancel,11133,,,1685578537
cancel,18555,,,1685578537
cancel,19080,,,1685578537
cancel,24999,,,1685578537
newOrder,18555,0,24420,1685578560
newOrder,19080,1,24420,1685578560
newOrder,11133,0,66480,1685578560
newOrder,24999,1,66480,1685578560
cancel,11133,,,1685579137
cancel,18555,,,1685579137
cancel,19080,,,1685579137
cancel,24999,,,1685579137
newOrder,18555,0,24505,1685579162
newOrder,19080,1,24505,1685579162
newOrder,11133,0,66058,1685579162
newOrder,24999,1,66058,1685579162
cancel,11133,,,1685579737
cancel,18555,,,1685579737
cancel,19080,,,1685579737
cancel,24999,,,1685579737
newOrder,18554,0,24573,1685579763
newOrder,19080,1,24573,1685579763
newOrder,11133,0,59900,1685579763
newOrder,24999,1,59900,1685579763
cancel,11133,,,1685580338
cancel,18554,,,1685580338
cancel,19080,,,1685580338
cancel,24999,,,1685580338
newOrder,18555,0,24687,1685580364
newOrder,19080,1,24687,1685580364
newOrder,11133,0,46601,1685580364
newOrder,24957,1,46601,1685580364
cancel,11133,,,1685580937
cancel,18555,,,1685580937
cancel,19080,,,1685580937
cancel,24957,,,1685580937
newOrder,18556,0,24787,1685580961
newOrder,19080,1,24787,1685580961
newOrder,11133,0,115661,1685580961
newOrder,24999,1,100215,1685580961
cancel,11133,,,1685581537
cancel,18556,,,1685581537
cancel,19080,,,1685581537
cancel,24999,,,1685581537
newOrder,18556,0,24879,1685581559
newOrder,19080,1,24879,1685581559
newOrder,16111,0,16021,1685581559
cancel,16111,,,1685582137
cancel,18556,,,1685582137
cancel,19080,,,1685582137
newOrder,18556,0,24964,1685582160
newOrder,19080,1,24964,1685582160
newOrder,11133,0,115065,1685582160
newOrder,24999,1,100038,1685582160
cancel,11133,,,1685582737
cancel,18556,,,1685582737
cancel,19080,,,1685582737
cancel,24999,,,1685582737
newOrder,18555,0,25050,1685582761
newOrder,19080,1,25050,1685582761
newOrder,12162,0,41878,1685582761
newOrder,24957,1,41878,1685582761
cancel,12162,,,1685583337
cancel,18555,,,1685583337
cancel,19080,,,1685583337
cancel,24957,,,1685583337
newOrder,18556,0,25158,1685583361
newOrder,19080,1,25158,1685583361
newOrder,11134,0,77761,1685583361
newOrder,24999,1,77761,1685583361
cancel,11134,,,1685583938
cancel,18556,,,1685583938
cancel,19080,,,1685583938
cancel,24999,,,1685583938
newOrder,18556,0,25257,1685583969
newOrder,19080,1,25257,1685583969
newOrder,11134,0,66888,1685583969
newOrder,24999,1,66888,1685583969
cancel,11134,,,1685584537
cancel,18556,,,1685584537
cancel,19080,,,1685584537
cancel,24999,,,1685584537
newOrder,18556,0,25336,1685584561
newOrder,19080,1,25336,1685584561
newOrder,11133,0,59103,1685584561
newOrder,24999,1,59103,1685584561
cancel,11133,,,1685585137
cancel,18556,,,1685585137
cancel,19080,,,1685585137
cancel,24999,,,1685585137
newOrder,18555,0,25395,1685585159
newOrder,19080,1,25395,1685585159
newOrder,11133,0,100998,1685585159
newOrder,24999,1,99607,1685585159
cancel,11133,,,1685585737
cancel,18555,,,1685585737
cancel,19080,,,1685585737
cancel,24999,,,1685585737
newOrder,18555,0,25509,1685585760
newOrder,19080,1,25509,1685585760
newOrder,11133,0,87695,1685585760
newOrder,24999,1,87695,1685585760
cancel,11133,,,1685586337
cancel,18555,,,1685586337
cancel,19080,,,1685586337
cancel,24999,,,1685586337
newOrder,18555,0,25598,1685586360
newOrder,19080,1,25598,1685586360
newOrder,11133,0,52583,1685586360
newOrder,24999,1,52583,1685586360
cancel,11133,,,1685586938
cancel,18555,,,1685586938
cancel,19080,,,1685586938
cancel,24999,,,1685586938
newOrder,18554,0,25656,1685586962
newOrder,19080,1,25656,1685586962
newOrder,11133,0,93226,1685586962
newOrder,24999,1,93226,1685586962
cancel,11133,,,1685587538
cancel,18554,,,1685587538
cancel,19080,,,1685587538
cancel,24999,,,1685587538
newOrder,18554,0,25748,1685587561
newOrder,19080,1,25748,1685587561
newOrder,11133,0,69153,1685587561
newOrder,24999,1,69153,1685587561
cancel,11133,,,1685588136
cancel,18554,,,1685588136
cancel,19080,,,1685588136
cancel,24999,,,1685588136
newOrder,18554,0,25839,1685588159
newOrder,19080,1,25839,1685588159
newOrder,16111,0,20709,1685588159
cancel,16111,,,1685588737
cancel,18554,,,1685588737
cancel,19080,,,1685588737
newOrder,18554,0,25931,1685588761
newOrder,19080,1,25931,1685588761
newOrder,11133,0,68946,1685588761
newOrder,24999,1,68946,1685588761
cancel,11133,,,1685589336
cancel,18554,,,1685589336
cancel,19080,,,1685589336
cancel,24999,,,1685589336
newOrder,18553,0,25983,1685589359
newOrder,19080,1,25983,1685589359
newOrder,12302,0,39705,1685589359
newOrder,24957,1,39705,1685589359
cancel,12302,,,1685589937
cancel,18553,,,1685589937
cancel,19080,,,1685589937
cancel,24957,,,1685589937
newOrder,18553,0,26076,1685589961
newOrder,19080,1,26076,1685589961
newOrder,16111,0,20218,1685589961
cancel,16111,,,1685590537
cancel,18553,,,1685590537
cancel,19080,,,1685590537
newOrder,18554,0,26198,1685590559
newOrder,19080,1,26198,1685590559
newOrder,16111,0,17527,1685590559
cancel,16111,,,1685591137
cancel,18554,,,1685591137
cancel,19080,,,1685591137
newOrder,18552,0,26211,1685591158
newOrder,19080,1,26211,1685591158
newOrder,16111,0,25486,1685591158
cancel,16111,,,1685591737
cancel,18552,,,1685591737
cancel,19080,,,1685591737
newOrder,18553,0,26309,1685591760
newOrder,19080,1,26309,1685591760
newOrder,11132,0,126244,1685591760
newOrder,24999,1,98693,1685591760
cancel,11132,,,1685592337
cancel,18553,,,1685592337
cancel,19080,,,1685592337
cancel,24999,,,1685592337
newOrder,18553,0,26422,1685592360
newOrder,19080,1,26422,1685592360
newOrder,11132,0,139292,1685592360
cancel,11132,,,1685592937
cancel,18553,,,1685592937
cancel,19080,,,1685592937
newOrder,18554,0,26522,1685592959
newOrder,19080,1,26522,1685592959
newOrder,11132,0,71836,1685592959
newOrder,24999,1,71836,1685592959
cancel,11132,,,1685593537
cancel,18554,,,1685593537
cancel,19080,,,1685593537
cancel,24999,,,1685593537
newOrder,18554,0,26614,1685593558
newOrder,19080,1,26614,1685593558
newOrder,16111,0,23653,1685593558
cancel,16111,,,1685594137
cancel,18554,,,1685594137
cancel,19080,,,1685594137
newOrder,18553,0,26644,1685594161
newOrder,19080,1,26644,1685594161
newOrder,11132,0,115097,1685594161
newOrder,24999,1,98358,1685594161
cancel,11132,,,1685594737
cancel,18553,,,1685594737
cancel,19080,,,1685594737
cancel,24999,,,1685594737
newOrder,18519,0,25093,1685594762
newOrder,19080,1,25093,1685594762
newOrder,11111,0,96717,1685594762
newOrder,24999,1,96717,1685594762
cancel,11111,,,1685595337
cancel,18519,,,1685595337
cancel,19080,,,1685595337
cancel,24999,,,1685595337
newOrder,18515,0,24951,1685595361
newOrder,19080,1,24951,1685595361
newOrder,11109,0,75366,1685595361
newOrder,24999,1,75366,1685595361
cancel,11109,,,1685595939
cancel,18515,,,1685595939
cancel,19080,,,1685595939
cancel,24999,,,1685595939
newOrder,18515,0,24974,1685595962
newOrder,19080,1,24974,1685595962
newOrder,11109,0,95683,1685595962
newOrder,24999,1,95683,1685595962
cancel,11109,,,1685596537
cancel,18515,,,1685596537
cancel,19080,,,1685596537
cancel,24999,,,1685596537
newOrder,18515,0,24971,1685596560
newOrder,19080,1,24971,1685596560
newOrder,11109,0,112734,1685596560
newOrder,24999,1,100031,1685596560
cancel,11109,,,1685597137
cancel,18515,,,1685597137
cancel,19080,,,1685597137
cancel,24999,,,1685597137
newOrder,18412,0,19518,1685597161
newOrder,19080,1,19518,1685597161
newOrder,12302,0,24155,1685597161
newOrder,24957,1,24155,1685597161
cancel,12302,,,1685597737
cancel,18412,,,1685597737
cancel,19080,,,1685597737
cancel,24957,,,1685597737
newOrder,18412,0,19356,1685597762
newOrder,19080,1,19356,1685597762
newOrder,11047,0,80280,1685597762
newOrder,24999,1,80280,1685597762
cancel,11047,,,1685598337
cancel,18412,,,1685598337
cancel,19080,,,1685598337
cancel,24999,,,1685598337
newOrder,18412,0,19226,1685598359
newOrder,19080,1,19226,1685598359
newOrder,11047,0,84143,1685598359
newOrder,24999,1,84143,1685598359
cancel,11047,,,1685598938
cancel,18412,,,1685598938
cancel,19080,,,1685598938
cancel,24999,,,1685598938
newOrder,18413,0,19134,1685598962
newOrder,19080,1,19134,1685598962
newOrder,11048,0,57331,1685598962
newOrder,24999,1,57331,1685598962
cancel,11048,,,1685599537
cancel,18413,,,1685599537
cancel,19080,,,1685599537
cancel,24999,,,1685599537
newOrder,18412,0,18949,1685599561
newOrder,19080,1,18949,1685599561
newOrder,11047,0,77921,1685599561
newOrder,24999,1,77921,1685599561
cancel,11047,,,1685600137
cancel,18412,,,1685600137
cancel,19080,,,1685600137
cancel,24999,,,1685600137
newOrder,18413,0,18827,1685600161
newOrder,19080,1,18827,1685600161
newOrder,11048,0,42411,1685600161
newOrder,24957,1,42411,1685600161
cancel,11048,,,1685600737
cancel,18413,,,1685600737
cancel,19080,,,1685600737
cancel,24957,,,1685600737
newOrder,18415,0,18724,1685600760
newOrder,19080,1,18724,1685600760
newOrder,11049,0,49651,1685600760
newOrder,24999,1,49651,1685600760
cancel,11049,,,1685601337
cancel,18415,,,1685601337
cancel,19080,,,1685601337
cancel,24999,,,1685601337
newOrder,18416,0,18590,1685601360
newOrder,19080,1,18590,1685601360
newOrder,12302,0,30844,1685601360
newOrder,24957,1,30844,1685601360
cancel,12302,,,1685601937
cancel,18416,,,1685601937
cancel,19080,,,1685601937
cancel,24957,,,1685601937
newOrder,18415,0,18348,1685601961
newOrder,19080,1,18348,1685601961
newOrder,11049,0,45643,1685601961
newOrder,24999,1,45643,1685601961
cancel,11049,,,1685602537
cancel,18415,,,1685602537
cancel,19080,,,1685602537
cancel,24999,,,1685602537
newOrder,18415,0,18062,1685602562
newOrder,19080,1,18062,1685602562
newOrder,12302,0,32531,1685602562
newOrder,24957,1,32531,1685602562
cancel,12302,,,1685603137
cancel,18415,,,1685603137
cancel,19080,,,1685603137
cancel,24957,,,1685603137
newOrder,18415,0,17807,1685603158
newOrder,19080,1,17807,1685603158
newOrder,16111,0,16130,1685603158
cancel,16111,,,1685603737
cancel,18415,,,1685603737
cancel,19080,,,1685603737
newOrder,18416,0,17586,1685603760
newOrder,19080,1,17586,1685603760
newOrder,11049,0,94587,1685603760
newOrder,24999,1,94587,1685603760
cancel,11049,,,1685604337
cancel,18416,,,1685604337
cancel,19080,,,1685604337
cancel,24999,,,1685604337
newOrder,18415,0,17249,1685604360
newOrder,19080,1,17249,1685604360
newOrder,16111,0,15853,1685604360
cancel,16111,,,1685604937
cancel,18415,,,1685604937
cancel,19080,,,1685604937
newOrder,18338,0,12397,1685604959
newOrder,19080,1,12397,1685604959
newOrder,16111,0,9227,1685604959
cancel,16111,,,1685605537
cancel,18338,,,1685605537
cancel,19080,,,1685605537
newOrder,18292,0,9802,1685605562
newOrder,19080,1,9802,1685605562
newOrder,12302,0,14949,1685605562
newOrder,24957,1,14949,1685605562
cancel,12302,,,1685606137
cancel,18292,,,1685606137
cancel,19080,,,1685606137
cancel,24957,,,1685606137
newOrder,18293,0,9443,1685606161
newOrder,19080,1,9443,1685606161
newOrder,10976,0,33438,1685606161
newOrder,24957,1,33438,1685606161
cancel,10976,,,1685606738
cancel,18293,,,1685606738
cancel,19080,,,1685606738
cancel,24957,,,1685606738
newOrder,18292,0,8992,1685606759
newOrder,19080,1,8992,1685606759
newOrder,10975,0,37796,1685606759
newOrder,24999,1,37796,1685606759
cancel,10975,,,1685607339
cancel,18292,,,1685607339
cancel,19080,,,1685607339
cancel,24999,,,1685607339
newOrder,18292,0,8569,1685607361
newOrder,19080,1,8569,1685607361
newOrder,12302,0,19813,1685607361
newOrder,24957,1,19813,1685607361
cancel,12302,,,1685607937
cancel,18292,,,1685607937
cancel,19080,,,1685607937
cancel,24957,,,1685607937
newOrder,18293,0,8202,1685607959
newOrder,19080,1,8202,1685607959
newOrder,10976,0,40590,1685607959
newOrder,24999,1,40590,1685607959
cancel,10976,,,1685608537
cancel,18293,,,1685608537
cancel,19080,,,1685608537
cancel,24999,,,1685608537
newOrder,18293,0,7733,1685608559
newOrder,19080,1,7733,1685608559
newOrder,10976,0,27698,1685608559
newOrder,24957,1,27698,1685608559
cancel,10976,,,1685609137
cancel,18293,,,1685609137
cancel,19080,,,1685609137
cancel,24957,,,1685609137
newOrder,18294,0,7301,1685609160
newOrder,19080,1,7301,1685609160
newOrder,12162,0,23488,1685609160
newOrder,24957,1,23488,1685609160
cancel,12162,,,1685609736
cancel,18294,,,1685609736
cancel,19080,,,1685609736
cancel,24957,,,1685609736
newOrder,18288,0,6628,1685609761
newOrder,19080,1,6628,1685609761
newOrder,10973,0,33675,1685609761
newOrder,24999,1,33675,1685609761
cancel,10973,,,1685610336
cancel,18288,,,1685610336
cancel,19080,,,1685610336
cancel,24999,,,1685610336
newOrder,18287,0,6125,1685610360
newOrder,19080,1,6125,1685610360
newOrder,12302,0,12891,1685610360
newOrder,24957,1,12891,1685610360
cancel,12302,,,1685610937
cancel,18287,,,1685610937
cancel,19080,,,1685610937
cancel,24957,,,1685610937
newOrder,18287,0,5665,1685610959
newOrder,19080,1,5665,1685610959
newOrder,12162,0,21885,1685610959
newOrder,24957,1,21885,1685610959
cancel,12162,,,1685611538
cancel,18287,,,1685611538
cancel,19080,,,1685611538
cancel,24957,,,1685611538
newOrder,18287,0,5211,1685611562
newOrder,19080,1,5211,1685611562
newOrder,12302,0,13028,1685611562
newOrder,24957,1,13028,1685611562
cancel,12302,,,1685612137
cancel,18287,,,1685612137
cancel,19080,,,1685612137
cancel,24957,,,1685612137
newOrder,18287,0,4766,1685612161
newOrder,19080,1,4766,1685612161
newOrder,16111,0,3714,1685612161
cancel,16111,,,1685612737
cancel,18287,,,1685612737
cancel,19080,,,1685612737
newOrder,18287,0,4339,1685612761
newOrder,19080,1,4339,1685612761
newOrder,12302,0,9364,1685612761
newOrder,24957,1,9364,1685612761
cancel,12302,,,1685613337
cancel,18287,,,1685613337
cancel,19080,,,1685613337
cancel,24957,,,1685613337
newOrder,18287,0,3941,1685613358
newOrder,19080,1,3941,1685613358
newOrder,12302,0,10069,1685613358
newOrder,24957,1,10069,1685613358
cancel,12302,,,1685613937
cancel,18287,,,1685613937
cancel,19080,,,1685613937
cancel,24957,,,1685613937
newOrder,18288,0,3585,1685613961
newOrder,19080,1,3585,1685613961
newOrder,12302,0,13164,1685613961
newOrder,24957,1,13164,1685613961
cancel,12302,,,1685614538
cancel,18288,,,1685614538
cancel,19080,,,1685614538
cancel,24957,,,1685614538
newOrder,18288,0,3272,1685614561
newOrder,19080,1,3272,1685614561
newOrder,12302,0,17001,1685614561
newOrder,24957,1,17001,1685614561
cancel,12302,,,1685615136
cancel,18288,,,1685615136
cancel,19080,,,1685615136
cancel,24957,,,1685615136
newOrder,18287,0,2997,1685615159
newOrder,19080,1,2997,1685615159
newOrder,12302,0,15571,1685615159
newOrder,24957,1,15571,1685615159
cancel,12302,,,1685615737
cancel,18287,,,1685615737
cancel,19080,,,1685615737
cancel,24957,,,1685615737
newOrder,18288,0,2799,1685615760
newOrder,19080,1,2799,1685615760
newOrder,12302,0,11915,1685615760
newOrder,24957,1,11915,1685615760
cancel,12302,,,1685616337
cancel,18288,,,1685616337
cancel,19080,,,1685616337
cancel,24957,,,1685616337
newOrder,18287,0,2657,1685616363
newOrder,19080,1,2657,1685616363
newOrder,12302,0,11199,1685616363
newOrder,24957,1,11199,1685616363
cancel,12302,,,1685616937
cancel,18287,,,1685616937
cancel,19080,,,1685616937
cancel,24957,,,1685616937
newOrder,18287,0,2573,1685616960
newOrder,19080,1,2573,1685616960
newOrder,12302,0,4240,1685616960
newOrder,24957,1,4240,1685616960
cancel,12302,,,1685617536
cancel,18287,,,1685617536
cancel,19080,,,1685617536
cancel,24957,,,1685617536
newOrder,18287,0,2533,1685617560
newOrder,19080,1,2533,1685617560
newOrder,12302,0,4846,1685617560
newOrder,24957,1,4846,1685617560
cancel,12302,,,1685618137
cancel,18287,,,1685618137
cancel,19080,,,1685618137
cancel,24957,,,1685618137
newOrder,18287,0,2521,1685618160
newOrder,19080,1,2521,1685618160
newOrder,12302,0,9603,1685618160
newOrder,24957,1,9603,1685618160
cancel,12302,,,1685618737
cancel,18287,,,1685618737
cancel,19080,,,1685618737
cancel,24957,,,1685618737
newOrder,18288,0,2519,1685618760
newOrder,19080,1,2519,1685618760
newOrder,12302,0,6715,1685618760
newOrder,24957,1,6715,1685618760
cancel,12302,,,1685619235
cancel,18288,,,1685619235
cancel,19080,,,1685619235
cancel,24957,,,1685619235
newOrder,17925,0,2418,1685620871
newOrder,18989,1,251,1685620871
newOrder,12302,0,9974,1685620871
cancel,12302,,,1685621302
cancel,17925,,,1685621302
cancel,18989,,,1685621302
newOrder,17925,0,2418,1685621325
newOrder,18989,1,251,1685621325
newOrder,12302,0,4723,1685621325