instruction,price,side,qty,time
cancel,11946,,,1677857961
cancel,19909,,,1677857961
cancel,21062,,,1677857961
cancel,24999,,,1677857961
newOrder,19909,0,9516,1677857970
newOrder,21062,1,9516,1677857970
newOrder,11946,0,38064,1677857970
newOrder,24999,1,38064,1677857970
cancel,11946,,,1677858563
cancel,19909,,,1677858563
cancel,21062,,,1677858563
cancel,24999,,,1677858563
newOrder,19909,0,9603,1677858571
newOrder,20930,1,9603,1677858571
newOrder,11946,0,38410,1677858571
newOrder,24999,1,38410,1677858571
cancel,11946,,,1677859161
cancel,19909,,,1677859161
cancel,20930,,,1677859161
cancel,24999,,,1677859161
newOrder,19909,0,9614,1677859167
newOrder,20913,1,9614,1677859167
newOrder,11946,0,38458,1677859167
newOrder,24999,1,38458,1677859167
cancel,11946,,,1677859761
cancel,19909,,,1677859761
cancel,20913,,,1677859761
cancel,24999,,,1677859761
newOrder,19909,0,9617,1677859767
newOrder,20911,1,9617,1677859767
newOrder,11946,0,38466,1677859767
newOrder,24999,1,38466,1677859767
cancel,11946,,,1677860362
cancel,19909,,,1677860362
cancel,20911,,,1677860362
cancel,24999,,,1677860362
newOrder,19909,0,9618,1677860369
newOrder,20911,1,9618,1677860369
newOrder,11946,0,38471,1677860369
newOrder,24999,1,38471,1677860369
cancel,11946,,,1677860961
cancel,19909,,,1677860961
cancel,20911,,,1677860961
cancel,24999,,,1677860961
newOrder,19909,0,9618,1677860970
newOrder,20911,1,9618,1677860970
newOrder,11946,0,38474,1677860970
newOrder,24999,1,38474,1677860970
cancel,11946,,,1677861561
cancel,19909,,,1677861561
cancel,20911,,,1677861561
cancel,24999,,,1677861561
newOrder,19909,0,9526,1677861568
newOrder,21057,1,9526,1677861568
newOrder,11946,0,38105,1677861568
newOrder,24999,1,38105,1677861568
cancel,11946,,,1677862163
cancel,19909,,,1677862163
cancel,21057,,,1677862163
cancel,24999,,,1677862163
newOrder,19909,0,9527,1677862169
newOrder,21057,1,9527,1677862169
newOrder,11946,0,38109,1677862169
newOrder,24999,1,38109,1677862169
cancel,11946,,,1677862763
cancel,19909,,,1677862763
cancel,21057,,,1677862763
cancel,24999,,,1677862763
newOrder,19909,0,9490,1677862771
newOrder,21113,1,9490,1677862771
newOrder,11946,0,37962,1677862771
newOrder,24999,1,37962,1677862771
cancel,11946,,,1677863361
cancel,19909,,,1677863361
cancel,21113,,,1677863361
cancel,24999,,,1677863361
newOrder,19909,0,9492,1677863368
newOrder,21113,1,9492,1677863368
newOrder,11946,0,37966,1677863368
newOrder,24999,1,37966,1677863368
cancel,11946,,,1677863962
cancel,19909,,,1677863962
cancel,21113,,,1677863962
cancel,24999,,,1677863962
newOrder,19909,0,9493,1677863968
newOrder,21113,1,9493,1677863968
newOrder,11946,0,37971,1677863968
newOrder,24999,1,37971,1677863968
cancel,11946,,,1677864561
cancel,19909,,,1677864561
cancel,21113,,,1677864561
cancel,24999,,,1677864561
newOrder,19909,0,9494,1677864568
newOrder,21113,1,9494,1677864568
newOrder,11946,0,37975,1677864568
newOrder,24999,1,37975,1677864568
cancel,11946,,,1677865161
cancel,19909,,,1677865161
cancel,21113,,,1677865161
cancel,24999,,,1677865161
newOrder,19909,0,9495,1677865169
newOrder,21113,1,9495,1677865169
newOrder,11946,0,37979,1677865169
newOrder,24999,1,37979,1677865169
cancel,11946,,,1677865762
cancel,19909,,,1677865762
cancel,21113,,,1677865762
cancel,24999,,,1677865762
newOrder,19909,0,9496,1677865772
newOrder,21113,1,9496,1677865772
newOrder,11946,0,37984,1677865772
newOrder,24999,1,37984,1677865772
cancel,11946,,,1677866361
cancel,19909,,,1677866361
cancel,21113,,,1677866361
cancel,24999,,,1677866361
newOrder,19909,0,9497,1677866368
newOrder,21113,1,9497,1677866368
newOrder,11946,0,37988,1677866368
newOrder,24999,1,37988,1677866368
cancel,11946,,,1677866962
cancel,19909,,,1677866962
cancel,21113,,,1677866962
cancel,24999,,,1677866962
newOrder,19909,0,9498,1677866971
newOrder,21113,1,9498,1677866971
newOrder,11946,0,37993,1677866971
newOrder,24999,1,37993,1677866971
cancel,11946,,,1677867561
cancel,19909,,,1677867561
cancel,21113,,,1677867561
cancel,24999,,,1677867561
newOrder,19909,0,9499,1677867569
newOrder,21113,1,9499,1677867569
newOrder,11946,0,37997,1677867569
newOrder,24999,1,37997,1677867569
cancel,11946,,,1677868162
cancel,19909,,,1677868162
cancel,21113,,,1677868162
cancel,24999,,,1677868162
newOrder,19909,0,9500,1677868171
newOrder,21113,1,9500,1677868171
newOrder,11946,0,38002,1677868171
newOrder,24999,1,38002,1677868171
cancel,11946,,,1677868761
cancel,19909,,,1677868761
cancel,21113,,,1677868761
cancel,24999,,,1677868761
newOrder,19909,0,9501,1677868770
newOrder,21113,1,9501,1677868770
newOrder,11946,0,38006,1677868770
newOrder,24999,1,38006,1677868770
cancel,11946,,,1677869361
cancel,19909,,,1677869361
cancel,21113,,,1677869361
cancel,24999,,,1677869361
newOrder,19909,0,9503,1677869368
newOrder,21113,1,9503,1677869368
newOrder,11946,0,38010,1677869368
newOrder,24999,1,38010,1677869368
cancel,11946,,,1677869961
cancel,19909,,,1677869961
cancel,21113,,,1677869961
cancel,24999,,,1677869961
newOrder,19909,0,9504,1677869970
newOrder,21113,1,9504,1677869970
newOrder,11946,0,38015,1677869970
newOrder,24999,1,38015,1677869970
cancel,11946,,,1677870562
cancel,19909,,,1677870562
cancel,21113,,,1677870562
cancel,24999,,,1677870562
newOrder,19909,0,9505,1677870570
newOrder,21113,1,9505,1677870570
newOrder,11946,0,38019,1677870570
newOrder,24999,1,38019,1677870570
cancel,11946,,,1677871161
cancel,19909,,,1677871161
cancel,21113,,,1677871161
cancel,24999,,,1677871161
newOrder,19909,0,9506,1677871168
newOrder,21113,1,9506,1677871168
newOrder,11946,0,38024,1677871168
newOrder,24999,1,38024,1677871168
cancel,11946,,,1677871761
cancel,19909,,,1677871761
cancel,21113,,,1677871761
cancel,24999,,,1677871761
newOrder,19909,0,9507,1677871769
newOrder,21113,1,9507,1677871769
newOrder,11946,0,38028,1677871769
newOrder,24999,1,38028,1677871769
cancel,11946,,,1677872361
cancel,19909,,,1677872361
cancel,21113,,,1677872361
cancel,24999,,,1677872361
newOrder,19909,0,9508,1677872369
newOrder,21113,1,9508,1677872369
newOrder,11946,0,38033,1677872369
newOrder,24999,1,38033,1677872369
cancel,11946,,,1677872961
cancel,19909,,,1677872961
cancel,21113,,,1677872961
cancel,24999,,,1677872961
newOrder,19909,0,9509,1677872971
newOrder,21113,1,9509,1677872971
newOrder,11946,0,38037,1677872971
newOrder,24999,1,38037,1677872971
cancel,11946,,,1677873561
cancel,19909,,,1677873561
cancel,21113,,,1677873561
cancel,24999,,,1677873561
newOrder,19909,0,9510,1677873569
newOrder,21113,1,9510,1677873569
newOrder,11946,0,38042,1677873569
newOrder,24999,1,38042,1677873569
cancel,11946,,,1677874161
cancel,19909,,,1677874161
cancel,21113,,,1677874161
cancel,24999,,,1677874161
newOrder,19909,0,9512,1677874169
newOrder,21113,1,9512,1677874169
newOrder,11946,0,38046,1677874169
newOrder,24999,1,38046,1677874169
cancel,11946,,,1677874762
cancel,19909,,,1677874762
cancel,21113,,,1677874762
cancel,24999,,,1677874762
newOrder,19909,0,9513,1677874769
newOrder,21113,1,9513,1677874769
newOrder,11946,0,38050,1677874769
newOrder,24999,1,38050,1677874769
cancel,11946,,,1677875361
cancel,19909,,,1677875361
cancel,21113,,,1677875361
cancel,24999,,,1677875361
newOrder,19909,0,9485,1677875371
newOrder,21155,1,9485,1677875371
newOrder,11946,0,37938,1677875371
newOrder,24999,1,37938,1677875371
cancel,11946,,,1677875961
cancel,19909,,,1677875961
cancel,21155,,,1677875961
cancel,24999,,,1677875961
newOrder,19909,0,9486,1677875968
newOrder,21155,1,9486,1677875968
newOrder,11946,0,37943,1677875968
newOrder,24999,1,37943,1677875968
cancel,11946,,,1677876561
cancel,19909,,,1677876561
cancel,21155,,,1677876561
cancel,24999,,,1677876561
newOrder,19909,0,9487,1677876568
newOrder,21155,1,9487,1677876568
newOrder,11946,0,37947,1677876568
newOrder,24999,1,37947,1677876568
cancel,11946,,,1677877161
cancel,19909,,,1677877161
cancel,21155,,,1677877161
cancel,24999,,,1677877161
newOrder,19909,0,9488,1677877170
newOrder,21155,1,9488,1677877170
newOrder,11946,0,37951,1677877170
newOrder,24999,1,37951,1677877170
cancel,11946,,,1677877761
cancel,19909,,,1677877761
cancel,21155,,,1677877761
cancel,24999,,,1677877761
newOrder,19909,0,9489,1677877770
newOrder,21155,1,9489,1677877770
newOrder,11946,0,37956,1677877770
newOrder,24999,1,37956,1677877770
cancel,11946,,,1677878361
cancel,19909,,,1677878361
cancel,21155,,,1677878361
cancel,24999,,,1677878361
newOrder,19909,0,9490,1677878368
newOrder,21155,1,9490,1677878368
newOrder,11946,0,37960,1677878368
newOrder,24999,1,37960,1677878368
cancel,11946,,,1677878961
cancel,19909,,,1677878961
cancel,21155,,,1677878961
cancel,24999,,,1677878961
newOrder,19909,0,9491,1677878969
newOrder,21155,1,9491,1677878969
newOrder,11946,0,37965,1677878969
newOrder,24999,1,37965,1677878969
cancel,11946,,,1677879561
cancel,19909,,,1677879561
cancel,21155,,,1677879561
cancel,24999,,,1677879561
newOrder,19909,0,9492,1677879568
newOrder,21155,1,9492,1677879568
newOrder,11946,0,37969,1677879568
newOrder,24999,1,37969,1677879568
cancel,11946,,,1677880162
cancel,19909,,,1677880162
cancel,21155,,,1677880162
cancel,24999,,,1677880162
newOrder,19909,0,9440,1677880169
newOrder,21230,1,9440,1677880169
newOrder,11946,0,37758,1677880169
newOrder,24999,1,37758,1677880169
cancel,11946,,,1677880762
cancel,19909,,,1677880762
cancel,21230,,,1677880762
cancel,24999,,,1677880762
newOrder,19909,0,9441,1677880770
newOrder,21230,1,9441,1677880770
newOrder,11946,0,37763,1677880770
newOrder,24999,1,37763,1677880770
cancel,11946,,,1677881362
cancel,19909,,,1677881362
cancel,21230,,,1677881362
cancel,24999,,,1677881362
newOrder,19909,0,9442,1677881368
newOrder,21230,1,9442,1677881368
newOrder,11946,0,37767,1677881368
newOrder,24999,1,37767,1677881368
cancel,11946,,,1677881962
cancel,19909,,,1677881962
cancel,21230,,,1677881962
cancel,24999,,,1677881962
newOrder,19909,0,9387,1677881971
newOrder,21304,1,9387,1677881971
newOrder,11946,0,37549,1677881971
newOrder,24999,1,37549,1677881971
cancel,11946,,,1677882560
cancel,19909,,,1677882560
cancel,21304,,,1677882560
cancel,24999,,,1677882560
newOrder,19909,0,9388,1677882569
newOrder,21304,1,9388,1677882569
newOrder,11946,0,37553,1677882569
newOrder,24999,1,37553,1677882569
cancel,11946,,,1677883161
cancel,19909,,,1677883161
cancel,21304,,,1677883161
cancel,24999,,,1677883161
newOrder,19909,0,9389,1677883169
newOrder,21304,1,9389,1677883169
newOrder,11946,0,37557,1677883169
newOrder,24999,1,37557,1677883169
cancel,11946,,,1677883761
cancel,19909,,,1677883761
cancel,21304,,,1677883761
cancel,24999,,,1677883761
newOrder,19909,0,9390,1677883769
newOrder,21304,1,9390,1677883769
newOrder,11946,0,37562,1677883769
newOrder,24999,1,37562,1677883769
cancel,11946,,,1677884362
cancel,19909,,,1677884362
cancel,21304,,,1677884362
cancel,24999,,,1677884362
newOrder,19909,0,9391,1677884370
newOrder,21304,1,9391,1677884370
newOrder,11946,0,37566,1677884370
newOrder,24999,1,37566,1677884370
cancel,11946,,,1677884961
cancel,19909,,,1677884961
cancel,21304,,,1677884961
cancel,24999,,,1677884961
newOrder,19909,0,9393,1677884969
newOrder,21304,1,9393,1677884969
newOrder,11946,0,37570,1677884969
newOrder,24999,1,37570,1677884969
cancel,11946,,,1677885561
cancel,19909,,,1677885561
cancel,21304,,,1677885561
cancel,24999,,,1677885561
newOrder,19909,0,9394,1677885569
newOrder,21304,1,9394,1677885569
newOrder,11946,0,37575,1677885569
newOrder,24999,1,37575,1677885569
cancel,11946,,,1677886162
cancel,19909,,,1677886162
cancel,21304,,,1677886162
cancel,24999,,,1677886162
newOrder,19909,0,9363,1677886170
newOrder,21346,1,9363,1677886170
newOrder,11946,0,37450,1677886170
newOrder,24999,1,37450,1677886170
cancel,11946,,,1677886762
cancel,19909,,,1677886762
cancel,21346,,,1677886762
cancel,24999,,,1677886762
newOrder,19909,0,9364,1677886770
newOrder,21346,1,9364,1677886770
newOrder,11946,0,37455,1677886770
newOrder,24999,1,37455,1677886770
cancel,11946,,,1677887362
cancel,19909,,,1677887362
cancel,21346,,,1677887362
cancel,24999,,,1677887362
newOrder,19909,0,9365,1677887368
newOrder,21346,1,9365,1677887368
newOrder,11946,0,37459,1677887368
newOrder,24999,1,37459,1677887368
cancel,11946,,,1677887962
cancel,19909,,,1677887962
cancel,21346,,,1677887962
cancel,24999,,,1677887962
newOrder,19909,0,9366,1677887969
newOrder,21346,1,9366,1677887969
newOrder,11946,0,37463,1677887969
newOrder,24999,1,37463,1677887969
cancel,11946,,,1677888561
cancel,19909,,,1677888561
cancel,21346,,,1677888561
cancel,24999,,,1677888561
newOrder,19909,0,9367,1677888567
newOrder,21346,1,9367,1677888567
newOrder,11946,0,37467,1677888567
newOrder,24999,1,37467,1677888567
cancel,11946,,,1677889162
cancel,19909,,,1677889162
cancel,21346,,,1677889162
cancel,24999,,,1677889162
newOrder,19909,0,9366,1677889169
newOrder,21349,1,9366,1677889169
newOrder,11946,0,37464,1677889169
newOrder,24999,1,37464,1677889169
cancel,11946,,,1677889760
cancel,19909,,,1677889760
cancel,21349,,,1677889760
cancel,24999,,,1677889760
newOrder,19909,0,9367,1677889767
newOrder,21349,1,9367,1677889767
newOrder,11946,0,37468,1677889767
newOrder,24999,1,37468,1677889767
cancel,11946,,,1677890362
cancel,19909,,,1677890362
cancel,21349,,,1677890362
cancel,24999,,,1677890362
newOrder,19909,0,9368,1677890369
newOrder,21349,1,9368,1677890369
newOrder,11946,0,37472,1677890369
newOrder,24999,1,37472,1677890369
cancel,11946,,,1677890961
cancel,19909,,,1677890961
cancel,21349,,,1677890961
cancel,24999,,,1677890961
newOrder,19909,0,9369,1677890969
newOrder,21349,1,9369,1677890969
newOrder,11946,0,37477,1677890969
newOrder,24999,1,37477,1677890969
cancel,11946,,,1677891561
cancel,19909,,,1677891561
cancel,21349,,,1677891561
cancel,24999,,,1677891561
newOrder,19909,0,9370,1677891568
newOrder,21349,1,9370,1677891568
newOrder,11946,0,37481,1677891568
newOrder,24999,1,37481,1677891568
cancel,11946,,,1677892162
cancel,19909,,,1677892162
cancel,21349,,,1677892162
cancel,24999,,,1677892162
newOrder,19909,0,9371,1677892170
newOrder,21349,1,9371,1677892170
newOrder,11946,0,37485,1677892170
newOrder,24999,1,37485,1677892170
cancel,11946,,,1677892761
cancel,19909,,,1677892761
cancel,21349,,,1677892761
cancel,24999,,,1677892761
newOrder,19909,0,9372,1677892768
newOrder,21349,1,9372,1677892768
newOrder,11946,0,37489,1677892768
newOrder,24999,1,37489,1677892768
cancel,11946,,,1677893361
cancel,19909,,,1677893361
cancel,21349,,,1677893361
cancel,24999,,,1677893361
newOrder,19909,0,9373,1677893368
newOrder,21349,1,9373,1677893368
newOrder,11946,0,37494,1677893368
newOrder,24999,1,37494,1677893368
cancel,11946,,,1677893961
cancel,19909,,,1677893961
cancel,21349,,,1677893961
cancel,24999,,,1677893961
newOrder,19909,0,9375,1677893967
newOrder,21349,1,9375,1677893967
newOrder,11946,0,37498,1677893967
newOrder,24999,1,37498,1677893967
cancel,11946,,,1677894561
cancel,19909,,,1677894561
cancel,21349,,,1677894561
cancel,24999,,,1677894561
newOrder,19909,0,9376,1677894567
newOrder,21349,1,9376,1677894567
newOrder,11946,0,37502,1677894567
newOrder,24999,1,37502,1677894567
cancel,11946,,,1677895161
cancel,19909,,,1677895161
cancel,21349,,,1677895161
cancel,24999,,,1677895161
newOrder,19909,0,9377,1677895169
newOrder,21349,1,9377,1677895169
newOrder,11946,0,37507,1677895169
newOrder,24999,1,37507,1677895169
cancel,11946,,,1677895761
cancel,19909,,,1677895761
cancel,21349,,,1677895761
cancel,24999,,,1677895761
newOrder,19909,0,9345,1677895769
newOrder,21391,1,9345,1677895769
newOrder,11946,0,37381,1677895769
newOrder,24999,1,37381,1677895769
cancel,11946,,,1677896361
cancel,19909,,,1677896361
cancel,21391,,,1677896361
cancel,24999,,,1677896361
newOrder,19909,0,9346,1677896368
newOrder,21391,1,9346,1677896368
newOrder,11946,0,37385,1677896368
newOrder,24999,1,37385,1677896368
cancel,11946,,,1677896961
cancel,19909,,,1677896961
cancel,21391,,,1677896961
cancel,24999,,,1677896961
newOrder,19909,0,9347,1677896970
newOrder,21391,1,9347,1677896970
newOrder,11946,0,37389,1677896970
newOrder,24999,1,37389,1677896970
cancel,11946,,,1677897562
cancel,19909,,,1677897562
cancel,21391,,,1677897562
cancel,24999,,,1677897562
newOrder,19909,0,9348,1677897569
newOrder,21391,1,9348,1677897569
newOrder,11946,0,37394,1677897569
newOrder,24999,1,37394,1677897569
cancel,11946,,,1677898161
cancel,19909,,,1677898161
cancel,21391,,,1677898161
cancel,24999,,,1677898161
newOrder,19909,0,9349,1677898169
newOrder,21391,1,9349,1677898169
newOrder,11946,0,37398,1677898169
newOrder,24999,1,37398,1677898169
cancel,11946,,,1677898761
cancel,19909,,,1677898761
cancel,21391,,,1677898761
cancel,24999,,,1677898761
newOrder,19909,0,9351,1677898768
newOrder,21391,1,9351,1677898768
newOrder,11946,0,37402,1677898768
newOrder,24999,1,37402,1677898768
cancel,11946,,,1677899362
cancel,19909,,,1677899362
cancel,21391,,,1677899362
cancel,24999,,,1677899362
newOrder,19909,0,9352,1677899369
newOrder,21391,1,9352,1677899369
newOrder,11946,0,37406,1677899369
newOrder,24999,1,37406,1677899369
cancel,11946,,,1677899962
cancel,19909,,,1677899962
cancel,21391,,,1677899962
cancel,24999,,,1677899962
newOrder,19909,0,9353,1677899971
newOrder,21391,1,9353,1677899971
newOrder,11946,0,37411,1677899971
newOrder,24999,1,37411,1677899971
cancel,11946,,,1677900562
cancel,19909,,,1677900562
cancel,21391,,,1677900562
cancel,24999,,,1677900562
newOrder,19909,0,9354,1677900569
newOrder,21391,1,9354,1677900569
newOrder,11946,0,37415,1677900569
newOrder,24999,1,37415,1677900569
cancel,11946,,,1677901161
cancel,19909,,,1677901161
cancel,21391,,,1677901161
cancel,24999,,,1677901161
newOrder,19909,0,9355,1677901168
newOrder,21391,1,9355,1677901168
newOrder,11946,0,37419,1677901168
newOrder,24999,1,37419,1677901168
cancel,11946,,,1677901761
cancel,19909,,,1677901761
cancel,21391,,,1677901761
cancel,24999,,,1677901761
newOrder,19909,0,9356,1677901767
newOrder,21391,1,9356,1677901767
newOrder,11946,0,37424,1677901767
newOrder,24999,1,37424,1677901767
cancel,11946,,,1677902362
cancel,19909,,,1677902362
cancel,21391,,,1677902362
cancel,24999,,,1677902362
newOrder,19909,0,9357,1677902368
newOrder,21391,1,9357,1677902368
newOrder,11946,0,37428,1677902368
newOrder,24999,1,37428,1677902368
cancel,11946,,,1677902961
cancel,19909,,,1677902961
cancel,21391,,,1677902961
cancel,24999,,,1677902961
newOrder,19909,0,9358,1677902970
newOrder,21391,1,9358,1677902970
newOrder,11946,0,37432,1677902970
newOrder,24999,1,37432,1677902970
cancel,11946,,,1677903561
cancel,19909,,,1677903561
cancel,21391,,,1677903561
cancel,24999,,,1677903561
newOrder,19909,0,9359,1677903568
newOrder,21391,1,9359,1677903568
newOrder,11946,0,37436,1677903568
newOrder,24999,1,37436,1677903568
cancel,11946,,,1677904162
cancel,19909,,,1677904162
cancel,21391,,,1677904162
cancel,24999,,,1677904162
newOrder,19909,0,9360,1677904168
newOrder,21391,1,9360,1677904168
newOrder,11946,0,37441,1677904168
newOrder,24999,1,37441,1677904168
cancel,11946,,,1677904761
cancel,19909,,,1677904761
cancel,21391,,,1677904761
cancel,24999,,,1677904761
newOrder,19909,0,9361,1677904768
newOrder,21391,1,9361,1677904768
newOrder,11946,0,37445,1677904768
newOrder,24999,1,37445,1677904768
cancel,11946,,,1677905361
cancel,19909,,,1677905361
cancel,21391,,,1677905361
cancel,24999,,,1677905361
newOrder,19909,0,9362,1677905369
newOrder,21391,1,9362,1677905369
newOrder,11946,0,37449,1677905369
newOrder,24999,1,37449,1677905369
cancel,11946,,,1677905963
cancel,19909,,,1677905963
cancel,21391,,,1677905963
cancel,24999,,,1677905963
newOrder,19909,0,9422,1677905969
newOrder,21316,1,9422,1677905969
newOrder,11946,0,37686,1677905969
newOrder,24999,1,37686,1677905969
cancel,11946,,,1677906561
cancel,19909,,,1677906561
cancel,21316,,,1677906561
cancel,24999,,,1677906561
newOrder,19909,0,9423,1677906568
newOrder,21315,1,9423,1677906568
newOrder,11946,0,37693,1677906568
newOrder,24999,1,37693,1677906568
cancel,11946,,,1677907161
cancel,19909,,,1677907161
cancel,21315,,,1677907161
cancel,24999,,,1677907161
newOrder,19909,0,9424,1677907167
newOrder,21315,1,9424,1677907167
newOrder,11946,0,37697,1677907167
newOrder,24999,1,37697,1677907167
cancel,11946,,,1677907760
cancel,19909,,,1677907760
cancel,21315,,,1677907760
cancel,24999,,,1677907760
newOrder,19909,0,9425,1677907770
newOrder,21316,1,9425,1677907770
newOrder,11946,0,37699,1677907770
newOrder,24999,1,37699,1677907770
cancel,11946,,,1677908361
cancel,19909,,,1677908361
cancel,21316,,,1677908361
cancel,24999,,,1677908361
newOrder,19909,0,9426,1677908368
newOrder,21317,1,9426,1677908368
newOrder,11946,0,37702,1677908368
newOrder,24999,1,37702,1677908368
cancel,11946,,,1677908960
cancel,19909,,,1677908960
cancel,21317,,,1677908960
cancel,24999,,,1677908960
newOrder,19909,0,9427,1677908969
newOrder,21316,1,9427,1677908969
newOrder,11946,0,37708,1677908969
newOrder,24999,1,37708,1677908969
cancel,11946,,,1677909561
cancel,19909,,,1677909561
cancel,21316,,,1677909561
cancel,24999,,,1677909561
newOrder,19909,0,9428,1677909568
newOrder,21316,1,9428,1677909568
newOrder,11946,0,37713,1677909568
newOrder,24999,1,37713,1677909568
cancel,11946,,,1677910162
cancel,19909,,,1677910162
cancel,21316,,,1677910162
cancel,24999,,,1677910162
newOrder,19909,0,9429,1677910170
newOrder,21316,1,9429,1677910170
newOrder,11946,0,37717,1677910170
newOrder,24999,1,37717,1677910170
cancel,11946,,,1677910761
cancel,19909,,,1677910761
cancel,21316,,,1677910761
cancel,24999,,,1677910761
newOrder,19909,0,9431,1677910768
newOrder,21315,1,9431,1677910768
newOrder,11946,0,37725,1677910768
newOrder,24999,1,37725,1677910768
cancel,11946,,,1677911361
cancel,19909,,,1677911361
cancel,21315,,,1677911361
cancel,24999,,,1677911361
newOrder,19909,0,9432,1677911368
newOrder,21315,1,9432,1677911368
newOrder,11946,0,37729,1677911368
newOrder,24999,1,37729,1677911368
cancel,11946,,,1677911963
cancel,19909,,,1677911963
cancel,21315,,,1677911963
cancel,24999,,,1677911963
newOrder,19909,0,9433,1677911970
newOrder,21315,1,9433,1677911970
newOrder,11946,0,37733,1677911970
newOrder,24999,1,37733,1677911970
cancel,11946,,,1677912561
cancel,19909,,,1677912561
cancel,21315,,,1677912561
cancel,24999,,,1677912561
newOrder,19909,0,9435,1677912568
newOrder,21315,1,9435,1677912568
newOrder,11946,0,37738,1677912568
newOrder,24999,1,37738,1677912568
cancel,11946,,,1677913162
cancel,19909,,,1677913162
cancel,21315,,,1677913162
cancel,24999,,,1677913162
newOrder,19909,0,9434,1677913169
newOrder,21316,1,9434,1677913169
newOrder,11946,0,37738,1677913169
newOrder,24999,1,37738,1677913169
cancel,11946,,,1677913761
cancel,19909,,,1677913761
cancel,21316,,,1677913761
cancel,24999,,,1677913761
newOrder,19909,0,9437,1677913769
newOrder,21314,1,9437,1677913769
newOrder,11946,0,37749,1677913769
newOrder,24999,1,37749,1677913769
cancel,11946,,,1677914362
cancel,19909,,,1677914362
cancel,21314,,,1677914362
cancel,24999,,,1677914362
newOrder,19909,0,9438,1677914370
newOrder,21315,1,9438,1677914370
newOrder,11946,0,37751,1677914370
newOrder,24999,1,37751,1677914370
cancel,11946,,,1677914961
cancel,19909,,,1677914961
cancel,21315,,,1677914961
cancel,24999,,,1677914961
newOrder,19909,0,9438,1677914967
newOrder,21316,1,9438,1677914967
newOrder,11946,0,37751,1677914967
newOrder,24999,1,37751,1677914967
cancel,11946,,,1677915561
cancel,19909,,,1677915561
cancel,21316,,,1677915561
cancel,24999,,,1677915561
newOrder,19909,0,9440,1677915568
newOrder,21315,1,9440,1677915568
newOrder,11946,0,37758,1677915568
newOrder,24999,1,37758,1677915568
cancel,11946,,,1677916162
cancel,19909,,,1677916162
cancel,21315,,,1677916162
cancel,24999,,,1677916162
newOrder,19909,0,9432,1677916170
newOrder,21326,1,9432,1677916170
newOrder,11946,0,37730,1677916170
newOrder,24999,1,37730,1677916170
cancel,11946,,,1677916762
cancel,19909,,,1677916762
cancel,21326,,,1677916762
cancel,24999,,,1677916762
newOrder,19909,0,9442,1677916770
newOrder,21315,1,9442,1677916770
newOrder,11946,0,37767,1677916770
newOrder,24999,1,37767,1677916770
cancel,11946,,,1677917362
cancel,19909,,,1677917362
cancel,21315,,,1677917362
cancel,24999,,,1677917362
newOrder,19909,0,9442,1677917368
newOrder,21316,1,9442,1677917368
newOrder,11946,0,37770,1677917368
newOrder,24999,1,37770,1677917368
cancel,11946,,,1677917962
cancel,19909,,,1677917962
cancel,21316,,,1677917962
cancel,24999,,,1677917962
newOrder,19909,0,9443,1677917968
newOrder,21316,1,9443,1677917968
newOrder,11946,0,37773,1677917968
newOrder,24999,1,37773,1677917968
cancel,11946,,,1677918561
cancel,19909,,,1677918561
cancel,21316,,,1677918561
cancel,24999,,,1677918561
newOrder,19909,0,9445,1677918568
newOrder,21316,1,9445,1677918568
newOrder,11946,0,37778,1677918568
newOrder,24999,1,37778,1677918568
cancel,11946,,,1677919162
cancel,19909,,,1677919162
cancel,21316,,,1677919162
cancel,24999,,,1677919162
newOrder,19909,0,9446,1677919169
newOrder,21316,1,9446,1677919169
newOrder,11946,0,37783,1677919169
newOrder,24999,1,37783,1677919169
cancel,11946,,,1677919762
cancel,19909,,,1677919762
cancel,21316,,,1677919762
cancel,24999,,,1677919762
newOrder,19909,0,9447,1677919769
newOrder,21316,1,9447,1677919769
newOrder,11946,0,37788,1677919769
newOrder,24999,1,37788,1677919769
cancel,11946,,,1677920362
cancel,19909,,,1677920362
cancel,21316,,,1677920362
cancel,24999,,,1677920362
newOrder,19909,0,9448,1677920369
newOrder,21316,1,9448,1677920369
newOrder,11946,0,37792,1677920369
newOrder,24999,1,37792,1677920369
cancel,11946,,,1677920961
cancel,19909,,,1677920961
cancel,21316,,,1677920961
cancel,24999,,,1677920961
newOrder,19909,0,9449,1677920971
newOrder,21316,1,9449,1677920971
newOrder,11946,0,37796,1677920971
newOrder,24999,1,37796,1677920971
cancel,11946,,,1677921560
cancel,19909,,,1677921560
cancel,21316,,,1677921560
cancel,24999,,,1677921560
newOrder,19909,0,9451,1677921567
newOrder,21315,1,9451,1677921567
newOrder,11946,0,37802,1677921567
newOrder,24999,1,37802,1677921567
cancel,11946,,,1677922161
cancel,19909,,,1677922161
cancel,21315,,,1677922161
cancel,24999,,,1677922161
newOrder,19909,0,9451,1677922168
newOrder,21316,1,9451,1677922168
newOrder,11946,0,37805,1677922168
newOrder,24999,1,37805,1677922168
cancel,11946,,,1677922762
cancel,19909,,,1677922762
cancel,21316,,,1677922762
cancel,24999,,,1677922762
newOrder,19909,0,9453,1677922771
newOrder,21315,1,9453,1677922771
newOrder,11946,0,37811,1677922771
newOrder,24999,1,37811,1677922771
cancel,11946,,,1677923361
cancel,19909,,,1677923361
cancel,21315,,,1677923361
cancel,24999,,,1677923361
newOrder,19909,0,9451,1677923367
newOrder,21319,1,9451,1677923367
newOrder,11946,0,37805,1677923367
newOrder,24999,1,37805,1677923367
cancel,11946,,,1677923962
cancel,19909,,,1677923962
cancel,21319,,,1677923962
cancel,24999,,,1677923962
newOrder,19909,0,9452,1677923969
newOrder,21319,1,9452,1677923969
newOrder,11946,0,37809,1677923969
newOrder,24999,1,37809,1677923969
cancel,11946,,,1677924563
cancel,19909,,,1677924563
cancel,21319,,,1677924563
cancel,24999,,,1677924563
newOrder,19909,0,9453,1677924572
newOrder,21319,1,9453,1677924572
newOrder,11946,0,37813,1677924572
newOrder,24999,1,37813,1677924572
cancel,11946,,,1677925162
cancel,19909,,,1677925162
cancel,21319,,,1677925162
cancel,24999,,,1677925162
newOrder,19909,0,9454,1677925170
newOrder,21319,1,9454,1677925170
newOrder,11946,0,37818,1677925170
newOrder,24999,1,37818,1677925170
cancel,11946,,,1677925761
cancel,19909,,,1677925761
cancel,21319,,,1677925761
cancel,24999,,,1677925761
newOrder,19909,0,9455,1677925769
newOrder,21319,1,9455,1677925769
newOrder,11946,0,37821,1677925769
newOrder,24999,1,37821,1677925769
cancel,11946,,,1677926362
cancel,19909,,,1677926362
cancel,21319,,,1677926362
cancel,24999,,,1677926362
newOrder,19909,0,9457,1677926369
newOrder,21318,1,9457,1677926369
newOrder,11946,0,37828,1677926369
newOrder,24999,1,37828,1677926369
cancel,11946,,,1677926961
cancel,19909,,,1677926961
cancel,21318,,,1677926961
cancel,24999,,,1677926961
newOrder,19909,0,9458,1677926968
newOrder,21319,1,9458,1677926968
newOrder,11946,0,37831,1677926968
newOrder,24999,1,37831,1677926968
cancel,11946,,,1677927561
cancel,19909,,,1677927561
cancel,21319,,,1677927561
cancel,24999,,,1677927561
newOrder,19909,0,9459,1677927568
newOrder,21319,1,9459,1677927568
newOrder,11946,0,37835,1677927568
newOrder,24999,1,37835,1677927568
cancel,11946,,,1677928162
cancel,19909,,,1677928162
cancel,21319,,,1677928162
cancel,24999,,,1677928162
newOrder,19909,0,9460,1677928169
newOrder,21319,1,9460,1677928169
newOrder,11946,0,37840,1677928169
newOrder,24999,1,37840,1677928169
cancel,11946,,,1677928762
cancel,19909,,,1677928762
cancel,21319,,,1677928762
cancel,24999,,,1677928762
newOrder,19909,0,9461,1677928769
newOrder,21319,1,9461,1677928769
newOrder,11946,0,37844,1677928769
newOrder,24999,1,37844,1677928769
cancel,11946,,,1677929361
cancel,19909,,,1677929361
cancel,21319,,,1677929361
cancel,24999,,,1677929361
newOrder,19909,0,9452,1677929370
newOrder,21331,1,9452,1677929370
newOrder,11946,0,37810,1677929370
newOrder,24999,1,37810,1677929370
cancel,11946,,,1677929961
cancel,19909,,,1677929961
cancel,21331,,,1677929961
cancel,24999,,,1677929961
newOrder,19909,0,9463,1677929968
newOrder,21319,1,9463,1677929968
newOrder,11946,0,37853,1677929968
newOrder,24999,1,37853,1677929968
cancel,11946,,,1677930561
cancel,19909,,,1677930561
cancel,21319,,,1677930561
cancel,24999,,,1677930561
newOrder,19909,0,9465,1677930568
newOrder,21319,1,9465,1677930568
newOrder,11946,0,37858,1677930568
newOrder,24999,1,37858,1677930568
cancel,11946,,,1677931161
cancel,19909,,,1677931161
cancel,21319,,,1677931161
cancel,24999,,,1677931161
newOrder,19909,0,9465,1677931169
newOrder,21319,1,9465,1677931169
newOrder,11946,0,37861,1677931169
newOrder,24999,1,37861,1677931169
cancel,11946,,,1677931760
cancel,19909,,,1677931760
cancel,21319,,,1677931760
cancel,24999,,,1677931760
newOrder,19909,0,9466,1677931769
newOrder,21319,1,9466,1677931769
newOrder,11946,0,37865,1677931769
newOrder,24999,1,37865,1677931769
cancel,11946,,,1677932362
cancel,19909,,,1677932362
cancel,21319,,,1677932362
cancel,24999,,,1677932362
newOrder,19909,0,9468,1677932370
newOrder,21319,1,9468,1677932370
newOrder,11946,0,37871,1677932370
newOrder,24999,1,37871,1677932370
cancel,11946,,,1677932960
cancel,19909,,,1677932960
cancel,21319,,,1677932960
cancel,24999,,,1677932960
newOrder,19909,0,9469,1677932968
newOrder,21319,1,9469,1677932968
newOrder,11946,0,37875,1677932968
newOrder,24999,1,37875,1677932968
cancel,11946,,,1677933562
cancel,19909,,,1677933562
cancel,21319,,,1677933562
cancel,24999,,,1677933562
newOrder,19909,0,9470,1677933569
newOrder,21319,1,9470,1677933569
newOrder,11946,0,37879,1677933569
newOrder,24999,1,37879,1677933569
cancel,11946,,,1677934161
cancel,19909,,,1677934161
cancel,21319,,,1677934161
cancel,24999,,,1677934161
newOrder,19909,0,9471,1677934169
newOrder,21319,1,9471,1677934169
newOrder,11946,0,37884,1677934169
newOrder,24999,1,37884,1677934169
cancel,11946,,,1677934762
cancel,19909,,,1677934762
cancel,21319,,,1677934762
cancel,24999,,,1677934762
newOrder,19909,0,9472,1677934768
newOrder,21319,1,9472,1677934768
newOrder,11946,0,37889,1677934768
newOrder,24999,1,37889,1677934768
cancel,11946,,,1677935362
cancel,19909,,,1677935362
cancel,21319,,,1677935362
cancel,24999,,,1677935362
newOrder,19909,0,9473,1677935369
newOrder,21319,1,9473,1677935369
newOrder,11946,0,37893,1677935369
newOrder,24999,1,37893,1677935369
cancel,11946,,,1677935961
cancel,19909,,,1677935961
cancel,21319,,,1677935961
cancel,24999,,,1677935961
newOrder,19909,0,9474,1677935968
newOrder,21319,1,9474,1677935968
newOrder,11946,0,37897,1677935968
newOrder,24999,1,37897,1677935968
cancel,11946,,,1677936562
cancel,19909,,,1677936562
cancel,21319,,,1677936562
cancel,24999,,,1677936562
newOrder,19909,0,9475,1677936569
newOrder,21319,1,9475,1677936569
newOrder,11946,0,37901,1677936569
newOrder,24999,1,37901,1677936569
cancel,11946,,,1677937161
cancel,19909,,,1677937161
cancel,21319,,,1677937161
cancel,24999,,,1677937161
newOrder,19909,0,9476,1677937167
newOrder,21319,1,9476,1677937167
newOrder,11946,0,37906,1677937167
newOrder,24999,1,37906,1677937167
cancel,11946,,,1677937761
cancel,19909,,,1677937761
cancel,21319,,,1677937761
cancel,24999,,,1677937761
newOrder,19909,0,9478,1677937768
newOrder,21319,1,9478,1677937768
newOrder,11946,0,37910,1677937768
newOrder,24999,1,37910,1677937768
cancel,11946,,,1677938361
cancel,19909,,,1677938361
cancel,21319,,,1677938361
cancel,24999,,,1677938361
newOrder,19909,0,9478,1677938369
newOrder,21319,1,9478,1677938369
newOrder,11946,0,37914,1677938369
newOrder,24999,1,37914,1677938369
cancel,11946,,,1677938961
cancel,19909,,,1677938961
cancel,21319,,,1677938961
cancel,24999,,,1677938961
newOrder,19909,0,9480,1677938968
newOrder,21318,1,9480,1677938968
newOrder,11946,0,37921,1677938968
newOrder,24999,1,37921,1677938968
cancel,11946,,,1677939561
cancel,19909,,,1677939561
cancel,21318,,,1677939561
cancel,24999,,,1677939561
newOrder,19909,0,9481,1677939567
newOrder,21319,1,9481,1677939567
newOrder,11946,0,37924,1677939567
newOrder,24999,1,37924,1677939567
cancel,11946,,,1677940162
cancel,19909,,,1677940162
cancel,21319,,,1677940162
cancel,24999,,,1677940162
newOrder,19909,0,9719,1677940170
newOrder,20994,1,9719,1677940170
newOrder,11946,0,38875,1677940170
newOrder,24999,1,38875,1677940170
cancel,11946,,,1677940761
cancel,19909,,,1677940761
cancel,20994,,,1677940761
cancel,24999,,,1677940761
newOrder,19909,0,9720,1677940770
newOrder,20994,1,9720,1677940770
newOrder,11946,0,38879,1677940770
newOrder,24999,1,38879,1677940770
cancel,11946,,,1677941360
cancel,19909,,,1677941360
cancel,20994,,,1677941360
cancel,24999,,,1677941360
newOrder,19909,0,9719,1677941368
newOrder,20997,1,9719,1677941368
newOrder,11946,0,38877,1677941368
newOrder,24999,1,38877,1677941368
cancel,11946,,,1677941962
cancel,19909,,,1677941962
cancel,20997,,,1677941962
cancel,24999,,,1677941962
newOrder,19909,0,9720,1677941969
newOrder,20997,1,9720,1677941969
newOrder,11946,0,38881,1677941969
newOrder,24999,1,38881,1677941969
cancel,11946,,,1677942561
cancel,19909,,,1677942561
cancel,20997,,,1677942561
cancel,24999,,,1677942561
newOrder,19909,0,9722,1677942569
newOrder,20997,1,9722,1677942569
newOrder,11946,0,38886,1677942569
newOrder,24999,1,38886,1677942569
cancel,11946,,,1677943163
cancel,19909,,,1677943163
cancel,20997,,,1677943163
cancel,24999,,,1677943163
newOrder,19909,0,9723,1677943171
newOrder,20997,1,9723,1677943171
newOrder,11946,0,38891,1677943171
newOrder,24999,1,38891,1677943171
cancel,11946,,,1677943214
cancel,19909,,,1677943214
cancel,20997,,,1677943214
cancel,24999,,,1677943214
newOrder,19916,0,8975,1677943220
newOrder,20989,1,8975,1677943220
newOrder,11950,0,35900,1677943220
newOrder,24999,1,35900,1677943220
cancel,11950,,,1677943845
cancel,19916,,,1677943845
cancel,20989,,,1677943845
cancel,24999,,,1677943845
newOrder,19916,0,8976,1677943853
newOrder,20989,1,8976,1677943853
newOrder,11950,0,35904,1677943853
newOrder,24999,1,35904,1677943853