instruction,price,side,qty,time
cancel,13003,,,1681042290
cancel,18428,,,1681042290
cancel,19066,,,1681042290
cancel,24999,,,1681042290
newOrder,18429,0,7054,1681042318
newOrder,19066,1,7054,1681042318
newOrder,14003,0,11235,1681042318
newOrder,24999,1,11235,1681042318
cancel,14003,,,1681042889
cancel,18429,,,1681042889
cancel,19066,,,1681042889
cancel,24999,,,1681042889
newOrder,18430,0,7054,1681042916
newOrder,19066,1,7054,1681042916
newOrder,14003,0,19750,1681042916
newOrder,24999,1,19750,1681042916
cancel,14003,,,1681043489
cancel,18430,,,1681043489
cancel,19066,,,1681043489
cancel,24999,,,1681043489
newOrder,18430,0,7055,1681043519
newOrder,19066,1,7055,1681043519
newOrder,12089,0,28938,1681043519
newOrder,24999,1,28938,1681043519
cancel,12089,,,1681044089
cancel,18430,,,1681044089
cancel,19066,,,1681044089
cancel,24999,,,1681044089
newOrder,18430,0,7056,1681044119
newOrder,19066,1,7056,1681044119
newOrder,12089,0,29417,1681044119
newOrder,24999,1,29417,1681044119
cancel,12089,,,1681044689
cancel,18430,,,1681044689
cancel,19066,,,1681044689
cancel,24999,,,1681044689
newOrder,18430,0,7057,1681044718
newOrder,19066,1,7057,1681044718
newOrder,12101,0,25789,1681044718
newOrder,24999,1,25789,1681044718
cancel,12101,,,1681045289
cancel,18430,,,1681045289
cancel,19066,,,1681045289
cancel,24999,,,1681045289
newOrder,18431,0,7058,1681045318
newOrder,19066,1,7058,1681045318
newOrder,12089,0,34823,1681045318
newOrder,24999,1,34823,1681045318
cancel,12089,,,1681045889
cancel,18431,,,1681045889
cancel,19066,,,1681045889
cancel,24999,,,1681045889
newOrder,18430,0,7059,1681045918
newOrder,19066,1,7059,1681045918
newOrder,13597,0,21849,1681045918
newOrder,24999,1,21849,1681045918
cancel,13597,,,1681046490
cancel,18430,,,1681046490
cancel,19066,,,1681046490
cancel,24999,,,1681046490
newOrder,18430,0,7060,1681046519
newOrder,19066,1,7060,1681046519
newOrder,12089,0,27813,1681046519
newOrder,24999,1,27813,1681046519
cancel,12089,,,1681047089
cancel,18430,,,1681047089
cancel,19066,,,1681047089
cancel,24999,,,1681047089
newOrder,18429,0,7061,1681047118
newOrder,19066,1,7061,1681047118
newOrder,12089,0,38053,1681047118
newOrder,24999,1,38053,1681047118
cancel,12089,,,1681047689
cancel,18429,,,1681047689
cancel,19066,,,1681047689
cancel,24999,,,1681047689
newOrder,18429,0,7062,1681047716
newOrder,19066,1,7062,1681047716
newOrder,15001,0,6980,1681047716
newOrder,21999,1,6980,1681047716
cancel,15001,,,1681048290
cancel,18429,,,1681048290
cancel,19066,,,1681048290
cancel,21999,,,1681048290
newOrder,18429,0,7063,1681048318
newOrder,19066,1,7063,1681048318
newOrder,12089,0,27702,1681048318
newOrder,24999,1,27702,1681048318
cancel,12089,,,1681048889
cancel,18429,,,1681048889
cancel,19066,,,1681048889
cancel,24999,,,1681048889
newOrder,18430,0,7064,1681048918
newOrder,19066,1,7064,1681048918
newOrder,18233,0,7023,1681048918
newOrder,21999,1,7023,1681048918
cancel,18233,,,1681049490
cancel,18430,,,1681049490
cancel,19066,,,1681049490
cancel,21999,,,1681049490
newOrder,18429,0,7065,1681049518
newOrder,19066,1,7065,1681049518
newOrder,12101,0,26776,1681049518
newOrder,24999,1,26776,1681049518
cancel,12101,,,1681050090
cancel,18429,,,1681050090
cancel,19066,,,1681050090
cancel,24999,,,1681050090
newOrder,18429,0,7066,1681050117
newOrder,19066,1,7066,1681050117
newOrder,14003,0,9159,1681050117
newOrder,24999,1,9159,1681050117
cancel,14003,,,1681050689
cancel,18429,,,1681050689
cancel,19066,,,1681050689
cancel,24999,,,1681050689
newOrder,18428,0,7069,1681052518
newOrder,19066,1,7069,1681052518
newOrder,14003,0,20012,1681052518
newOrder,24999,1,20012,1681052518
cancel,14003,,,1681053089
cancel,18428,,,1681053089
cancel,19066,,,1681053089
cancel,24999,,,1681053089
newOrder,18427,0,7071,1681053119
newOrder,19066,1,7071,1681053119
newOrder,12089,0,36098,1681053119
newOrder,24999,1,36098,1681053119
cancel,12089,,,1681053691
cancel,18427,,,1681053691
cancel,19066,,,1681053691
cancel,24999,,,1681053691
newOrder,18428,0,7072,1681053719
newOrder,19066,1,7072,1681053719
newOrder,14003,0,15542,1681053719
newOrder,24999,1,15542,1681053719
cancel,14003,,,1681054289
cancel,18428,,,1681054289
cancel,19066,,,1681054289
cancel,24999,,,1681054289
newOrder,18428,0,7072,1681054317
newOrder,19066,1,7072,1681054317
newOrder,14003,0,17823,1681054317
newOrder,24999,1,17823,1681054317
cancel,14003,,,1681054889
cancel,18428,,,1681054889
cancel,19066,,,1681054889
cancel,24999,,,1681054889
newOrder,18427,0,7073,1681054918
newOrder,19066,1,7073,1681054918
newOrder,12089,0,31408,1681054918
newOrder,24999,1,31408,1681054918
cancel,12089,,,1681055489
cancel,18427,,,1681055489
cancel,19066,,,1681055489
cancel,24999,,,1681055489
newOrder,18428,0,7074,1681055517
newOrder,19066,1,7074,1681055517
newOrder,14003,0,21664,1681055517
newOrder,24999,1,21664,1681055517
cancel,14003,,,1681056090
cancel,18428,,,1681056090
cancel,19066,,,1681056090
cancel,24999,,,1681056090
newOrder,18476,0,7057,1681056118
newOrder,19066,1,7057,1681056118
newOrder,18259,0,4634,1681056118
newOrder,21899,1,4634,1681056118
cancel,18259,,,1681056689
cancel,18476,,,1681056689
cancel,19066,,,1681056689
cancel,21899,,,1681056689
newOrder,18476,0,7058,1681056718
newOrder,19066,1,7058,1681056718
newOrder,13003,0,23467,1681056718
newOrder,24999,1,23467,1681056718
cancel,13003,,,1681057289
cancel,18476,,,1681057289
cancel,19066,,,1681057289
cancel,24999,,,1681057289
newOrder,18476,0,7059,1681057316
newOrder,19066,1,7059,1681057316
newOrder,14003,0,9167,1681057316
newOrder,24499,1,9167,1681057316
cancel,14003,,,1681057889
cancel,18476,,,1681057889
cancel,19066,,,1681057889
cancel,24499,,,1681057889
newOrder,18477,0,7060,1681057918
newOrder,19066,1,7060,1681057918
newOrder,12089,0,34937,1681057918
newOrder,24999,1,34937,1681057918
cancel,12089,,,1681058489
cancel,18477,,,1681058489
cancel,19066,,,1681058489
cancel,24999,,,1681058489
newOrder,18477,0,7061,1681058517
newOrder,19066,1,7061,1681058517
newOrder,14003,0,15706,1681058517
newOrder,24999,1,15706,1681058517
cancel,14003,,,1681059089
cancel,18477,,,1681059089
cancel,19066,,,1681059089
cancel,24999,,,1681059089
newOrder,18477,0,7062,1681059117
newOrder,19066,1,7062,1681059117
newOrder,13003,0,23424,1681059117
newOrder,24999,1,23424,1681059117
cancel,13003,,,1681059689
cancel,18477,,,1681059689
cancel,19066,,,1681059689
cancel,24999,,,1681059689
newOrder,18477,0,7063,1681059717
newOrder,19066,1,7063,1681059717
newOrder,14003,0,9751,1681059717
newOrder,24999,1,9751,1681059717
cancel,14003,,,1681060290
cancel,18477,,,1681060290
cancel,19066,,,1681060290
cancel,24999,,,1681060290
newOrder,18477,0,7064,1681060316
newOrder,19066,1,7064,1681060316
newOrder,14003,0,10019,1681060316
newOrder,24999,1,10019,1681060316
cancel,14003,,,1681060889
cancel,18477,,,1681060889
cancel,19066,,,1681060889
cancel,24999,,,1681060889
newOrder,18477,0,7064,1681060917
newOrder,19066,1,7064,1681060917
newOrder,14003,0,18287,1681060917
newOrder,24999,1,18287,1681060917
cancel,14003,,,1681061489
cancel,18477,,,1681061489
cancel,19066,,,1681061489
cancel,24999,,,1681061489
newOrder,18477,0,7065,1681061518
newOrder,19066,1,7065,1681061518
newOrder,14003,0,9787,1681061518
newOrder,24999,1,9787,1681061518
cancel,14003,,,1681062089
cancel,18477,,,1681062089
cancel,19066,,,1681062089
cancel,24999,,,1681062089
newOrder,18656,0,6992,1681062117
newOrder,19066,1,6992,1681062117
newOrder,13003,0,24161,1681062117
newOrder,24999,1,24161,1681062117
cancel,13003,,,1681062689
cancel,18656,,,1681062689
cancel,19066,,,1681062689
cancel,24999,,,1681062689
newOrder,18656,0,6993,1681062717
newOrder,19066,1,6993,1681062717
newOrder,12089,0,36832,1681062717
newOrder,24999,1,36832,1681062717
cancel,12089,,,1681063289
cancel,18656,,,1681063289
cancel,19066,,,1681063289
cancel,24999,,,1681063289
newOrder,18656,0,6994,1681063319
newOrder,19066,1,6994,1681063319
newOrder,18268,0,4996,1681063319
newOrder,21899,1,4996,1681063319
cancel,18268,,,1681063889
cancel,18656,,,1681063889
cancel,19066,,,1681063889
cancel,21899,,,1681063889
newOrder,18656,0,6995,1681063920
newOrder,19066,1,6995,1681063920
newOrder,14003,0,18200,1681063920
newOrder,24999,1,18200,1681063920
cancel,14003,,,1681064489
cancel,18656,,,1681064489
cancel,19066,,,1681064489
cancel,24999,,,1681064489
newOrder,18656,0,6996,1681064518
newOrder,19066,1,6996,1681064518
newOrder,12089,0,27316,1681064518
newOrder,24999,1,27316,1681064518
cancel,12089,,,1681065089
cancel,18656,,,1681065089
cancel,19066,,,1681065089
cancel,24999,,,1681065089
newOrder,18656,0,6997,1681065118
newOrder,19066,1,6997,1681065118
newOrder,12089,0,29952,1681065118
newOrder,24999,1,29952,1681065118
cancel,12089,,,1681065689
cancel,18656,,,1681065689
cancel,19066,,,1681065689
cancel,24999,,,1681065689
newOrder,18572,0,7034,1681065717
newOrder,19066,1,7034,1681065717
newOrder,14003,0,18271,1681065717
newOrder,24999,1,18271,1681065717
cancel,14003,,,1681066289
cancel,18572,,,1681066289
cancel,19066,,,1681066289
cancel,24999,,,1681066289
newOrder,18572,0,7035,1681066321
newOrder,19066,1,7035,1681066321
newOrder,12089,0,32456,1681066321
newOrder,24999,1,32456,1681066321
cancel,12089,,,1681066889
cancel,18572,,,1681066889
cancel,19066,,,1681066889
cancel,24999,,,1681066889
newOrder,18570,0,7036,1681066917
newOrder,19066,1,7036,1681066917
newOrder,12089,0,34228,1681066917
newOrder,24999,1,34228,1681066917
cancel,12089,,,1681067487
cancel,18570,,,1681067487
cancel,19066,,,1681067487
cancel,24999,,,1681067487
newOrder,18582,0,7032,1681067545
newOrder,19066,1,7032,1681067545
newOrder,13003,0,23657,1681067545
newOrder,24999,1,23657,1681067545
cancel,13003,,,1681068090
cancel,18582,,,1681068090
cancel,19066,,,1681068090
cancel,24999,,,1681068090
newOrder,18569,0,7039,1681068118
newOrder,19066,1,7039,1681068118
newOrder,14003,0,16416,1681068118
newOrder,24999,1,16416,1681068118
cancel,14003,,,1681068689
cancel,18569,,,1681068689
cancel,19066,,,1681068689
cancel,24999,,,1681068689
newOrder,18570,0,7039,1681068718
newOrder,19066,1,7039,1681068718
newOrder,14003,0,11261,1681068718
newOrder,24999,1,11261,1681068718
cancel,14003,,,1681069289
cancel,18570,,,1681069289
cancel,19066,,,1681069289
cancel,24999,,,1681069289
newOrder,18572,0,7039,1681069318
newOrder,19066,1,7039,1681069318
newOrder,14003,0,9597,1681069318
newOrder,24999,1,9597,1681069318
cancel,14003,,,1681069889
cancel,18572,,,1681069889
cancel,19066,,,1681069889
cancel,24999,,,1681069889
newOrder,18571,0,7041,1681069919
newOrder,19066,1,7041,1681069919
newOrder,12089,0,34958,1681069919
newOrder,24999,1,34958,1681069919
cancel,12089,,,1681070489
cancel,18571,,,1681070489
cancel,19066,,,1681070489
cancel,24999,,,1681070489
newOrder,18572,0,7041,1681070516
newOrder,19066,1,7041,1681070516
newOrder,13597,0,23198,1681070516
newOrder,24999,1,23198,1681070516
cancel,13597,,,1681071089
cancel,18572,,,1681071089
cancel,19066,,,1681071089
cancel,24999,,,1681071089
newOrder,18572,0,7042,1681071119
newOrder,19066,1,7042,1681071119
newOrder,12089,0,34926,1681071119
newOrder,24999,1,34926,1681071119
cancel,12089,,,1681071689
cancel,18572,,,1681071689
cancel,19066,,,1681071689
cancel,24999,,,1681071689
newOrder,18571,0,7043,1681071718
newOrder,19066,1,7043,1681071718
newOrder,14003,0,19857,1681071718
newOrder,24999,1,19857,1681071718
cancel,14003,,,1681072289
cancel,18571,,,1681072289
cancel,19066,,,1681072289
cancel,24999,,,1681072289
newOrder,18571,0,7044,1681072318
newOrder,19066,1,7044,1681072318
newOrder,12101,0,24770,1681072318
newOrder,24999,1,24770,1681072318
cancel,12101,,,1681072889
cancel,18571,,,1681072889
cancel,19066,,,1681072889
cancel,24999,,,1681072889
newOrder,18571,0,7045,1681072917
newOrder,19066,1,7045,1681072917
newOrder,14003,0,20642,1681072917
newOrder,24999,1,20642,1681072917
cancel,14003,,,1681073489
cancel,18571,,,1681073489
cancel,19066,,,1681073489
cancel,24999,,,1681073489
newOrder,18570,0,7046,1681073519
newOrder,19066,1,7046,1681073519
newOrder,12089,0,30105,1681073519
newOrder,24999,1,30105,1681073519
cancel,12089,,,1681074090
cancel,18570,,,1681074090
cancel,19066,,,1681074090
cancel,24999,,,1681074090
newOrder,18570,0,7047,1681074118
newOrder,19066,1,7047,1681074118
newOrder,13597,0,21918,1681074118
newOrder,24999,1,21918,1681074118
cancel,13597,,,1681074690
cancel,18570,,,1681074690
cancel,19066,,,1681074690
cancel,24999,,,1681074690
newOrder,18550,0,7056,1681074718
newOrder,19066,1,7056,1681074718
newOrder,14003,0,21220,1681074718
newOrder,24999,1,21220,1681074718
cancel,14003,,,1681075289
cancel,18550,,,1681075289
cancel,19066,,,1681075289
cancel,24999,,,1681075289
newOrder,18551,0,7057,1681075318
newOrder,19066,1,7057,1681075318
newOrder,14003,0,18333,1681075318
newOrder,24999,1,18333,1681075318
cancel,14003,,,1681075891
cancel,18551,,,1681075891
cancel,19066,,,1681075891
cancel,24999,,,1681075891
newOrder,18549,0,7059,1681075919
newOrder,19066,1,7059,1681075919
newOrder,14003,0,12913,1681075919
newOrder,24999,1,12913,1681075919
cancel,14003,,,1681076489
cancel,18549,,,1681076489
cancel,19066,,,1681076489
cancel,24999,,,1681076489
newOrder,18547,0,7060,1681076519
newOrder,19066,1,7060,1681076519
newOrder,14003,0,19659,1681076519
newOrder,24999,1,19659,1681076519
cancel,14003,,,1681077089
cancel,18547,,,1681077089
cancel,19066,,,1681077089
cancel,24999,,,1681077089
newOrder,18549,0,7061,1681077120
newOrder,19066,1,7061,1681077120
newOrder,14003,0,8804,1681077120
newOrder,24499,1,8804,1681077120
cancel,14003,,,1681077689
cancel,18549,,,1681077689
cancel,19066,,,1681077689
cancel,24499,,,1681077689
newOrder,18551,0,7061,1681077719
newOrder,19066,1,7061,1681077719
newOrder,13003,0,23699,1681077719
newOrder,24999,1,23699,1681077719
cancel,13003,,,1681078289
cancel,18551,,,1681078289
cancel,19066,,,1681078289
cancel,24999,,,1681078289
newOrder,18550,0,7062,1681078319
newOrder,19066,1,7062,1681078319
newOrder,14003,0,13766,1681078319
newOrder,24999,1,13766,1681078319
cancel,14003,,,1681078889
cancel,18550,,,1681078889
cancel,19066,,,1681078889
cancel,24999,,,1681078889
newOrder,18552,0,7062,1681078918
newOrder,19066,1,7062,1681078918
newOrder,13597,0,23059,1681078918
newOrder,24999,1,23059,1681078918
cancel,13597,,,1681079491
cancel,18552,,,1681079491
cancel,19066,,,1681079491
cancel,24999,,,1681079491
newOrder,18553,0,7063,1681079519
newOrder,19066,1,7063,1681079519
newOrder,12089,0,32090,1681079519
newOrder,24999,1,32090,1681079519
cancel,12089,,,1681080089
cancel,18553,,,1681080089
cancel,19066,,,1681080089
cancel,24999,,,1681080089
newOrder,18552,0,7064,1681080117
newOrder,19066,1,7064,1681080117
newOrder,12089,0,28960,1681080117
newOrder,24999,1,28960,1681080117
cancel,12089,,,1681080689
cancel,18552,,,1681080689
cancel,19066,,,1681080689
cancel,24999,,,1681080689
newOrder,18553,0,7064,1681080720
newOrder,19066,1,7064,1681080720
newOrder,12101,0,26398,1681080720
newOrder,24999,1,26398,1681080720
cancel,12101,,,1681081289
cancel,18553,,,1681081289
cancel,19066,,,1681081289
cancel,24999,,,1681081289
newOrder,18551,0,7066,1681081317
newOrder,19066,1,7066,1681081317
newOrder,14003,0,20236,1681081317
newOrder,24999,1,20236,1681081317
cancel,14003,,,1681081889
cancel,18551,,,1681081889
cancel,19066,,,1681081889
cancel,24999,,,1681081889
newOrder,18552,0,7067,1681081919
newOrder,19066,1,7067,1681081919
newOrder,12089,0,38127,1681081919
newOrder,24999,1,38127,1681081919
cancel,12089,,,1681082489
cancel,18552,,,1681082489
cancel,19066,,,1681082489
cancel,24999,,,1681082489
newOrder,18552,0,7067,1681082520
newOrder,19066,1,7067,1681082520
newOrder,14003,0,10333,1681082520
newOrder,24999,1,10333,1681082520
cancel,14003,,,1681083089
cancel,18552,,,1681083089
cancel,19066,,,1681083089
cancel,24999,,,1681083089
newOrder,18552,0,7068,1681083117
newOrder,19066,1,7068,1681083117
newOrder,12089,0,36679,1681083117
newOrder,24999,1,36679,1681083117
cancel,12089,,,1681083689
cancel,18552,,,1681083689
cancel,19066,,,1681083689
cancel,24999,,,1681083689
newOrder,18552,0,7069,1681083717
newOrder,19066,1,7069,1681083717
newOrder,12089,0,37559,1681083717
newOrder,24999,1,37559,1681083717
cancel,12089,,,1681084289
cancel,18552,,,1681084289
cancel,19066,,,1681084289
cancel,24999,,,1681084289
newOrder,18552,0,7070,1681084317
newOrder,19066,1,7070,1681084317
newOrder,14003,0,17397,1681084317
newOrder,24999,1,17397,1681084317
cancel,14003,,,1681084890
cancel,18552,,,1681084890
cancel,19066,,,1681084890
cancel,24999,,,1681084890
newOrder,18553,0,7071,1681084922
newOrder,19066,1,7071,1681084922
newOrder,12089,0,34350,1681084922
newOrder,24999,1,34350,1681084922
cancel,12089,,,1681085489
cancel,18553,,,1681085489
cancel,19066,,,1681085489
cancel,24999,,,1681085489
newOrder,18553,0,7071,1681085517
newOrder,19066,1,7071,1681085517
newOrder,12101,0,25577,1681085517
newOrder,24999,1,25577,1681085517
cancel,12101,,,1681086090
cancel,18553,,,1681086090
cancel,19066,,,1681086090
cancel,24999,,,1681086090
newOrder,18553,0,7073,1681086116
newOrder,19066,1,7073,1681086116
newOrder,12101,0,24785,1681086116
newOrder,24999,1,24785,1681086116
cancel,12101,,,1681086690
cancel,18553,,,1681086690
cancel,19066,,,1681086690
cancel,24999,,,1681086690
newOrder,18509,0,7091,1681086719
newOrder,19066,1,7091,1681086719
newOrder,12089,0,31551,1681086719
newOrder,24999,1,31551,1681086719
cancel,12089,,,1681087290
cancel,18509,,,1681087290
cancel,19066,,,1681087290
cancel,24999,,,1681087290
newOrder,18509,0,7092,1681087319
newOrder,19066,1,7092,1681087319
newOrder,13003,0,23472,1681087319
newOrder,24999,1,23472,1681087319
cancel,13003,,,1681087889
cancel,18509,,,1681087889
cancel,19066,,,1681087889
cancel,24999,,,1681087889
newOrder,18509,0,7093,1681087918
newOrder,19066,1,7093,1681087918
newOrder,14003,0,12977,1681087918
newOrder,24999,1,12977,1681087918
cancel,14003,,,1681088489
cancel,18509,,,1681088489
cancel,19066,,,1681088489
cancel,24999,,,1681088489
newOrder,18508,0,7095,1681088516
newOrder,19066,1,7095,1681088516
newOrder,12089,0,28812,1681088516
newOrder,24999,1,28812,1681088516
cancel,12089,,,1681089089
cancel,18508,,,1681089089
cancel,19066,,,1681089089
cancel,24999,,,1681089089
newOrder,18507,0,7096,1681089118
newOrder,19066,1,7096,1681089118
newOrder,12089,0,31311,1681089118
newOrder,24999,1,31311,1681089118
cancel,12089,,,1681089689
cancel,18507,,,1681089689
cancel,19066,,,1681089689
cancel,24999,,,1681089689
newOrder,18507,0,7097,1681089718
newOrder,19066,1,7097,1681089718
newOrder,14003,0,15403,1681089718
newOrder,24999,1,15403,1681089718
cancel,14003,,,1681090289
cancel,18507,,,1681090289
cancel,19066,,,1681090289
cancel,24999,,,1681090289
newOrder,18509,0,7097,1681090317
newOrder,19066,1,7097,1681090317
newOrder,12101,0,27192,1681090317
newOrder,24999,1,27192,1681090317
cancel,12101,,,1681090889
cancel,18509,,,1681090889
cancel,19066,,,1681090889
cancel,24999,,,1681090889
newOrder,18515,0,7095,1681090917
newOrder,19066,1,7095,1681090917
newOrder,12101,0,26504,1681090917
newOrder,24999,1,26504,1681090917
cancel,12101,,,1681091489
cancel,18515,,,1681091489
cancel,19066,,,1681091489
cancel,24999,,,1681091489
newOrder,18514,0,7097,1681091518
newOrder,19066,1,7097,1681091518
newOrder,14003,0,16812,1681091518
newOrder,24999,1,16812,1681091518
cancel,14003,,,1681092089
cancel,18514,,,1681092089
cancel,19066,,,1681092089
cancel,24999,,,1681092089
newOrder,18514,0,7097,1681092118
newOrder,19066,1,7097,1681092118
newOrder,18331,0,5842,1681092118
newOrder,21899,1,5842,1681092118
cancel,18331,,,1681092690
cancel,18514,,,1681092690
cancel,19066,,,1681092690
cancel,21899,,,1681092690
newOrder,18513,0,7099,1681092719
newOrder,19066,1,7099,1681092719
newOrder,14003,0,14444,1681092719
newOrder,24999,1,14444,1681092719
cancel,14003,,,1681093289
cancel,18513,,,1681093289
cancel,19066,,,1681093289
cancel,24999,,,1681093289
newOrder,18512,0,7100,1681093317
newOrder,19066,1,7100,1681093317
newOrder,14003,0,10273,1681093317
newOrder,24999,1,10273,1681093317
cancel,14003,,,1681093889
cancel,18512,,,1681093889
cancel,19066,,,1681093889
cancel,24999,,,1681093889
newOrder,18513,0,7101,1681093917
newOrder,19066,1,7101,1681093917
newOrder,14003,0,8230,1681093917
newOrder,24499,1,8230,1681093917
cancel,14003,,,1681094489
cancel,18513,,,1681094489
cancel,19066,,,1681094489
cancel,24499,,,1681094489
newOrder,18513,0,7102,1681094518
newOrder,19066,1,7102,1681094518
newOrder,12089,0,28345,1681094518
newOrder,24999,1,28345,1681094518
cancel,12089,,,1681095090
cancel,18513,,,1681095090
cancel,19066,,,1681095090
cancel,24999,,,1681095090
newOrder,18513,0,7103,1681095117
newOrder,19066,1,7103,1681095117
newOrder,14003,0,16042,1681095117
newOrder,24999,1,16042,1681095117
cancel,14003,,,1681095689
cancel,18513,,,1681095689
cancel,19066,,,1681095689
cancel,24999,,,1681095689
newOrder,18512,0,7104,1681095718
newOrder,19066,1,7104,1681095718
newOrder,12089,0,27992,1681095718
newOrder,24999,1,27992,1681095718
cancel,12089,,,1681096289
cancel,18512,,,1681096289
cancel,19066,,,1681096289
cancel,24999,,,1681096289
newOrder,18513,0,7104,1681096318
newOrder,19066,1,7104,1681096318
newOrder,13597,0,23139,1681096318
newOrder,24999,1,23139,1681096318
cancel,13597,,,1681096889
cancel,18513,,,1681096889
cancel,19066,,,1681096889
cancel,24999,,,1681096889
newOrder,18513,0,7106,1681096918
newOrder,19066,1,7106,1681096918
newOrder,14003,0,21338,1681096918
newOrder,24999,1,21338,1681096918
cancel,14003,,,1681097488
cancel,18513,,,1681097488
cancel,19066,,,1681097488
cancel,24999,,,1681097488
newOrder,18508,0,7108,1681097518
newOrder,19066,1,7108,1681097518
newOrder,12089,0,34916,1681097518
newOrder,24999,1,34916,1681097518
cancel,12089,,,1681098089
cancel,18508,,,1681098089
cancel,19066,,,1681098089
cancel,24999,,,1681098089
newOrder,18507,0,7110,1681098119
newOrder,19066,1,7110,1681098119
newOrder,12089,0,35762,1681098119
newOrder,24999,1,35762,1681098119
cancel,12089,,,1681098689
cancel,18507,,,1681098689
cancel,19066,,,1681098689
cancel,24999,,,1681098689
newOrder,18565,0,7087,1681098718
newOrder,19066,1,7087,1681098718
newOrder,12089,0,27574,1681098718
newOrder,24999,1,27574,1681098718
cancel,12089,,,1681099290
cancel,18565,,,1681099290
cancel,19066,,,1681099290
cancel,24999,,,1681099290
newOrder,18565,0,7088,1681099320
newOrder,19066,1,7088,1681099320
newOrder,12089,0,28450,1681099320
newOrder,24999,1,28450,1681099320
cancel,12089,,,1681099889
cancel,18565,,,1681099889
cancel,19066,,,1681099889
cancel,24999,,,1681099889
newOrder,18565,0,7088,1681099920
newOrder,19066,1,7088,1681099920
newOrder,12089,0,35841,1681099920
newOrder,24999,1,35841,1681099920
cancel,12089,,,1681100489
cancel,18565,,,1681100489
cancel,19066,,,1681100489
cancel,24999,,,1681100489
newOrder,18565,0,7089,1681100517
newOrder,19066,1,7089,1681100517
newOrder,15001,0,6748,1681100517
newOrder,21899,1,6748,1681100517
cancel,15001,,,1681101089
cancel,18565,,,1681101089
cancel,19066,,,1681101089
cancel,21899,,,1681101089
newOrder,18565,0,7090,1681101118
newOrder,19066,1,7090,1681101118
newOrder,14003,0,21290,1681101118
newOrder,24999,1,21290,1681101118
cancel,14003,,,1681101689
cancel,18565,,,1681101689
cancel,19066,,,1681101689
cancel,24999,,,1681101689
newOrder,18565,0,7091,1681101717
newOrder,19066,1,7091,1681101717
newOrder,15001,0,4856,1681101717
newOrder,21899,1,4856,1681101717
cancel,15001,,,1681102290
cancel,18565,,,1681102290
cancel,19066,,,1681102290
cancel,21899,,,1681102290
newOrder,18565,0,7092,1681102317
newOrder,19066,1,7092,1681102317
newOrder,12089,0,32510,1681102317
newOrder,24999,1,32510,1681102317
cancel,12089,,,1681102889
cancel,18565,,,1681102889
cancel,19066,,,1681102889
cancel,24999,,,1681102889
newOrder,18565,0,7093,1681102918
newOrder,19066,1,7093,1681102918
newOrder,14003,0,8267,1681102918
newOrder,24499,1,8267,1681102918
cancel,14003,,,1681103489
cancel,18565,,,1681103489
cancel,19066,,,1681103489
cancel,24499,,,1681103489
newOrder,18565,0,7094,1681103517
newOrder,19066,1,7094,1681103517
newOrder,13597,0,23309,1681103517
newOrder,24999,1,23309,1681103517
cancel,13597,,,1681104089
cancel,18565,,,1681104089
cancel,19066,,,1681104089
cancel,24999,,,1681104089
newOrder,18565,0,7095,1681104118
newOrder,19066,1,7095,1681104118
newOrder,13003,0,23559,1681104118
newOrder,24999,1,23559,1681104118
cancel,13003,,,1681104689
cancel,18565,,,1681104689
cancel,19066,,,1681104689
cancel,24999,,,1681104689
newOrder,18565,0,7096,1681104721
newOrder,19066,1,7096,1681104721
newOrder,14003,0,15868,1681104721
newOrder,24999,1,15868,1681104721
cancel,14003,,,1681105290
cancel,18565,,,1681105290
cancel,19066,,,1681105290
cancel,24999,,,1681105290
newOrder,18565,0,7097,1681105319
newOrder,19066,1,7097,1681105319
newOrder,15001,0,7065,1681105319
newOrder,21899,1,7065,1681105319
cancel,15001,,,1681105889
cancel,18565,,,1681105889
cancel,19066,,,1681105889
cancel,21899,,,1681105889
newOrder,18565,0,7098,1681105917
newOrder,19066,1,7098,1681105917
newOrder,14003,0,12985,1681105917
newOrder,24999,1,12985,1681105917
cancel,14003,,,1681106489
cancel,18565,,,1681106489
cancel,19066,,,1681106489
cancel,24999,,,1681106489
newOrder,18565,0,7099,1681106519
newOrder,19066,1,7099,1681106519
newOrder,13597,0,22027,1681106519
newOrder,24999,1,22027,1681106519
cancel,13597,,,1681107089
cancel,18565,,,1681107089
cancel,19066,,,1681107089
cancel,24999,,,1681107089
newOrder,18565,0,7100,1681107118
newOrder,19066,1,7100,1681107118
newOrder,14003,0,15184,1681107118
newOrder,24999,1,15184,1681107118
cancel,14003,,,1681107689
cancel,18565,,,1681107689
cancel,19066,,,1681107689
cancel,24999,,,1681107689
newOrder,18565,0,7100,1681107718
newOrder,19066,1,7100,1681107718
newOrder,12101,0,26752,1681107718
newOrder,24999,1,26752,1681107718
cancel,12101,,,1681108289
cancel,18565,,,1681108289
cancel,19066,,,1681108289
cancel,24999,,,1681108289
newOrder,18565,0,7101,1681108317
newOrder,19066,1,7101,1681108317
newOrder,15001,0,7679,1681108317
newOrder,24499,1,7679,1681108317
cancel,15001,,,1681108889
cancel,18565,,,1681108889
cancel,19066,,,1681108889
cancel,24499,,,1681108889
newOrder,18565,0,7102,1681108917
newOrder,19066,1,7102,1681108917
newOrder,12089,0,37455,1681108917
newOrder,24999,1,37455,1681108917
cancel,12089,,,1681109489
cancel,18565,,,1681109489
cancel,19066,,,1681109489
cancel,24999,,,1681109489
newOrder,18565,0,7103,1681109517
newOrder,19066,1,7103,1681109517
newOrder,12089,0,35946,1681109517
newOrder,24999,1,35946,1681109517
cancel,12089,,,1681110089
cancel,18565,,,1681110089
cancel,19066,,,1681110089
cancel,24999,,,1681110089
newOrder,18565,0,7104,1681110118
newOrder,19066,1,7104,1681110118
newOrder,13597,0,23996,1681110118
newOrder,24999,1,23996,1681110118
cancel,13597,,,1681110689
cancel,18565,,,1681110689
cancel,19066,,,1681110689
cancel,24999,,,1681110689
newOrder,18565,0,7105,1681110718
newOrder,19066,1,7105,1681110718
newOrder,13597,0,23106,1681110718
newOrder,24999,1,23106,1681110718
cancel,13597,,,1681111289
cancel,18565,,,1681111289
cancel,19066,,,1681111289
cancel,24999,,,1681111289
newOrder,18465,0,7146,1681111317
newOrder,19066,1,7146,1681111317
newOrder,12089,0,31759,1681111317
newOrder,24999,1,31759,1681111317
cancel,12089,,,1681111889
cancel,18465,,,1681111889
cancel,19066,,,1681111889
cancel,24999,,,1681111889
newOrder,18468,0,7146,1681111917
newOrder,19066,1,7146,1681111917
newOrder,12089,0,30218,1681111917
newOrder,24999,1,30218,1681111917
cancel,12089,,,1681112489
cancel,18468,,,1681112489
cancel,19066,,,1681112489
cancel,24999,,,1681112489
newOrder,18467,0,7148,1681112518
newOrder,19066,1,7148,1681112518
newOrder,14003,0,10639,1681112518
newOrder,24999,1,10639,1681112518
cancel,14003,,,1681113089
cancel,18467,,,1681113089
cancel,19066,,,1681113089
cancel,24999,,,1681113089
newOrder,18467,0,7149,1681113117
newOrder,19066,1,7149,1681113117
newOrder,15002,0,6857,1681113117
newOrder,21899,1,6857,1681113117
cancel,15002,,,1681113689
cancel,18467,,,1681113689
cancel,19066,,,1681113689
cancel,21899,,,1681113689
newOrder,18467,0,7149,1681113718
newOrder,19066,1,7149,1681113718
newOrder,14003,0,19992,1681113718
newOrder,24999,1,19992,1681113718
cancel,14003,,,1681114289
cancel,18467,,,1681114289
cancel,19066,,,1681114289
cancel,24999,,,1681114289
newOrder,18468,0,7150,1681114318
newOrder,19066,1,7150,1681114318
newOrder,12101,0,28311,1681114318
newOrder,24999,1,28311,1681114318
cancel,12101,,,1681114889
cancel,18468,,,1681114889
cancel,19066,,,1681114889
cancel,24999,,,1681114889
newOrder,18468,0,7151,1681114917
newOrder,19066,1,7151,1681114917
newOrder,12089,0,30898,1681114917
newOrder,24999,1,30898,1681114917
cancel,12089,,,1681115489
cancel,18468,,,1681115489
cancel,19066,,,1681115489
cancel,24999,,,1681115489
newOrder,18459,0,7155,1681115520
newOrder,19066,1,7155,1681115520
newOrder,14003,0,11839,1681115520
newOrder,24999,1,11839,1681115520
cancel,14003,,,1681116090
cancel,18459,,,1681116090
cancel,19066,,,1681116090
cancel,24999,,,1681116090
newOrder,18458,0,7157,1681116119
newOrder,19066,1,7157,1681116119
newOrder,12101,0,26690,1681116119
newOrder,24999,1,26690,1681116119
cancel,12101,,,1681116689
cancel,18458,,,1681116689
cancel,19066,,,1681116689
cancel,24999,,,1681116689
newOrder,18458,0,7158,1681116718
newOrder,19066,1,7158,1681116718
newOrder,14003,0,10735,1681116718
newOrder,24999,1,10735,1681116718
cancel,14003,,,1681117290
cancel,18458,,,1681117290
cancel,19066,,,1681117290
cancel,24999,,,1681117290
newOrder,18458,0,7159,1681117320
newOrder,19066,1,7159,1681117320
newOrder,14003,0,19136,1681117320
newOrder,24999,1,19136,1681117320
cancel,14003,,,1681117890
cancel,18458,,,1681117890
cancel,19066,,,1681117890
cancel,24999,,,1681117890
newOrder,18458,0,7160,1681117919
newOrder,19066,1,7160,1681117919
newOrder,14003,0,12855,1681117919
newOrder,24999,1,12855,1681117919
cancel,14003,,,1681118489
cancel,18458,,,1681118489
cancel,19066,,,1681118489
cancel,24999,,,1681118489
newOrder,18458,0,7161,1681118518
newOrder,19066,1,7161,1681118518
newOrder,14003,0,19828,1681118518
newOrder,24999,1,19828,1681118518
cancel,14003,,,1681119089
cancel,18458,,,1681119089
cancel,19066,,,1681119089
cancel,24999,,,1681119089
newOrder,18457,0,7162,1681119118
newOrder,19066,1,7162,1681119118
newOrder,14003,0,13265,1681119118
newOrder,24999,1,13265,1681119118
cancel,14003,,,1681119689
cancel,18457,,,1681119689
cancel,19066,,,1681119689
cancel,24999,,,1681119689
newOrder,18458,0,7162,1681119718
newOrder,19066,1,7162,1681119718
newOrder,14003,0,13393,1681119718
newOrder,24999,1,13393,1681119718
cancel,14003,,,1681120290
cancel,18458,,,1681120290
cancel,19066,,,1681120290
cancel,24999,,,1681120290
newOrder,18458,0,7163,1681120317
newOrder,19066,1,7163,1681120317
newOrder,15002,0,4326,1681120317
newOrder,21899,1,4326,1681120317
cancel,15002,,,1681120889
cancel,18458,,,1681120889
cancel,19066,,,1681120889
cancel,21899,,,1681120889
newOrder,18456,0,7165,1681120918
newOrder,19066,1,7165,1681120918
newOrder,15002,0,7604,1681120918
newOrder,23793,1,7604,1681120918
cancel,15002,,,1681121488
cancel,18456,,,1681121488
cancel,19066,,,1681121488
cancel,23793,,,1681121488
newOrder,18457,0,7166,1681121520
newOrder,19066,1,7166,1681121520
newOrder,12089,0,34037,1681121520
newOrder,24999,1,34037,1681121520
cancel,12089,,,1681122089
cancel,18457,,,1681122089
cancel,19066,,,1681122089
cancel,24999,,,1681122089
newOrder,18458,0,7166,1681122118
newOrder,19066,1,7166,1681122118
newOrder,14003,0,17189,1681122118
newOrder,24999,1,17189,1681122118
cancel,14003,,,1681122690
cancel,18458,,,1681122690
cancel,19066,,,1681122690
cancel,24999,,,1681122690
newOrder,18458,0,7167,1681122719
newOrder,19066,1,7167,1681122719
newOrder,13003,0,25025,1681122719
newOrder,24999,1,25025,1681122719
cancel,13003,,,1681123290
cancel,18458,,,1681123290
cancel,19066,,,1681123290
cancel,24999,,,1681123290
newOrder,18458,0,7168,1681123318
newOrder,19066,1,7168,1681123318
newOrder,12089,0,29310,1681123318
newOrder,24999,1,29310,1681123318
cancel,12089,,,1681123890
cancel,18458,,,1681123890
cancel,19066,,,1681123890
cancel,24999,,,1681123890
newOrder,18458,0,7169,1681123919
newOrder,19066,1,7169,1681123919
newOrder,12089,0,35313,1681123919
newOrder,24999,1,35313,1681123919
cancel,12089,,,1681124489
cancel,18458,,,1681124489
cancel,19066,,,1681124489
cancel,24999,,,1681124489
newOrder,18458,0,7170,1681124518
newOrder,19066,1,7170,1681124518
newOrder,14003,0,22410,1681124518
newOrder,24999,1,22410,1681124518
cancel,14003,,,1681125089
cancel,18458,,,1681125089
cancel,19066,,,1681125089
cancel,24999,,,1681125089
newOrder,18458,0,7171,1681125118
newOrder,19066,1,7171,1681125118
newOrder,14003,0,14130,1681125118
newOrder,24999,1,14130,1681125118
cancel,14003,,,1681125689
cancel,18458,,,1681125689
cancel,19066,,,1681125689
cancel,24999,,,1681125689
newOrder,18457,0,7172,1681125717
newOrder,19066,1,7172,1681125717
newOrder,14003,0,18891,1681125717
newOrder,24999,1,18891,1681125717
cancel,14003,,,1681126289
cancel,18457,,,1681126289
cancel,19066,,,1681126289
cancel,24999,,,1681126289
newOrder,18531,0,7144,1681126318
newOrder,19066,1,7144,1681126318
newOrder,14003,0,9330,1681126318
newOrder,24499,1,9330,1681126318
cancel,14003,,,1681126889
cancel,18531,,,1681126889
cancel,19066,,,1681126889
cancel,24499,,,1681126889
newOrder,18531,0,7145,1681126918
newOrder,19066,1,7145,1681126918
newOrder,12089,0,37927,1681126918
newOrder,24999,1,37927,1681126918
cancel,12089,,,1681127489
cancel,18531,,,1681127489
cancel,19066,,,1681127489
cancel,24999,,,1681127489
newOrder,18531,0,7146,1681127516
newOrder,19066,1,7146,1681127516
newOrder,14003,0,21471,1681127516
newOrder,24999,1,21471,1681127516
cancel,14003,,,1681128089
cancel,18531,,,1681128089
cancel,19066,,,1681128089
cancel,24999,,,1681128089
newOrder,18531,0,7147,1681128118
newOrder,19066,1,7147,1681128118
newOrder,12089,0,31032,1681128118
newOrder,24999,1,31032,1681128118