instruction,price,side,qty,time
cancel,12244,,,1676814236
cancel,19870,,,1676814236
cancel,21750,,,1676814236
cancel,24999,,,1676814236
newOrder,19820,0,23654,1676814245
newOrder,21395,1,23654,1676814245
newOrder,11892,0,94616,1676814245
newOrder,24999,1,94616,1676814245
cancel,11892,,,1676814864
cancel,19820,,,1676814864
cancel,21395,,,1676814864
cancel,24999,,,1676814864
newOrder,19820,0,23654,1676814873
newOrder,21395,1,23654,1676814873
newOrder,11892,0,94615,1676814873
newOrder,24999,1,94615,1676814873
cancel,11892,,,1676815462
cancel,19820,,,1676815462
cancel,21395,,,1676815462
cancel,24999,,,1676815462
newOrder,19820,0,23654,1676815470
newOrder,21395,1,23654,1676815470
newOrder,11892,0,94614,1676815470
newOrder,24999,1,94614,1676815470
cancel,11892,,,1676816064
cancel,19820,,,1676816064
cancel,21395,,,1676816064
cancel,24999,,,1676816064
newOrder,19820,0,23653,1676816071
newOrder,21395,1,23653,1676816071
newOrder,11892,0,94614,1676816071
newOrder,24999,1,94614,1676816071
cancel,11892,,,1676816663
cancel,19820,,,1676816663
cancel,21395,,,1676816663
cancel,24999,,,1676816663
newOrder,19820,0,23653,1676816671
newOrder,21395,1,23653,1676816671
newOrder,11892,0,94613,1676816671
newOrder,24999,1,94613,1676816671
cancel,11892,,,1676817265
cancel,19820,,,1676817265
cancel,21395,,,1676817265
cancel,24999,,,1676817265
newOrder,19820,0,24088,1676817273
newOrder,21304,1,24088,1676817273
newOrder,11892,0,96353,1676817273
newOrder,24999,1,96353,1676817273
cancel,11892,,,1676817864
cancel,19820,,,1676817864
cancel,21304,,,1676817864
cancel,24999,,,1676817864
newOrder,19820,0,24094,1676817874
newOrder,21302,1,24094,1676817874
newOrder,11892,0,96375,1676817874
newOrder,24999,1,96375,1676817874
cancel,11892,,,1676818464
cancel,19820,,,1676818464
cancel,21302,,,1676818464
cancel,24999,,,1676818464
newOrder,19820,0,24093,1676818471
newOrder,21303,1,24093,1676818471
newOrder,11892,0,96370,1676818471
newOrder,24999,1,96370,1676818471
cancel,11892,,,1676819064
cancel,19820,,,1676819064
cancel,21303,,,1676819064
cancel,24999,,,1676819064
newOrder,19820,0,24090,1676819070
newOrder,21303,1,24090,1676819070
newOrder,11892,0,96361,1676819070
newOrder,24999,1,96361,1676819070
cancel,11892,,,1676819664
cancel,19820,,,1676819664
cancel,21303,,,1676819664
cancel,24999,,,1676819664
newOrder,19820,0,24090,1676819672
newOrder,21303,1,24090,1676819672
newOrder,11892,0,96360,1676819672
newOrder,24999,1,96360,1676819672
cancel,11892,,,1676820264
cancel,19820,,,1676820264
cancel,21303,,,1676820264
cancel,24999,,,1676820264
newOrder,19820,0,24096,1676820273
newOrder,21302,1,24096,1676820273
newOrder,11892,0,96384,1676820273
newOrder,24999,1,96384,1676820273
cancel,11892,,,1676820862
cancel,19820,,,1676820862
cancel,21302,,,1676820862
cancel,24999,,,1676820862
newOrder,19820,0,24092,1676820873
newOrder,21303,1,24092,1676820873
newOrder,11892,0,96370,1676820873
newOrder,24999,1,96370,1676820873
cancel,11892,,,1676821464
cancel,19820,,,1676821464
cancel,21303,,,1676821464
cancel,24999,,,1676821464
newOrder,19820,0,24090,1676821472
newOrder,21303,1,24090,1676821472
newOrder,11892,0,96360,1676821472
newOrder,24999,1,96360,1676821472
cancel,11892,,,1676822064
cancel,19820,,,1676822064
cancel,21303,,,1676822064
cancel,24999,,,1676822064
newOrder,19820,0,24260,1676822071
newOrder,21268,1,24260,1676822071
newOrder,11892,0,97042,1676822071
newOrder,24999,1,97042,1676822071
cancel,11892,,,1676822662
cancel,19820,,,1676822662
cancel,21268,,,1676822662
cancel,24999,,,1676822662
newOrder,19820,0,24307,1676822673
newOrder,21258,1,24307,1676822673
newOrder,11892,0,97228,1676822673
newOrder,24999,1,97228,1676822673
cancel,11892,,,1676823263
cancel,19820,,,1676823263
cancel,21258,,,1676823263
cancel,24999,,,1676823263
newOrder,19820,0,24315,1676823275
newOrder,21256,1,24315,1676823275
newOrder,11892,0,97259,1676823275
newOrder,24999,1,97259,1676823275
cancel,11892,,,1676823863
cancel,19820,,,1676823863
cancel,21256,,,1676823863
cancel,24999,,,1676823863
newOrder,19820,0,24306,1676823868
newOrder,21258,1,24306,1676823868
newOrder,11892,0,97223,1676823868
newOrder,24999,1,97223,1676823868
cancel,11892,,,1676824464
cancel,19820,,,1676824464
cancel,21258,,,1676824464
cancel,24999,,,1676824464
newOrder,19820,0,24303,1676824475
newOrder,21259,1,24303,1676824475
newOrder,11892,0,97211,1676824475
newOrder,24999,1,97211,1676824475
cancel,11892,,,1676825065
cancel,19820,,,1676825065
cancel,21259,,,1676825065
cancel,24999,,,1676825065
newOrder,19820,0,24307,1676825070
newOrder,21258,1,24307,1676825070
newOrder,11892,0,97229,1676825070
newOrder,24999,1,97229,1676825070
cancel,11892,,,1676825664
cancel,19820,,,1676825664
cancel,21258,,,1676825664
cancel,24999,,,1676825664
newOrder,19820,0,24236,1676825674
newOrder,21273,1,24236,1676825674
newOrder,11892,0,96944,1676825674
newOrder,24999,1,96944,1676825674
cancel,11892,,,1676826265
cancel,19820,,,1676826265
cancel,21273,,,1676826265
cancel,24999,,,1676826265
newOrder,19820,0,24236,1676826275
newOrder,21273,1,24236,1676826275
newOrder,11892,0,96944,1676826275
newOrder,24999,1,96944,1676826275
cancel,11892,,,1676826865
cancel,19820,,,1676826865
cancel,21273,,,1676826865
cancel,24999,,,1676826865
newOrder,19820,0,24236,1676826875
newOrder,21273,1,24236,1676826875
newOrder,11892,0,96944,1676826875
newOrder,24999,1,96944,1676826875
cancel,11892,,,1676827463
cancel,19820,,,1676827463
cancel,21273,,,1676827463
cancel,24999,,,1676827463
newOrder,19820,0,24301,1676827471
newOrder,21259,1,24301,1676827471
newOrder,11892,0,97203,1676827471
newOrder,24999,1,97203,1676827471
cancel,11892,,,1676828065
cancel,19820,,,1676828065
cancel,21259,,,1676828065
cancel,24999,,,1676828065
newOrder,19820,0,24301,1676828072
newOrder,21259,1,24301,1676828072
newOrder,11892,0,97203,1676828072
newOrder,24999,1,97203,1676828072
cancel,11892,,,1676828664
cancel,19820,,,1676828664
cancel,21259,,,1676828664
cancel,24999,,,1676828664
newOrder,19820,0,24306,1676828670
newOrder,21258,1,24306,1676828670
newOrder,11892,0,97226,1676828670
newOrder,24999,1,97226,1676828670
cancel,11892,,,1676829266
cancel,19820,,,1676829266
cancel,21258,,,1676829266
cancel,24999,,,1676829266
newOrder,19820,0,24304,1676829273
newOrder,21259,1,24304,1676829273
newOrder,11892,0,97216,1676829273
newOrder,24999,1,97216,1676829273
cancel,11892,,,1676829864
cancel,19820,,,1676829864
cancel,21259,,,1676829864
cancel,24999,,,1676829864
newOrder,19820,0,24303,1676829872
newOrder,21259,1,24303,1676829872
newOrder,11892,0,97211,1676829872
newOrder,24999,1,97211,1676829872
cancel,11892,,,1676830464
cancel,19820,,,1676830464
cancel,21259,,,1676830464
cancel,24999,,,1676830464
newOrder,19820,0,24236,1676830475
newOrder,21273,1,24236,1676830475
newOrder,11892,0,96943,1676830475
newOrder,24999,1,96943,1676830475
cancel,11892,,,1676831065
cancel,19820,,,1676831065
cancel,21273,,,1676831065
cancel,24999,,,1676831065
newOrder,19820,0,24236,1676831080
newOrder,21273,1,24236,1676831080
newOrder,11892,0,96943,1676831080
newOrder,24999,1,96943,1676831080
cancel,11892,,,1676831663
cancel,19820,,,1676831663
cancel,21273,,,1676831663
cancel,24999,,,1676831663
newOrder,19820,0,24236,1676831674
newOrder,21273,1,24236,1676831674
newOrder,11892,0,96942,1676831674
newOrder,24999,1,96942,1676831674
cancel,11892,,,1676832264
cancel,19820,,,1676832264
cancel,21273,,,1676832264
cancel,24999,,,1676832264
newOrder,19820,0,24301,1676832271
newOrder,21259,1,24301,1676832271
newOrder,11892,0,97203,1676832271
newOrder,24999,1,97203,1676832271
cancel,11892,,,1676832869
cancel,19820,,,1676832869
cancel,21259,,,1676832869
cancel,24999,,,1676832869
newOrder,19820,0,24303,1676832883
newOrder,21259,1,24303,1676832883
newOrder,11892,0,97212,1676832883
newOrder,24999,1,97212,1676832883
cancel,11892,,,1676833464
cancel,19820,,,1676833464
cancel,21259,,,1676833464
cancel,24999,,,1676833464
newOrder,19820,0,24382,1676833469
newOrder,21242,1,24382,1676833469
newOrder,11892,0,97528,1676833469
newOrder,24999,1,97528,1676833469
cancel,11892,,,1676834064
cancel,19820,,,1676834064
cancel,21242,,,1676834064
cancel,24999,,,1676834064
newOrder,19820,0,24379,1676834071
newOrder,21243,1,24379,1676834071
newOrder,11892,0,97514,1676834071
newOrder,24999,1,97514,1676834071
cancel,11892,,,1676834663
cancel,19820,,,1676834663
cancel,21243,,,1676834663
cancel,24999,,,1676834663
newOrder,19820,0,24378,1676834672
newOrder,21243,1,24378,1676834672
newOrder,11892,0,97513,1676834672
newOrder,24999,1,97513,1676834672
cancel,11892,,,1676835264
cancel,19820,,,1676835264
cancel,21243,,,1676835264
cancel,24999,,,1676835264
newOrder,19820,0,24382,1676835270
newOrder,21242,1,24382,1676835270
newOrder,11892,0,97528,1676835270
newOrder,24999,1,97528,1676835270
cancel,11892,,,1676835865
cancel,19820,,,1676835865
cancel,21242,,,1676835865
cancel,24999,,,1676835865
newOrder,19820,0,24375,1676835874
newOrder,21244,1,24375,1676835874
newOrder,11892,0,97500,1676835874
newOrder,24999,1,97500,1676835874
cancel,11892,,,1676836466
cancel,19820,,,1676836466
cancel,21244,,,1676836466
cancel,24999,,,1676836466
newOrder,19820,0,24381,1676836471
newOrder,21243,1,24381,1676836471
newOrder,11892,0,97525,1676836471
newOrder,24999,1,97525,1676836471
cancel,11892,,,1676837065
cancel,19820,,,1676837065
cancel,21243,,,1676837065
cancel,24999,,,1676837065
newOrder,19820,0,24382,1676837072
newOrder,21242,1,24382,1676837072
newOrder,11892,0,97528,1676837072
newOrder,24999,1,97528,1676837072
cancel,11892,,,1676837663
cancel,19820,,,1676837663
cancel,21242,,,1676837663
cancel,24999,,,1676837663
newOrder,19820,0,24376,1676837670
newOrder,21244,1,24376,1676837670
newOrder,11892,0,97505,1676837670
newOrder,24999,1,97505,1676837670
cancel,11892,,,1676838263
cancel,19820,,,1676838263
cancel,21244,,,1676838263
cancel,24999,,,1676838263
newOrder,19820,0,24381,1676838273
newOrder,21243,1,24381,1676838273
newOrder,11892,0,97523,1676838273
newOrder,24999,1,97523,1676838273
cancel,11892,,,1676838862
cancel,19820,,,1676838862
cancel,21243,,,1676838862
cancel,24999,,,1676838862
newOrder,19820,0,24382,1676838870
newOrder,21242,1,24382,1676838870
newOrder,11892,0,97528,1676838870
newOrder,24999,1,97528,1676838870
cancel,11892,,,1676839464
cancel,19820,,,1676839464
cancel,21242,,,1676839464
cancel,24999,,,1676839464
newOrder,19820,0,24378,1676839473
newOrder,21243,1,24378,1676839473
newOrder,11892,0,97513,1676839473
newOrder,24999,1,97513,1676839473
cancel,11892,,,1676840076
cancel,19820,,,1676840076
cancel,21243,,,1676840076
cancel,24999,,,1676840076
newOrder,19820,0,24376,1676840084
newOrder,21244,1,24376,1676840084
newOrder,11892,0,97506,1676840084
newOrder,24999,1,97506,1676840084
cancel,11892,,,1676840664
cancel,19820,,,1676840664
cancel,21244,,,1676840664
cancel,24999,,,1676840664
newOrder,19820,0,24381,1676840669
newOrder,21243,1,24381,1676840669
newOrder,11892,0,97522,1676840669
newOrder,24999,1,97522,1676840669
cancel,11892,,,1676841264
cancel,19820,,,1676841264
cancel,21243,,,1676841264
cancel,24999,,,1676841264
newOrder,19820,0,24379,1676841271
newOrder,21243,1,24379,1676841271
newOrder,11892,0,97516,1676841271
newOrder,24999,1,97516,1676841271
cancel,11892,,,1676841866
cancel,19820,,,1676841866
cancel,21243,,,1676841866
cancel,24999,,,1676841866
newOrder,19820,0,24368,1676841877
newOrder,21245,1,24368,1676841877
newOrder,11892,0,97471,1676841877
newOrder,24999,1,97471,1676841877
cancel,11892,,,1676842465
cancel,19820,,,1676842465
cancel,21245,,,1676842465
cancel,24999,,,1676842465
newOrder,19820,0,24368,1676842477
newOrder,21245,1,24368,1676842477
newOrder,11892,0,97471,1676842477
newOrder,24999,1,97471,1676842477
cancel,11892,,,1676843064
cancel,19820,,,1676843064
cancel,21245,,,1676843064
cancel,24999,,,1676843064
newOrder,19820,0,24378,1676843071
newOrder,21243,1,24378,1676843071
newOrder,11892,0,97511,1676843071
newOrder,24999,1,97511,1676843071
cancel,11892,,,1676843663
cancel,19820,,,1676843663
cancel,21243,,,1676843663
cancel,24999,,,1676843663
newOrder,19820,0,24381,1676843674
newOrder,21242,1,24381,1676843674
newOrder,11892,0,97525,1676843674
newOrder,24999,1,97525,1676843674
cancel,11892,,,1676844264
cancel,19820,,,1676844264
cancel,21242,,,1676844264
cancel,24999,,,1676844264
newOrder,19820,0,24385,1676844273
newOrder,21242,1,24385,1676844273
newOrder,11892,0,97540,1676844273
newOrder,24999,1,97540,1676844273
cancel,11892,,,1676844865
cancel,19820,,,1676844865
cancel,21242,,,1676844865
cancel,24999,,,1676844865
newOrder,19820,0,24378,1676844874
newOrder,21243,1,24378,1676844874
newOrder,11892,0,97510,1676844874
newOrder,24999,1,97510,1676844874
cancel,11892,,,1676845464
cancel,19820,,,1676845464
cancel,21243,,,1676845464
cancel,24999,,,1676845464
newOrder,19820,0,24382,1676845472
newOrder,21242,1,24382,1676845472
newOrder,11892,0,97530,1676845472
newOrder,24999,1,97530,1676845472
cancel,11892,,,1676846065
cancel,19820,,,1676846065
cancel,21242,,,1676846065
cancel,24999,,,1676846065
newOrder,19820,0,24367,1676846073
newOrder,21245,1,24367,1676846073
newOrder,11892,0,97470,1676846073
newOrder,24999,1,97470,1676846073
cancel,11892,,,1676846664
cancel,19820,,,1676846664
cancel,21245,,,1676846664
cancel,24999,,,1676846664
newOrder,19820,0,24367,1676846676
newOrder,21245,1,24367,1676846676
newOrder,11892,0,97469,1676846676
newOrder,24999,1,97469,1676846676
cancel,11892,,,1676847265
cancel,19820,,,1676847265
cancel,21245,,,1676847265
cancel,24999,,,1676847265
newOrder,19820,0,24378,1676847273
newOrder,21243,1,24378,1676847273
newOrder,11892,0,97513,1676847273
newOrder,24999,1,97513,1676847273
cancel,11892,,,1676847865
cancel,19820,,,1676847865
cancel,21243,,,1676847865
cancel,24999,,,1676847865
newOrder,19820,0,24367,1676847874
newOrder,21245,1,24367,1676847874
newOrder,11892,0,97469,1676847874
newOrder,24999,1,97469,1676847874
cancel,11892,,,1676848463
cancel,19820,,,1676848463
cancel,21245,,,1676848463
cancel,24999,,,1676848463
newOrder,19820,0,24377,1676848477
newOrder,21243,1,24377,1676848477
newOrder,11892,0,97508,1676848477
newOrder,24999,1,97508,1676848477
cancel,11892,,,1676849065
cancel,19820,,,1676849065
cancel,21243,,,1676849065
cancel,24999,,,1676849065
newOrder,19820,0,24381,1676849072
newOrder,21242,1,24381,1676849072
newOrder,11892,0,97524,1676849072
newOrder,24999,1,97524,1676849072
cancel,11892,,,1676849664
cancel,19820,,,1676849664
cancel,21242,,,1676849664
cancel,24999,,,1676849664
newOrder,19820,0,24380,1676849673
newOrder,21243,1,24380,1676849673
newOrder,11892,0,97518,1676849673
newOrder,24999,1,97518,1676849673
cancel,11892,,,1676850266
cancel,19820,,,1676850266
cancel,21243,,,1676850266
cancel,24999,,,1676850266
newOrder,19820,0,24374,1676850275
newOrder,21244,1,24374,1676850275
newOrder,11892,0,97495,1676850275
newOrder,24999,1,97495,1676850275
cancel,11892,,,1676850865
cancel,19820,,,1676850865
cancel,21244,,,1676850865
cancel,24999,,,1676850865
newOrder,19820,0,24377,1676850873
newOrder,21243,1,24377,1676850873
newOrder,11892,0,97507,1676850873
newOrder,24999,1,97507,1676850873
cancel,11892,,,1676851478
cancel,19820,,,1676851478
cancel,21243,,,1676851478
cancel,24999,,,1676851478
newOrder,19820,0,24366,1676851486
newOrder,21245,1,24366,1676851486
newOrder,11892,0,97466,1676851486
newOrder,24999,1,97466,1676851486
cancel,11892,,,1676852064
cancel,19820,,,1676852064
cancel,21245,,,1676852064
cancel,24999,,,1676852064
newOrder,19820,0,24378,1676852072
newOrder,21243,1,24378,1676852072
newOrder,11892,0,97511,1676852072
newOrder,24999,1,97511,1676852072
cancel,11892,,,1676852669
cancel,19820,,,1676852669
cancel,21243,,,1676852669
cancel,24999,,,1676852669
newOrder,19820,0,24377,1676852676
newOrder,21243,1,24377,1676852676
newOrder,11892,0,97506,1676852676
newOrder,24999,1,97506,1676852676
cancel,11892,,,1676853264
cancel,19820,,,1676853264
cancel,21243,,,1676853264
cancel,24999,,,1676853264
newOrder,19820,0,24374,1676853274
newOrder,21244,1,24374,1676853274
newOrder,11892,0,97498,1676853274
newOrder,24999,1,97498,1676853274
cancel,11892,,,1676855064
cancel,19820,,,1676855064
cancel,21244,,,1676855064
cancel,24999,,,1676855064
newOrder,19820,0,24376,1676855075
newOrder,21243,1,24376,1676855075
newOrder,11892,0,97503,1676855075
newOrder,24999,1,97503,1676855075
cancel,11892,,,1676855666
cancel,19820,,,1676855666
cancel,21243,,,1676855666
cancel,24999,,,1676855666
newOrder,19820,0,24376,1676855673
newOrder,21243,1,24376,1676855673
newOrder,11892,0,97504,1676855673
cancel,11892,,,1676856265
cancel,19820,,,1676856265
cancel,21243,,,1676856265
newOrder,19820,0,24376,1676856277
newOrder,21243,1,24376,1676856277
newOrder,11892,0,97502,1676856277
newOrder,24999,1,97502,1676856277
cancel,11892,,,1676856865
cancel,19820,,,1676856865
cancel,21243,,,1676856865
cancel,24999,,,1676856865
newOrder,19820,0,24314,1676856876
newOrder,21256,1,24314,1676856876
newOrder,11892,0,97256,1676856876
newOrder,24999,1,97256,1676856876
cancel,11892,,,1676857465
cancel,19820,,,1676857465
cancel,21256,,,1676857465
cancel,24999,,,1676857465
newOrder,19820,0,24356,1676857477
newOrder,21247,1,24356,1676857477
newOrder,11892,0,97424,1676857477
newOrder,24999,1,97424,1676857477
cancel,11892,,,1676858065
cancel,19820,,,1676858065
cancel,21247,,,1676858065
cancel,24999,,,1676858065
newOrder,19820,0,24336,1676858072
newOrder,21251,1,24336,1676858072
newOrder,11892,0,97345,1676858072
newOrder,24999,1,97345,1676858072
cancel,11892,,,1676858664
cancel,19820,,,1676858664
cancel,21251,,,1676858664
cancel,24999,,,1676858664
newOrder,19820,0,24334,1676858673
newOrder,21251,1,24334,1676858673
newOrder,11892,0,97336,1676858673
newOrder,24999,1,97336,1676858673
cancel,11892,,,1676859265
cancel,19820,,,1676859265
cancel,21251,,,1676859265
cancel,24999,,,1676859265
newOrder,19820,0,24270,1676859275
newOrder,21264,1,24270,1676859275
newOrder,11892,0,97081,1676859275
newOrder,24999,1,97081,1676859275
cancel,11892,,,1676859864
cancel,19820,,,1676859864
cancel,21264,,,1676859864
cancel,24999,,,1676859864
newOrder,19820,0,24321,1676859874
newOrder,21254,1,24321,1676859874
newOrder,11892,0,97283,1676859874
newOrder,24999,1,97283,1676859874
cancel,11892,,,1676860465
cancel,19820,,,1676860465
cancel,21254,,,1676860465
cancel,24999,,,1676860465
newOrder,19820,0,24319,1676860473
newOrder,21254,1,24319,1676860473
newOrder,11892,0,97275,1676860473
newOrder,24999,1,97275,1676860473
cancel,11892,,,1676861064
cancel,19820,,,1676861064
cancel,21254,,,1676861064
cancel,24999,,,1676861064
newOrder,19820,0,24321,1676861075
newOrder,21254,1,24321,1676861075
newOrder,11892,0,97282,1676861075
newOrder,24999,1,97282,1676861075
cancel,11892,,,1676861664
cancel,19820,,,1676861664
cancel,21254,,,1676861664
cancel,24999,,,1676861664
newOrder,19820,0,24323,1676861676
newOrder,21253,1,24323,1676861676
newOrder,11892,0,97293,1676861676
newOrder,24999,1,97293,1676861676
cancel,11892,,,1676862264
cancel,19820,,,1676862264
cancel,21253,,,1676862264
cancel,24999,,,1676862264
newOrder,19820,0,24320,1676862272
newOrder,21254,1,24320,1676862272
newOrder,11892,0,97280,1676862272
newOrder,24999,1,97280,1676862272
cancel,11892,,,1676862864
cancel,19820,,,1676862864
cancel,21254,,,1676862864
cancel,24999,,,1676862864
newOrder,19820,0,24320,1676862871
newOrder,21254,1,24320,1676862871
newOrder,11892,0,97279,1676862871
newOrder,24999,1,97279,1676862871
cancel,11892,,,1676863465
cancel,19820,,,1676863465
cancel,21254,,,1676863465
cancel,24999,,,1676863465
newOrder,19820,0,24323,1676863473
newOrder,21253,1,24323,1676863473
newOrder,11892,0,97292,1676863473
newOrder,24999,1,97292,1676863473
cancel,11892,,,1676864064
cancel,19820,,,1676864064
cancel,21253,,,1676864064
cancel,24999,,,1676864064
newOrder,19820,0,24322,1676864073
newOrder,21254,1,24322,1676864073
newOrder,11892,0,97288,1676864073
newOrder,24999,1,97288,1676864073
cancel,11892,,,1676864664
cancel,19820,,,1676864664
cancel,21254,,,1676864664
cancel,24999,,,1676864664
newOrder,19820,0,24324,1676864673
newOrder,21253,1,24324,1676864673
newOrder,11892,0,97295,1676864673
newOrder,24999,1,97295,1676864673
cancel,11892,,,1676865265
cancel,19820,,,1676865265
cancel,21253,,,1676865265
cancel,24999,,,1676865265
newOrder,19820,0,24326,1676865276
newOrder,21253,1,24326,1676865276
newOrder,11892,0,97305,1676865276
newOrder,24999,1,97305,1676865276
cancel,11892,,,1676865865
cancel,19820,,,1676865865
cancel,21253,,,1676865865
cancel,24999,,,1676865865
newOrder,19820,0,24323,1676865872
newOrder,21253,1,24323,1676865872
newOrder,11892,0,97294,1676865872
newOrder,24999,1,97294,1676865872
cancel,11892,,,1676866464
cancel,19820,,,1676866464
cancel,21253,,,1676866464
cancel,24999,,,1676866464
newOrder,19820,0,24322,1676866470
newOrder,21253,1,24322,1676866470
newOrder,11892,0,97289,1676866470
newOrder,24999,1,97289,1676866470
cancel,11892,,,1676867064
cancel,19820,,,1676867064
cancel,21253,,,1676867064
cancel,24999,,,1676867064
newOrder,19820,0,24317,1676867073
newOrder,21254,1,24317,1676867073
newOrder,11892,0,97268,1676867073
newOrder,24999,1,97268,1676867073
cancel,11892,,,1676867664
cancel,19820,,,1676867664
cancel,21254,,,1676867664
cancel,24999,,,1676867664
newOrder,19820,0,24317,1676867669
newOrder,21254,1,24317,1676867669
newOrder,11892,0,97267,1676867669
newOrder,24999,1,97267,1676867669
cancel,11892,,,1676868263
cancel,19820,,,1676868263
cancel,21254,,,1676868263
cancel,24999,,,1676868263
newOrder,19820,0,24319,1676868270
newOrder,21254,1,24319,1676868270
newOrder,11892,0,97276,1676868270
newOrder,24999,1,97276,1676868270
cancel,11892,,,1676868866
cancel,19820,,,1676868866
cancel,21254,,,1676868866
cancel,24999,,,1676868866
newOrder,19820,0,24314,1676868874
newOrder,21255,1,24314,1676868874
newOrder,11892,0,97257,1676868874
newOrder,24999,1,97257,1676868874
cancel,11892,,,1676869464
cancel,19820,,,1676869464
cancel,21255,,,1676869464
cancel,24999,,,1676869464
newOrder,19820,0,24216,1676869472
newOrder,21274,1,24216,1676869472
newOrder,11892,0,96863,1676869472
newOrder,24999,1,96863,1676869472
cancel,11892,,,1676870064
cancel,19820,,,1676870064
cancel,21274,,,1676870064
cancel,24999,,,1676870064
newOrder,19820,0,24217,1676870076
newOrder,21274,1,24217,1676870076
newOrder,11892,0,96867,1676870076
newOrder,24999,1,96867,1676870076
cancel,11892,,,1676870663
cancel,19820,,,1676870663
cancel,21274,,,1676870663
cancel,24999,,,1676870663
newOrder,19820,0,24213,1676870671
newOrder,21275,1,24213,1676870671
newOrder,11892,0,96851,1676870671
newOrder,24999,1,96851,1676870671
cancel,11892,,,1676871265
cancel,19820,,,1676871265
cancel,21275,,,1676871265
cancel,24999,,,1676871265
newOrder,19820,0,24217,1676871271
newOrder,21274,1,24217,1676871271
newOrder,11892,0,96868,1676871271
newOrder,24999,1,96868,1676871271
cancel,11892,,,1676871864
cancel,19820,,,1676871864
cancel,21274,,,1676871864
cancel,24999,,,1676871864
newOrder,19820,0,24217,1676871871
newOrder,21274,1,24217,1676871871
newOrder,11892,0,96866,1676871871
newOrder,24999,1,96866,1676871871
cancel,11892,,,1676872464
cancel,19820,,,1676872464
cancel,21274,,,1676872464
cancel,24999,,,1676872464
newOrder,19820,0,24212,1676872471
newOrder,21275,1,24212,1676872471
newOrder,11892,0,96846,1676872471
newOrder,24999,1,96846,1676872471
cancel,11892,,,1676873063
cancel,19820,,,1676873063
cancel,21275,,,1676873063
cancel,24999,,,1676873063
newOrder,19820,0,24214,1676873070
newOrder,21274,1,24214,1676873070
newOrder,11892,0,96855,1676873070
newOrder,24999,1,96855,1676873070
cancel,11892,,,1676873666
cancel,19820,,,1676873666
cancel,21274,,,1676873666
cancel,24999,,,1676873666
newOrder,19820,0,24216,1676873673
newOrder,21274,1,24216,1676873673
newOrder,11892,0,96863,1676873673
newOrder,24999,1,96863,1676873673
cancel,11892,,,1676874269
cancel,19820,,,1676874269
cancel,21274,,,1676874269
cancel,24999,,,1676874269
newOrder,19820,0,24213,1676874277
newOrder,21274,1,24213,1676874277
newOrder,11892,0,96853,1676874277
newOrder,24999,1,96853,1676874277
cancel,11892,,,1676874865
cancel,19820,,,1676874865
cancel,21274,,,1676874865
cancel,24999,,,1676874865
newOrder,19820,0,23249,1676874871
newOrder,21470,1,23249,1676874871
newOrder,11892,0,92994,1676874871
newOrder,24999,1,92994,1676874871
cancel,11892,,,1676875465
cancel,19820,,,1676875465
cancel,21470,,,1676875465
cancel,24999,,,1676875465
newOrder,19820,0,23248,1676875471
newOrder,21470,1,23248,1676875471
newOrder,11892,0,92991,1676875471
newOrder,24999,1,92991,1676875471
cancel,11892,,,1676876063
cancel,19820,,,1676876063
cancel,21470,,,1676876063
cancel,24999,,,1676876063
newOrder,19820,0,23247,1676876070
newOrder,21470,1,23247,1676876070
newOrder,11892,0,92988,1676876070
newOrder,24999,1,92988,1676876070
cancel,11892,,,1676876664
cancel,19820,,,1676876664
cancel,21470,,,1676876664
cancel,24999,,,1676876664
newOrder,19820,0,23246,1676876671
newOrder,21470,1,23246,1676876671
newOrder,11892,0,92985,1676876671
newOrder,24999,1,92985,1676876671
cancel,11892,,,1676877263
cancel,19820,,,1676877263
cancel,21470,,,1676877263
cancel,24999,,,1676877263
newOrder,19820,0,23246,1676877273
newOrder,21470,1,23246,1676877273
newOrder,11892,0,92982,1676877273
newOrder,24999,1,92982,1676877273
cancel,11892,,,1676877864
cancel,19820,,,1676877864
cancel,21470,,,1676877864
cancel,24999,,,1676877864
newOrder,19820,0,23245,1676877871
newOrder,21470,1,23245,1676877871
newOrder,11892,0,92979,1676877871
newOrder,24999,1,92979,1676877871
cancel,11892,,,1676878466
cancel,19820,,,1676878466
cancel,21470,,,1676878466
cancel,24999,,,1676878466
newOrder,19820,0,23244,1676878475
newOrder,21470,1,23244,1676878475
newOrder,11892,0,92976,1676878475
newOrder,24999,1,92976,1676878475
cancel,11892,,,1676879066
cancel,19820,,,1676879066
cancel,21470,,,1676879066
cancel,24999,,,1676879066
newOrder,19820,0,23243,1676879072
newOrder,21470,1,23243,1676879072
newOrder,11892,0,92973,1676879072
newOrder,24999,1,92973,1676879072
cancel,11892,,,1676879664
cancel,19820,,,1676879664
cancel,21470,,,1676879664
cancel,24999,,,1676879664
newOrder,19820,0,23242,1676879671
newOrder,21470,1,23242,1676879671
newOrder,11892,0,92970,1676879671
newOrder,24999,1,92970,1676879671
cancel,11892,,,1676880265
cancel,19820,,,1676880265
cancel,21470,,,1676880265
cancel,24999,,,1676880265
newOrder,19820,0,23242,1676880272
newOrder,21470,1,23242,1676880272
newOrder,11892,0,92967,1676880272
newOrder,24999,1,92967,1676880272
cancel,11892,,,1676880863
cancel,19820,,,1676880863
cancel,21470,,,1676880863
cancel,24999,,,1676880863
newOrder,19820,0,23241,1676880873
newOrder,21470,1,23241,1676880873
newOrder,11892,0,92964,1676880873
newOrder,24999,1,92964,1676880873
cancel,11892,,,1676881464
cancel,19820,,,1676881464
cancel,21470,,,1676881464
cancel,24999,,,1676881464
newOrder,19820,0,23240,1676881472
newOrder,21470,1,23240,1676881472
newOrder,11892,0,92961,1676881472
newOrder,24999,1,92961,1676881472
cancel,11892,,,1676882064
cancel,19820,,,1676882064
cancel,21470,,,1676882064
cancel,24999,,,1676882064
newOrder,19820,0,23239,1676882069
newOrder,21470,1,23239,1676882069
newOrder,11892,0,92957,1676882069
newOrder,24999,1,92957,1676882069
cancel,11892,,,1676882664
cancel,19820,,,1676882664
cancel,21470,,,1676882664
cancel,24999,,,1676882664
newOrder,19820,0,23239,1676882671
newOrder,21470,1,23239,1676882671
newOrder,11892,0,92954,1676882671
newOrder,24999,1,92954,1676882671
cancel,11892,,,1676883264
cancel,19820,,,1676883264
cancel,21470,,,1676883264
cancel,24999,,,1676883264
newOrder,19820,0,23238,1676883270
newOrder,21470,1,23238,1676883270
newOrder,11892,0,92951,1676883270
newOrder,24999,1,92951,1676883270
cancel,11892,,,1676883864
cancel,19820,,,1676883864
cancel,21470,,,1676883864
cancel,24999,,,1676883864
newOrder,19820,0,23237,1676883874
newOrder,21470,1,23237,1676883874
newOrder,11892,0,92948,1676883874
newOrder,24999,1,92948,1676883874
cancel,11892,,,1676884467
cancel,19820,,,1676884467
cancel,21470,,,1676884467
cancel,24999,,,1676884467
newOrder,19820,0,23236,1676884476
newOrder,21470,1,23236,1676884476
newOrder,11892,0,92945,1676884476
newOrder,24999,1,92945,1676884476
cancel,11892,,,1676885065
cancel,19820,,,1676885065
cancel,21470,,,1676885065
cancel,24999,,,1676885065
newOrder,19820,0,23235,1676885071
newOrder,21470,1,23235,1676885071
newOrder,11892,0,92941,1676885071
newOrder,24999,1,92941,1676885071
cancel,11892,,,1676885663
cancel,19820,,,1676885663
cancel,21470,,,1676885663
cancel,24999,,,1676885663
newOrder,19820,0,23235,1676885671
newOrder,21470,1,23235,1676885671
newOrder,11892,0,92938,1676885671
newOrder,24999,1,92938,1676885671
cancel,11892,,,1676886264
cancel,19820,,,1676886264
cancel,21470,,,1676886264
cancel,24999,,,1676886264
newOrder,19820,0,23234,1676886272
newOrder,21470,1,23234,1676886272
newOrder,11892,0,92935,1676886272
newOrder,24999,1,92935,1676886272
cancel,11892,,,1676886864
cancel,19820,,,1676886864
cancel,21470,,,1676886864
cancel,24999,,,1676886864
newOrder,19820,0,23569,1676886869
newOrder,21402,1,23569,1676886869
newOrder,11892,0,94277,1676886869
newOrder,24999,1,94277,1676886869
cancel,11892,,,1676887464
cancel,19820,,,1676887464
cancel,21402,,,1676887464
cancel,24999,,,1676887464
newOrder,19820,0,23566,1676887470
newOrder,21402,1,23566,1676887470
newOrder,11892,0,94264,1676887470
newOrder,24999,1,94264,1676887470
cancel,11892,,,1676888063
cancel,19820,,,1676888063
cancel,21402,,,1676888063
cancel,24999,,,1676888063
newOrder,19820,0,23568,1676888070
newOrder,21402,1,23568,1676888070
newOrder,11892,0,94274,1676888070
newOrder,24999,1,94274,1676888070
cancel,11892,,,1676888664
cancel,19820,,,1676888664
cancel,21402,,,1676888664
cancel,24999,,,1676888664
newOrder,19820,0,23563,1676888671
newOrder,21403,1,23563,1676888671
newOrder,11892,0,94253,1676888671
newOrder,24999,1,94253,1676888671
cancel,11892,,,1676889265
cancel,19820,,,1676889265
cancel,21403,,,1676889265
cancel,24999,,,1676889265
newOrder,19820,0,23560,1676889272
newOrder,21403,1,23560,1676889272
newOrder,11892,0,94241,1676889272
newOrder,24999,1,94241,1676889272
cancel,11892,,,1676889863
cancel,19820,,,1676889863
cancel,21403,,,1676889863
cancel,24999,,,1676889863
newOrder,19820,0,23566,1676889871
newOrder,21402,1,23566,1676889871
newOrder,11892,0,94265,1676889871
newOrder,24999,1,94265,1676889871
cancel,11892,,,1676890464
cancel,19820,,,1676890464
cancel,21402,,,1676890464
cancel,24999,,,1676890464
newOrder,19820,0,23563,1676890470
newOrder,21402,1,23563,1676890470
newOrder,11892,0,94251,1676890470
newOrder,24999,1,94251,1676890470
cancel,11892,,,1676891064
cancel,19820,,,1676891064
cancel,21402,,,1676891064
cancel,24999,,,1676891064
newOrder,19820,0,23564,1676891070
newOrder,21402,1,23564,1676891070
newOrder,11892,0,94256,1676891070
newOrder,24999,1,94256,1676891070
cancel,11892,,,1676891663
cancel,19820,,,1676891663
cancel,21402,,,1676891663
cancel,24999,,,1676891663
newOrder,19820,0,23412,1676891673
newOrder,21433,1,23412,1676891673
newOrder,11892,0,93649,1676891673
newOrder,24999,1,93649,1676891673
cancel,11892,,,1676892264
cancel,19820,,,1676892264
cancel,21433,,,1676892264
cancel,24999,,,1676892264
newOrder,19820,0,23563,1676892271
newOrder,21402,1,23563,1676892271
newOrder,11892,0,94253,1676892271
newOrder,24999,1,94253,1676892271
cancel,11892,,,1676892865
cancel,19820,,,1676892865
cancel,21402,,,1676892865
cancel,24999,,,1676892865
newOrder,19820,0,23563,1676892871
newOrder,21402,1,23563,1676892871
newOrder,11892,0,94250,1676892871
newOrder,24999,1,94250,1676892871
cancel,11892,,,1676893464
cancel,19820,,,1676893464
cancel,21402,,,1676893464
cancel,24999,,,1676893464
newOrder,19820,0,23561,1676893471
newOrder,21402,1,23561,1676893471
newOrder,11892,0,94244,1676893471
newOrder,24999,1,94244,1676893471
cancel,11892,,,1676894063
cancel,19820,,,1676894063
cancel,21402,,,1676894063
cancel,24999,,,1676894063
newOrder,19820,0,23566,1676894072
newOrder,21401,1,23566,1676894072
newOrder,11892,0,94266,1676894072
newOrder,24999,1,94266,1676894072
cancel,11892,,,1676894665
cancel,19820,,,1676894665
cancel,21401,,,1676894665
cancel,24999,,,1676894665
newOrder,19820,0,23557,1676894671
newOrder,21402,1,23557,1676894671
newOrder,11892,0,94230,1676894671
newOrder,24999,1,94230,1676894671