instruction,price,side,qty,time
cancel,11604,,,1683029575
cancel,16945,,,1683029575
cancel,19066,,,1683029575
cancel,24957,,,1683029575
newOrder,16945,0,5693,1683029602
newOrder,19066,1,5693,1683029602
newOrder,12001,0,9955,1683029602
newOrder,24957,1,9955,1683029602
cancel,12001,,,1683029686
cancel,16945,,,1683029686
cancel,19066,,,1683029686
cancel,24957,,,1683029686
newOrder,16945,0,5693,1683029715
newOrder,19066,1,5693,1683029715
newOrder,11604,0,13811,1683029715
newOrder,24957,1,13811,1683029715
cancel,11604,,,1683030286
cancel,16945,,,1683030286
cancel,19066,,,1683030286
cancel,24957,,,1683030286
newOrder,16945,0,5693,1683030314
newOrder,19066,1,5693,1683030314
newOrder,12012,0,3785,1683030314
newOrder,21887,1,3785,1683030314
cancel,12012,,,1683030886
cancel,16945,,,1683030886
cancel,19066,,,1683030886
cancel,21887,,,1683030886
newOrder,16945,0,5694,1683030915
newOrder,19066,1,5694,1683030915
newOrder,11604,0,24848,1683030915
newOrder,24957,1,24848,1683030915
cancel,11604,,,1683031486
cancel,16945,,,1683031486
cancel,19066,,,1683031486
cancel,24957,,,1683031486
newOrder,16945,0,5694,1683031515
newOrder,19066,1,5694,1683031515
newOrder,11604,0,24428,1683031515
newOrder,24957,1,24428,1683031515
cancel,11604,,,1683032086
cancel,16945,,,1683032086
cancel,19066,,,1683032086
cancel,24957,,,1683032086
newOrder,16945,0,5695,1683032115
newOrder,19066,1,5695,1683032115
newOrder,11604,0,24465,1683032115
newOrder,24957,1,24465,1683032115
cancel,11604,,,1683032687
cancel,16945,,,1683032687
cancel,19066,,,1683032687
cancel,24957,,,1683032687
newOrder,16945,0,5695,1683032718
newOrder,19066,1,5695,1683032718
newOrder,11604,0,15762,1683032718
newOrder,24957,1,15762,1683032718
cancel,11604,,,1683033286
cancel,16945,,,1683033286
cancel,19066,,,1683033286
cancel,24957,,,1683033286
newOrder,16945,0,5696,1683033315
newOrder,19066,1,5696,1683033315
newOrder,11604,0,15124,1683033315
newOrder,24957,1,15124,1683033315
cancel,11604,,,1683033888
cancel,16945,,,1683033888
cancel,19066,,,1683033888
cancel,24957,,,1683033888
newOrder,16945,0,5696,1683033917
newOrder,19066,1,5696,1683033917
newOrder,11604,0,27759,1683033917
newOrder,24957,1,27759,1683033917
cancel,11604,,,1683034486
cancel,16945,,,1683034486
cancel,19066,,,1683034486
cancel,24957,,,1683034486
newOrder,16926,0,5687,1683034515
newOrder,19066,1,5687,1683034515
newOrder,11604,0,15676,1683034515
newOrder,24957,1,15676,1683034515
cancel,11604,,,1683035086
cancel,16926,,,1683035086
cancel,19066,,,1683035086
cancel,24957,,,1683035086
newOrder,16926,0,5687,1683035115
newOrder,19066,1,5687,1683035115
newOrder,11604,0,12588,1683035115
newOrder,24957,1,12588,1683035115
cancel,11604,,,1683035686
cancel,16926,,,1683035686
cancel,19066,,,1683035686
cancel,24957,,,1683035686
newOrder,16925,0,5687,1683035716
newOrder,19066,1,5687,1683035716
newOrder,11604,0,18673,1683035716
newOrder,24957,1,18673,1683035716
cancel,11604,,,1683036286
cancel,16925,,,1683036286
cancel,19066,,,1683036286
cancel,24957,,,1683036286
newOrder,16925,0,5688,1683036316
newOrder,19066,1,5688,1683036316
newOrder,12001,0,10394,1683036316
newOrder,24957,1,10394,1683036316
cancel,12001,,,1683036886
cancel,16925,,,1683036886
cancel,19066,,,1683036886
cancel,24957,,,1683036886
newOrder,16925,0,5688,1683036915
newOrder,19066,1,5688,1683036915
newOrder,11604,0,21627,1683036915
newOrder,24957,1,21627,1683036915
cancel,11604,,,1683037486
cancel,16925,,,1683037486
cancel,19066,,,1683037486
cancel,24957,,,1683037486
newOrder,16925,0,5689,1683037517
newOrder,19066,1,5689,1683037517
newOrder,12012,0,3544,1683037517
newOrder,21887,1,3544,1683037517
cancel,12012,,,1683038089
cancel,16925,,,1683038089
cancel,19066,,,1683038089
cancel,21887,,,1683038089
newOrder,16925,0,5690,1683038120
newOrder,19066,1,5690,1683038120
newOrder,11604,0,23603,1683038120
newOrder,24957,1,23603,1683038120
cancel,11604,,,1683038686
cancel,16925,,,1683038686
cancel,19066,,,1683038686
cancel,24957,,,1683038686
newOrder,16925,0,5690,1683038716
newOrder,19066,1,5690,1683038716
newOrder,11604,0,21385,1683038716
newOrder,24957,1,21385,1683038716
cancel,11604,,,1683039287
cancel,16925,,,1683039287
cancel,19066,,,1683039287
cancel,24957,,,1683039287
newOrder,16925,0,5691,1683039316
newOrder,19066,1,5691,1683039316
newOrder,11604,0,27419,1683039316
newOrder,24957,1,27419,1683039316
cancel,11604,,,1683039886
cancel,16925,,,1683039886
cancel,19066,,,1683039886
cancel,24957,,,1683039886
newOrder,16926,0,5691,1683039915
newOrder,19066,1,5691,1683039915
newOrder,11604,0,25416,1683039915
newOrder,24957,1,25416,1683039915
cancel,11604,,,1683040487
cancel,16926,,,1683040487
cancel,19066,,,1683040487
cancel,24957,,,1683040487
newOrder,16925,0,5691,1683040516
newOrder,19066,1,5691,1683040516
newOrder,12012,0,8738,1683040516
newOrder,24957,1,8738,1683040516
cancel,12012,,,1683041087
cancel,16925,,,1683041087
cancel,19066,,,1683041087
cancel,24957,,,1683041087
newOrder,16925,0,5692,1683041116
newOrder,19066,1,5692,1683041116
newOrder,11604,0,19608,1683041116
newOrder,24957,1,19608,1683041116
cancel,11604,,,1683041686
cancel,16925,,,1683041686
cancel,19066,,,1683041686
cancel,24957,,,1683041686
newOrder,16926,0,5693,1683041718
newOrder,19066,1,5693,1683041718
newOrder,11604,0,22651,1683041718
newOrder,24957,1,22651,1683041718
cancel,11604,,,1683042286
cancel,16926,,,1683042286
cancel,19066,,,1683042286
cancel,24957,,,1683042286
newOrder,16925,0,5693,1683042317
newOrder,19066,1,5693,1683042317
newOrder,12012,0,7458,1683042317
newOrder,24957,1,7458,1683042317
cancel,12012,,,1683042886
cancel,16925,,,1683042886
cancel,19066,,,1683042886
cancel,24957,,,1683042886
newOrder,16926,0,5694,1683042915
newOrder,19066,1,5694,1683042915
newOrder,12001,0,10691,1683042915
newOrder,24999,1,10691,1683042915
cancel,12001,,,1683043448
cancel,16926,,,1683043448
cancel,19066,,,1683043448
cancel,24999,,,1683043448
newOrder,16926,0,5695,1683043470
newOrder,19066,1,5695,1683043470
newOrder,11604,0,13818,1683043470
newOrder,24999,1,13818,1683043470
cancel,11604,,,1683043486
cancel,16926,,,1683043486
cancel,19066,,,1683043486
cancel,24999,,,1683043486
newOrder,16925,0,5694,1683043519
newOrder,19066,1,5694,1683043519
newOrder,11604,0,18960,1683043519
newOrder,24999,1,18960,1683043519
cancel,11604,,,1683044047
cancel,16925,,,1683044047
cancel,19066,,,1683044047
cancel,24999,,,1683044047
newOrder,16926,0,5695,1683044073
newOrder,19066,1,5695,1683044073
newOrder,11604,0,28861,1683044073
newOrder,24957,1,28861,1683044073
cancel,11604,,,1683044086
cancel,16926,,,1683044086
cancel,19066,,,1683044086
cancel,24957,,,1683044086
newOrder,16925,0,5695,1683044114
newOrder,19066,1,5695,1683044114
newOrder,11604,0,18065,1683044114
newOrder,24957,1,18065,1683044114
cancel,11604,,,1683044648
cancel,16925,,,1683044648
cancel,19066,,,1683044648
cancel,24957,,,1683044648
newOrder,16925,0,5695,1683044670
newOrder,19066,1,5695,1683044670
newOrder,11604,0,13569,1683044670
newOrder,24957,1,13569,1683044670
cancel,11604,,,1683044685
cancel,16925,,,1683044685
cancel,19066,,,1683044685
cancel,24957,,,1683044685
newOrder,16925,0,5695,1683044715
newOrder,19066,1,5695,1683044715
newOrder,12001,0,11218,1683044715
newOrder,24957,1,11218,1683044715
cancel,12001,,,1683045246
cancel,16925,,,1683045246
cancel,19066,,,1683045246
cancel,24957,,,1683045246
newOrder,16925,0,5696,1683045268
newOrder,19066,1,5696,1683045268
newOrder,12001,0,11077,1683045268
newOrder,24957,1,11077,1683045268
cancel,12001,,,1683045286
cancel,16925,,,1683045286
cancel,19066,,,1683045286
cancel,24957,,,1683045286
newOrder,16925,0,5696,1683045318
newOrder,19066,1,5696,1683045318
newOrder,11604,0,13994,1683045318
newOrder,24957,1,13994,1683045318
cancel,11604,,,1683045847
cancel,16925,,,1683045847
cancel,19066,,,1683045847
cancel,24957,,,1683045847
newOrder,16924,0,5695,1683045870
newOrder,19066,1,5695,1683045870
newOrder,11604,0,17200,1683045870
newOrder,24957,1,17200,1683045870
cancel,11604,,,1683045886
cancel,16924,,,1683045886
cancel,19066,,,1683045886
cancel,24957,,,1683045886
newOrder,16923,0,5695,1683045919
newOrder,19066,1,5695,1683045919
newOrder,11604,0,15980,1683045919
newOrder,24957,1,15980,1683045919
cancel,11604,,,1683046446
cancel,16923,,,1683046446
cancel,19066,,,1683046446
cancel,24957,,,1683046446
newOrder,16924,0,5696,1683046482
newOrder,19066,1,5696,1683046482
newOrder,12001,0,10311,1683046482
newOrder,24957,1,10311,1683046482
cancel,12001,,,1683046486
cancel,16924,,,1683046486
cancel,19066,,,1683046486
cancel,24957,,,1683046486
newOrder,16924,0,5696,1683046517
newOrder,19066,1,5696,1683046517
newOrder,11604,0,21485,1683046517
newOrder,24957,1,21485,1683046517
cancel,11604,,,1683046882
cancel,16924,,,1683046882
cancel,19066,,,1683046882
cancel,24957,,,1683046882
newOrder,16924,0,5697,1683046915
newOrder,19066,1,5697,1683046915
newOrder,12011,0,8959,1683046915
newOrder,24957,1,8959,1683046915
cancel,12011,,,1683047047
cancel,16924,,,1683047047
cancel,19066,,,1683047047
cancel,24957,,,1683047047
newOrder,16925,0,5697,1683047078
newOrder,19066,1,5697,1683047078
newOrder,11604,0,12848,1683047078
newOrder,24957,1,12848,1683047078
cancel,11604,,,1683047515
cancel,16925,,,1683047515
cancel,19066,,,1683047515
cancel,24957,,,1683047515
newOrder,16925,0,5698,1683047547
newOrder,19066,1,5698,1683047547
newOrder,11604,0,22678,1683047547
newOrder,24957,1,22678,1683047547
cancel,11604,,,1683047664
cancel,16925,,,1683047664
cancel,19066,,,1683047664
cancel,24957,,,1683047664
newOrder,16925,0,5698,1683047696
newOrder,19066,1,5698,1683047696
newOrder,11604,0,15127,1683047696
newOrder,24957,1,15127,1683047696
cancel,11604,,,1683048115
cancel,16925,,,1683048115
cancel,19066,,,1683048115
cancel,24957,,,1683048115
newOrder,16925,0,5698,1683048144
newOrder,19066,1,5698,1683048144
newOrder,11604,0,25932,1683048144
newOrder,24957,1,25932,1683048144
cancel,11604,,,1683048249
cancel,16925,,,1683048249
cancel,19066,,,1683048249
cancel,24957,,,1683048249
newOrder,16923,0,5697,1683048271
newOrder,19066,1,5697,1683048271
newOrder,11604,0,28273,1683048271
newOrder,24957,1,28273,1683048271
cancel,11604,,,1683048715
cancel,16923,,,1683048715
cancel,19066,,,1683048715
cancel,24957,,,1683048715
newOrder,16923,0,5698,1683048746
newOrder,19066,1,5698,1683048746
newOrder,12012,0,5440,1683048746
newOrder,21887,1,5440,1683048746
cancel,12012,,,1683048847
cancel,16923,,,1683048847
cancel,19066,,,1683048847
cancel,21887,,,1683048847
newOrder,16921,0,5696,1683048878
newOrder,19066,1,5696,1683048878
newOrder,12011,0,9437,1683048878
newOrder,24957,1,9437,1683048878
cancel,12011,,,1683049315
cancel,16921,,,1683049315
cancel,19066,,,1683049315
cancel,24957,,,1683049315
newOrder,16917,0,5695,1683049345
newOrder,19066,1,5695,1683049345
newOrder,11604,0,12853,1683049345
newOrder,24957,1,12853,1683049345
cancel,11604,,,1683049447
cancel,16917,,,1683049447
cancel,19066,,,1683049447
cancel,24957,,,1683049447
newOrder,16917,0,5695,1683049473
newOrder,19066,1,5695,1683049473
newOrder,11604,0,20803,1683049473
newOrder,24957,1,20803,1683049473
cancel,11604,,,1683049915
cancel,16917,,,1683049915
cancel,19066,,,1683049915
cancel,24957,,,1683049915
newOrder,16917,0,5695,1683049944
newOrder,19066,1,5695,1683049944
newOrder,11604,0,30589,1683049944
newOrder,24957,1,30589,1683049944
cancel,11604,,,1683050047
cancel,16917,,,1683050047
cancel,19066,,,1683050047
cancel,24957,,,1683050047
newOrder,16918,0,5696,1683050074
newOrder,19066,1,5696,1683050074
newOrder,12012,0,7470,1683050074
newOrder,24957,1,7470,1683050074
cancel,12012,,,1683050515
cancel,16918,,,1683050515
cancel,19066,,,1683050515
cancel,24957,,,1683050515
newOrder,16918,0,5697,1683050546
newOrder,19066,1,5697,1683050546
newOrder,12001,0,11376,1683050546
newOrder,24957,1,11376,1683050546
cancel,12001,,,1683050648
cancel,16918,,,1683050648
cancel,19066,,,1683050648
cancel,24957,,,1683050648
newOrder,16919,0,5697,1683050678
newOrder,19066,1,5697,1683050678
newOrder,11604,0,21115,1683050678
newOrder,24957,1,21115,1683050678
cancel,11604,,,1683051115
cancel,16919,,,1683051115
cancel,19066,,,1683051115
cancel,24957,,,1683051115
newOrder,16919,0,5697,1683051144
newOrder,19066,1,5697,1683051144
newOrder,12001,0,11093,1683051144
newOrder,24999,1,11093,1683051144
cancel,12001,,,1683051247
cancel,16919,,,1683051247
cancel,19066,,,1683051247
cancel,24999,,,1683051247
newOrder,16919,0,5698,1683051279
newOrder,19066,1,5698,1683051279
newOrder,11604,0,19048,1683051279
newOrder,24999,1,19048,1683051279
cancel,11604,,,1683051715
cancel,16919,,,1683051715
cancel,19066,,,1683051715
cancel,24999,,,1683051715
newOrder,16919,0,5698,1683051745
newOrder,19066,1,5698,1683051745
newOrder,11604,0,14821,1683051745
newOrder,24957,1,14821,1683051745
cancel,11604,,,1683051848
cancel,16919,,,1683051848
cancel,19066,,,1683051848
cancel,24957,,,1683051848
newOrder,16919,0,5698,1683051879
newOrder,19066,1,5698,1683051879
newOrder,11604,0,18088,1683051879
newOrder,24957,1,18088,1683051879
cancel,11604,,,1683052315
cancel,16919,,,1683052315
cancel,19066,,,1683052315
cancel,24957,,,1683052315
newOrder,16920,0,5699,1683052346
newOrder,19066,1,5699,1683052346
newOrder,11286,0,29748,1683052346
newOrder,24957,1,29748,1683052346
cancel,11286,,,1683052446
cancel,16920,,,1683052446
cancel,19066,,,1683052446
cancel,24957,,,1683052446
newOrder,16920,0,5699,1683052473
newOrder,19066,1,5699,1683052473
newOrder,12011,0,5588,1683052473
newOrder,21887,1,5588,1683052473
cancel,12011,,,1683052915
cancel,16920,,,1683052915
cancel,19066,,,1683052915
cancel,21887,,,1683052915
newOrder,16921,0,5700,1683052944
newOrder,19066,1,5700,1683052944
newOrder,11604,0,14509,1683052944
newOrder,24957,1,14509,1683052944
cancel,11604,,,1683053052
cancel,16921,,,1683053052
cancel,19066,,,1683053052
cancel,24957,,,1683053052
newOrder,16920,0,5699,1683053080
newOrder,19066,1,5699,1683053080
newOrder,12011,0,5221,1683053080
newOrder,21887,1,5221,1683053080
cancel,12011,,,1683053514
cancel,16920,,,1683053514
cancel,19066,,,1683053514
cancel,21887,,,1683053514
newOrder,16920,0,5700,1683053546
newOrder,19066,1,5700,1683053546
newOrder,11604,0,21184,1683053546
newOrder,24957,1,21184,1683053546
cancel,11604,,,1683053650
cancel,16920,,,1683053650
cancel,19066,,,1683053650
cancel,24957,,,1683053650
newOrder,16919,0,5700,1683053689
newOrder,19066,1,5700,1683053689
newOrder,11604,0,27003,1683053689
newOrder,24957,1,27003,1683053689
cancel,11604,,,1683054115
cancel,16919,,,1683054115
cancel,19066,,,1683054115
cancel,24957,,,1683054115
newOrder,16920,0,5701,1683054144
newOrder,19066,1,5701,1683054144
newOrder,11604,0,17338,1683054144
newOrder,24957,1,17338,1683054144
cancel,11604,,,1683054251
cancel,16920,,,1683054251
cancel,19066,,,1683054251
cancel,24957,,,1683054251
newOrder,16920,0,5701,1683054280
newOrder,19066,1,5701,1683054280
newOrder,11604,0,21995,1683054280
newOrder,24957,1,21995,1683054280
cancel,11604,,,1683054715
cancel,16920,,,1683054715
cancel,19066,,,1683054715
cancel,24957,,,1683054715
newOrder,16920,0,5701,1683054745
newOrder,19066,1,5701,1683054745
newOrder,12011,0,6439,1683054745
newOrder,24957,1,6439,1683054745
cancel,12011,,,1683054847
cancel,16920,,,1683054847
cancel,19066,,,1683054847
cancel,24957,,,1683054847
newOrder,16920,0,5701,1683054878
newOrder,19066,1,5701,1683054878
newOrder,11604,0,17091,1683054878
newOrder,24957,1,17091,1683054878
cancel,11604,,,1683055315
cancel,16920,,,1683055315
cancel,19066,,,1683055315
cancel,24957,,,1683055315
newOrder,16918,0,5700,1683055344
newOrder,19066,1,5700,1683055344
newOrder,11604,0,25196,1683055344
newOrder,24957,1,25196,1683055344
cancel,11604,,,1683055447
cancel,16918,,,1683055447
cancel,19066,,,1683055447
cancel,24957,,,1683055447
newOrder,16918,0,5701,1683055479
newOrder,19066,1,5701,1683055479
newOrder,11604,0,18994,1683055479
newOrder,24957,1,18994,1683055479
cancel,11604,,,1683055915
cancel,16918,,,1683055915
cancel,19066,,,1683055915
cancel,24957,,,1683055915
newOrder,16919,0,5702,1683055945
newOrder,19066,1,5702,1683055945
newOrder,11604,0,21357,1683055945
newOrder,24957,1,21357,1683055945
cancel,11604,,,1683056047
cancel,16919,,,1683056047
cancel,19066,,,1683056047
cancel,24957,,,1683056047
newOrder,16918,0,5701,1683056076
newOrder,19066,1,5701,1683056076
newOrder,12011,0,3962,1683056076
newOrder,21887,1,3962,1683056076
cancel,12011,,,1683056515
cancel,16918,,,1683056515
cancel,19066,,,1683056515
cancel,21887,,,1683056515
newOrder,16921,0,5703,1683056547
newOrder,19066,1,5703,1683056547
newOrder,11604,0,14646,1683056547
newOrder,24957,1,14646,1683056547
cancel,11604,,,1683056651
cancel,16921,,,1683056651
cancel,19066,,,1683056651
cancel,24957,,,1683056651
newOrder,16921,0,5703,1683056683
newOrder,19066,1,5703,1683056683
newOrder,11604,0,18728,1683056683
newOrder,24957,1,18728,1683056683
cancel,11604,,,1683057115
cancel,16921,,,1683057115
cancel,19066,,,1683057115
cancel,24957,,,1683057115
newOrder,16921,0,5704,1683057145
newOrder,19066,1,5704,1683057145
newOrder,11604,0,22296,1683057145
newOrder,24957,1,22296,1683057145
cancel,11604,,,1683057247
cancel,16921,,,1683057247
cancel,19066,,,1683057247
cancel,24957,,,1683057247
newOrder,16921,0,5704,1683057281
newOrder,19066,1,5704,1683057281
newOrder,11604,0,17793,1683057281
newOrder,24957,1,17793,1683057281
cancel,11604,,,1683057715
cancel,16921,,,1683057715
cancel,19066,,,1683057715
cancel,24957,,,1683057715
newOrder,16921,0,5704,1683057744
newOrder,19066,1,5704,1683057744
newOrder,11286,0,29942,1683057744
newOrder,24957,1,29942,1683057744
cancel,11286,,,1683057846
cancel,16921,,,1683057846
cancel,19066,,,1683057846
cancel,24957,,,1683057846
newOrder,16920,0,5704,1683057879
newOrder,19066,1,5704,1683057879
newOrder,11604,0,24374,1683057879
newOrder,24957,1,24374,1683057879
cancel,11604,,,1683058315
cancel,16920,,,1683058315
cancel,19066,,,1683058315
cancel,24957,,,1683058315
newOrder,16920,0,5704,1683058345
newOrder,19066,1,5704,1683058345
newOrder,11604,0,18771,1683058345
newOrder,24957,1,18771,1683058345
cancel,11604,,,1683058448
cancel,16920,,,1683058448
cancel,19066,,,1683058448
cancel,24957,,,1683058448
newOrder,16920,0,5704,1683058476
newOrder,19066,1,5704,1683058476
newOrder,12001,0,8015,1683058476
newOrder,24957,1,8015,1683058476
cancel,12001,,,1683058915
cancel,16920,,,1683058915
cancel,19066,,,1683058915
cancel,24957,,,1683058915
newOrder,16938,0,5715,1683058945
newOrder,19066,1,5715,1683058945
newOrder,12011,0,3613,1683058945
newOrder,21887,1,3613,1683058945
cancel,12011,,,1683059048
cancel,16938,,,1683059048
cancel,19066,,,1683059048
cancel,21887,,,1683059048
newOrder,16943,0,5717,1683059077
newOrder,19066,1,5717,1683059077
newOrder,12001,0,8037,1683059077
newOrder,24957,1,8037,1683059077
cancel,12001,,,1683059515
cancel,16943,,,1683059515
cancel,19066,,,1683059515
cancel,24957,,,1683059515
newOrder,17004,0,5749,1683059545
newOrder,19066,1,5749,1683059545
newOrder,11604,0,23124,1683059545
newOrder,24957,1,23124,1683059545
cancel,11604,,,1683059648
cancel,17004,,,1683059648
cancel,19066,,,1683059648
cancel,24957,,,1683059648
newOrder,17038,0,5767,1683059681
newOrder,19066,1,5767,1683059681
newOrder,11286,0,29904,1683059681
newOrder,24957,1,29904,1683059681
cancel,11286,,,1683060115
cancel,17038,,,1683060115
cancel,19066,,,1683060115
cancel,24957,,,1683060115
newOrder,17044,0,5770,1683060144
newOrder,19066,1,5770,1683060144
newOrder,11604,0,21454,1683060144
newOrder,24957,1,21454,1683060144
cancel,11604,,,1683060247
cancel,17044,,,1683060247
cancel,19066,,,1683060247
cancel,24957,,,1683060247
newOrder,16946,0,5720,1683060278
newOrder,19066,1,5720,1683060278
newOrder,12001,0,7893,1683060278
newOrder,24957,1,7893,1683060278
cancel,12001,,,1683060715
cancel,16946,,,1683060715
cancel,19066,,,1683060715
cancel,24957,,,1683060715
newOrder,16941,0,5717,1683060745
newOrder,19066,1,5717,1683060745
newOrder,11604,0,21656,1683060745
newOrder,24957,1,21656,1683060745
cancel,11604,,,1683060850
cancel,16941,,,1683060850
cancel,19066,,,1683060850
cancel,24957,,,1683060850
newOrder,16941,0,5718,1683060887
newOrder,19066,1,5718,1683060887
newOrder,11604,0,27692,1683060887
newOrder,24957,1,27692,1683060887
cancel,11604,,,1683061314
cancel,16941,,,1683061314
cancel,19066,,,1683061314
cancel,24957,,,1683061314
newOrder,16941,0,5718,1683061345
newOrder,19066,1,5718,1683061345
newOrder,12011,0,4711,1683061345
newOrder,21887,1,4711,1683061345
cancel,12011,,,1683061448
cancel,16941,,,1683061448
cancel,19066,,,1683061448
cancel,21887,,,1683061448
newOrder,16941,0,5718,1683061479
newOrder,19066,1,5718,1683061479
newOrder,11604,0,18251,1683061479
newOrder,24957,1,18251,1683061479
cancel,11604,,,1683061914
cancel,16941,,,1683061914
cancel,19066,,,1683061914
cancel,24957,,,1683061914
newOrder,16941,0,5718,1683061944
newOrder,19066,1,5718,1683061944
newOrder,11604,0,27557,1683061944
newOrder,24957,1,27557,1683061944
cancel,11604,,,1683062048
cancel,16941,,,1683062048
cancel,19066,,,1683062048
cancel,24957,,,1683062048
newOrder,16941,0,5719,1683062077
newOrder,19066,1,5719,1683062077
newOrder,12011,0,6713,1683062077
newOrder,24957,1,6713,1683062077
cancel,12011,,,1683062515
cancel,16941,,,1683062515
cancel,19066,,,1683062515
cancel,24957,,,1683062515
newOrder,16942,0,5719,1683062544
newOrder,19066,1,5719,1683062544
newOrder,11604,0,23875,1683062544
newOrder,24957,1,23875,1683062544
cancel,11604,,,1683062649
cancel,16942,,,1683062649
cancel,19066,,,1683062649
cancel,24957,,,1683062649
newOrder,16942,0,5720,1683062675
newOrder,19066,1,5720,1683062675
newOrder,11604,0,11787,1683062675
newOrder,24957,1,11787,1683062675
cancel,11604,,,1683063113
cancel,16942,,,1683063113
cancel,19066,,,1683063113
cancel,24957,,,1683063113
newOrder,16879,0,5686,1683063127
newOrder,19066,1,5686,1683063127
newOrder,11604,0,24479,1683063127
newOrder,24957,1,24479,1683063127
cancel,11604,,,1683063251
cancel,16879,,,1683063251
cancel,19066,,,1683063251
cancel,24957,,,1683063251
newOrder,16879,0,5686,1683063263
newOrder,19066,1,5686,1683063263
newOrder,12001,0,7765,1683063263
newOrder,24957,1,7765,1683063263
cancel,12001,,,1683063715
cancel,16879,,,1683063715
cancel,19066,,,1683063715
cancel,24957,,,1683063715
newOrder,16879,0,5686,1683063723
newOrder,19066,1,5686,1683063723
newOrder,11286,0,28710,1683063723
newOrder,24957,1,28710,1683063723
cancel,11286,,,1683063848
cancel,16879,,,1683063848
cancel,19066,,,1683063848
cancel,24957,,,1683063848
newOrder,16879,0,5686,1683063859
newOrder,19066,1,5686,1683063859
newOrder,11438,0,28027,1683063859
newOrder,24957,1,28027,1683063859
cancel,11438,,,1683064315
cancel,16879,,,1683064315
cancel,19066,,,1683064315
cancel,24957,,,1683064315
newOrder,16879,0,5686,1683064323
newOrder,19066,1,5686,1683064323
newOrder,11604,0,13949,1683064323
newOrder,24957,1,13949,1683064323
cancel,11604,,,1683064451
cancel,16879,,,1683064451
cancel,19066,,,1683064451
cancel,24957,,,1683064451
newOrder,16879,0,5687,1683064464
newOrder,19066,1,5687,1683064464
newOrder,12011,0,3989,1683064464
newOrder,21887,1,3989,1683064464
cancel,12011,,,1683064918
cancel,16879,,,1683064918
cancel,19066,,,1683064918
cancel,21887,,,1683064918
newOrder,16879,0,5687,1683064929
newOrder,19066,1,5687,1683064929
newOrder,11286,0,29486,1683064929
newOrder,24957,1,29486,1683064929
cancel,11286,,,1683065049
cancel,16879,,,1683065049
cancel,19066,,,1683065049
cancel,24957,,,1683065049
newOrder,16880,0,5688,1683065063
newOrder,19066,1,5688,1683065063
newOrder,11604,0,12873,1683065063
newOrder,24957,1,12873,1683065063
cancel,11604,,,1683065516
cancel,16880,,,1683065516
cancel,19066,,,1683065516
cancel,24957,,,1683065516
newOrder,16879,0,5687,1683065529
newOrder,19066,1,5687,1683065529
newOrder,11604,0,24069,1683065529
newOrder,24957,1,24069,1683065529
cancel,11604,,,1683065648
cancel,16879,,,1683065648
cancel,19066,,,1683065648
cancel,24957,,,1683065648
newOrder,16880,0,5689,1683066122
newOrder,19066,1,5689,1683066122
newOrder,11604,0,10981,1683066122
newOrder,24957,1,10981,1683066122
cancel,11604,,,1683066715
cancel,16880,,,1683066715
cancel,19066,,,1683066715
cancel,24957,,,1683066715
newOrder,16880,0,5689,1683066725
newOrder,19066,1,5689,1683066725
newOrder,12011,0,6102,1683066725
newOrder,23999,1,6102,1683066725
cancel,12011,,,1683067317
cancel,16880,,,1683067317
cancel,19066,,,1683067317
cancel,23999,,,1683067317
newOrder,16879,0,5689,1683067324
newOrder,19066,1,5689,1683067324
newOrder,11604,0,15714,1683067324
newOrder,24957,1,15714,1683067324
cancel,11604,,,1683067915
cancel,16879,,,1683067915
cancel,19066,,,1683067915
cancel,24957,,,1683067915
newOrder,17077,0,5794,1683067923
newOrder,19066,1,5794,1683067923
newOrder,11286,0,30984,1683067923
newOrder,24957,1,30984,1683067923
cancel,11286,,,1683068515
cancel,17077,,,1683068515
cancel,19066,,,1683068515
cancel,24957,,,1683068515
newOrder,17096,0,5804,1683068525
newOrder,19066,1,5804,1683068525
newOrder,12001,0,8586,1683068525
newOrder,24957,1,8586,1683068525
cancel,12001,,,1683069114
cancel,17096,,,1683069114
cancel,19066,,,1683069114
cancel,24957,,,1683069114
newOrder,17096,0,5804,1683069124
newOrder,19066,1,5804,1683069124
newOrder,11604,0,25480,1683069124
newOrder,24957,1,25480,1683069124
cancel,11604,,,1683069714
cancel,17096,,,1683069714
cancel,19066,,,1683069714
cancel,24957,,,1683069714
newOrder,17065,0,5789,1683069726
newOrder,19066,1,5789,1683069726
newOrder,12001,0,8693,1683069726
newOrder,24957,1,8693,1683069726
cancel,12001,,,1683070315
cancel,17065,,,1683070315
cancel,19066,,,1683070315
cancel,24957,,,1683070315
newOrder,17064,0,5790,1683070324
newOrder,19066,1,5790,1683070324
newOrder,11604,0,21079,1683070324
newOrder,24957,1,21079,1683070324
cancel,11604,,,1683070915
cancel,17064,,,1683070915
cancel,19066,,,1683070915
cancel,24957,,,1683070915
newOrder,17064,0,5790,1683070924
newOrder,19066,1,5790,1683070924
newOrder,11604,0,26072,1683070924
newOrder,24957,1,26072,1683070924
cancel,11604,,,1683071515
cancel,17064,,,1683071515
cancel,19066,,,1683071515
cancel,24957,,,1683071515
newOrder,17063,0,5790,1683071524
newOrder,19066,1,5790,1683071524
newOrder,11604,0,24462,1683071524
newOrder,24957,1,24462,1683071524
cancel,11604,,,1683072116
cancel,17063,,,1683072116
cancel,19066,,,1683072116
cancel,24957,,,1683072116
newOrder,17064,0,5791,1683072125
newOrder,19066,1,5791,1683072125
newOrder,11604,0,19331,1683072125
newOrder,24957,1,19331,1683072125
cancel,11604,,,1683072715
cancel,17064,,,1683072715
cancel,19066,,,1683072715
cancel,24957,,,1683072715
newOrder,17064,0,5792,1683072726
newOrder,19066,1,5792,1683072726
newOrder,11604,0,25022,1683072726
newOrder,24957,1,25022,1683072726
cancel,11604,,,1683073314
cancel,17064,,,1683073314
cancel,19066,,,1683073314
cancel,24957,,,1683073314
newOrder,17064,0,5792,1683073323
newOrder,19066,1,5792,1683073323
newOrder,11604,0,11036,1683073323
newOrder,24957,1,11036,1683073323
cancel,11604,,,1683073916
cancel,17064,,,1683073916
cancel,19066,,,1683073916
cancel,24957,,,1683073916
newOrder,17061,0,5791,1683073928
newOrder,19066,1,5791,1683073928
newOrder,12011,0,5158,1683073928
newOrder,21887,1,5158,1683073928
cancel,12011,,,1683074516
cancel,17061,,,1683074516
cancel,19066,,,1683074516
cancel,21887,,,1683074516
newOrder,17061,0,5792,1683074524
newOrder,19066,1,5792,1683074524
newOrder,11604,0,15096,1683074524
newOrder,24957,1,15096,1683074524
cancel,11604,,,1683075122
cancel,17061,,,1683075122
cancel,19066,,,1683075122
cancel,24957,,,1683075122
newOrder,17059,0,5792,1683075134
newOrder,19066,1,5792,1683075134
newOrder,12001,0,8134,1683075134
newOrder,24957,1,8134,1683075134
cancel,12001,,,1683075715
cancel,17059,,,1683075715
cancel,19066,,,1683075715
cancel,24957,,,1683075715
newOrder,17059,0,5792,1683075724
newOrder,19066,1,5792,1683075724
newOrder,12001,0,9159,1683075724
newOrder,24957,1,9159,1683075724
cancel,12001,,,1683076315
cancel,17059,,,1683076315
cancel,19066,,,1683076315
cancel,24957,,,1683076315
newOrder,17061,0,5794,1683076326
newOrder,19066,1,5794,1683076326
newOrder,11604,0,10928,1683076326
newOrder,24957,1,10928,1683076326
cancel,11604,,,1683076915
cancel,17061,,,1683076915
cancel,19066,,,1683076915
cancel,24957,,,1683076915
newOrder,17062,0,5795,1683076924
newOrder,19066,1,5795,1683076924
newOrder,11604,0,20363,1683076924
newOrder,24957,1,20363,1683076924
cancel,11604,,,1683077515
cancel,17062,,,1683077515
cancel,19066,,,1683077515
cancel,24957,,,1683077515
newOrder,17062,0,5795,1683077523
newOrder,19066,1,5795,1683077523
newOrder,11604,0,17814,1683077523
newOrder,24957,1,17814,1683077523
cancel,11604,,,1683078115
cancel,17062,,,1683078115
cancel,19066,,,1683078115
cancel,24957,,,1683078115
newOrder,16997,0,5763,1683078123
newOrder,19066,1,5763,1683078123
newOrder,11604,0,23117,1683078123
newOrder,24957,1,23117,1683078123
cancel,11604,,,1683078715
cancel,16997,,,1683078715
cancel,19066,,,1683078715
cancel,24957,,,1683078715
newOrder,16998,0,5764,1683078723
newOrder,19066,1,5764,1683078723
newOrder,11604,0,17602,1683078723
newOrder,24957,1,17602,1683078723
cancel,11604,,,1683079315
cancel,16998,,,1683079315
cancel,19066,,,1683079315
cancel,24957,,,1683079315
newOrder,16998,0,5764,1683079324
newOrder,19066,1,5764,1683079324
newOrder,11604,0,19621,1683079324
newOrder,24999,1,19621,1683079324
cancel,11604,,,1683079915
cancel,16998,,,1683079915
cancel,19066,,,1683079915
cancel,24999,,,1683079915
newOrder,16997,0,5764,1683079924
newOrder,19066,1,5764,1683079924
newOrder,11604,0,11476,1683079924
newOrder,24999,1,11476,1683079924
cancel,11604,,,1683080515
cancel,16997,,,1683080515
cancel,19066,,,1683080515
cancel,24999,,,1683080515
newOrder,16996,0,5764,1683080523
newOrder,19066,1,5764,1683080523
newOrder,11604,0,17962,1683080523
newOrder,24999,1,17962,1683080523
cancel,11604,,,1683081114
cancel,16996,,,1683081114
cancel,19066,,,1683081114
cancel,24999,,,1683081114
newOrder,16997,0,5765,1683081124
newOrder,19066,1,5765,1683081124
newOrder,12001,0,8506,1683081124
newOrder,24999,1,8506,1683081124
cancel,12001,,,1683081715
cancel,16997,,,1683081715
cancel,19066,,,1683081715
cancel,24999,,,1683081715
newOrder,16996,0,5765,1683081723
newOrder,19066,1,5765,1683081723
newOrder,12001,0,8266,1683081723
newOrder,24999,1,8266,1683081723
cancel,12001,,,1683082316
cancel,16996,,,1683082316
cancel,19066,,,1683082316
cancel,24999,,,1683082316
newOrder,16996,0,5766,1683082324
newOrder,19066,1,5766,1683082324
newOrder,11604,0,12912,1683082324
newOrder,24999,1,12912,1683082324
cancel,11604,,,1683082914
cancel,16996,,,1683082914
cancel,19066,,,1683082914
cancel,24999,,,1683082914
newOrder,16996,0,5767,1683082924
newOrder,19066,1,5767,1683082924
newOrder,11286,0,28289,1683082924
newOrder,24999,1,28289,1683082924
cancel,11286,,,1683083515
cancel,16996,,,1683083515
cancel,19066,,,1683083515
cancel,24999,,,1683083515
newOrder,16997,0,5767,1683083525
newOrder,19066,1,5767,1683083525
newOrder,12011,0,6282,1683083525
newOrder,24999,1,6282,1683083525
cancel,12011,,,1683084115
cancel,16997,,,1683084115
cancel,19066,,,1683084115
cancel,24999,,,1683084115
newOrder,16998,0,5768,1683084123
newOrder,19066,1,5768,1683084123
newOrder,11604,0,11465,1683084123
newOrder,24999,1,11465,1683084123
cancel,11604,,,1683084715
cancel,16998,,,1683084715
cancel,19066,,,1683084715
cancel,24999,,,1683084715
newOrder,16998,0,5769,1683084723
newOrder,19066,1,5769,1683084723
newOrder,11604,0,20530,1683084723
newOrder,24999,1,20530,1683084723
cancel,11604,,,1683085315
cancel,16998,,,1683085315
cancel,19066,,,1683085315
cancel,24999,,,1683085315
newOrder,16991,0,5766,1683085324
newOrder,19066,1,5766,1683085324
newOrder,11604,0,11313,1683085324
newOrder,24999,1,11313,1683085324
cancel,11604,,,1683085915
cancel,16991,,,1683085915
cancel,19066,,,1683085915
cancel,24999,,,1683085915
newOrder,17015,0,5779,1683085923
newOrder,19066,1,5779,1683085923
newOrder,11604,0,14810,1683085923
newOrder,24999,1,14810,1683085923
cancel,11604,,,1683086515
cancel,17015,,,1683086515
cancel,19066,,,1683086515
cancel,24999,,,1683086515
newOrder,16937,0,5738,1683086524
newOrder,19066,1,5738,1683086524
newOrder,11286,0,29678,1683086524
newOrder,24999,1,29678,1683086524
cancel,11286,,,1683087115
cancel,16937,,,1683087115
cancel,19066,,,1683087115
cancel,24999,,,1683087115
newOrder,16951,0,5746,1683087123
newOrder,19066,1,5746,1683087123
newOrder,11604,0,13940,1683087123
newOrder,24999,1,13940,1683087123
cancel,11604,,,1683087715
cancel,16951,,,1683087715
cancel,19066,,,1683087715
cancel,24999,,,1683087715
newOrder,16967,0,5755,1683087723
newOrder,19066,1,5755,1683087723
newOrder,11604,0,18155,1683087723
newOrder,24999,1,18155,1683087723
cancel,11604,,,1683088315
cancel,16967,,,1683088315
cancel,19066,,,1683088315
cancel,24999,,,1683088315
newOrder,16942,0,5742,1683088325
newOrder,19066,1,5742,1683088325
newOrder,11604,0,16455,1683088325
newOrder,24999,1,16455,1683088325
cancel,11604,,,1683088915
cancel,16942,,,1683088915
cancel,19066,,,1683088915
cancel,24999,,,1683088915
newOrder,16931,0,5737,1683088924
newOrder,19066,1,5737,1683088924
newOrder,11604,0,26065,1683088924
newOrder,24999,1,26065,1683088924
cancel,11604,,,1683089518
cancel,16931,,,1683089518
cancel,19066,,,1683089518
cancel,24999,,,1683089518
newOrder,16932,0,5738,1683089530
newOrder,19066,1,5738,1683089530
newOrder,11604,0,22900,1683089530
newOrder,24999,1,22900,1683089530
cancel,11604,,,1683090115
cancel,16932,,,1683090115
cancel,19066,,,1683090115
cancel,24999,,,1683090115
newOrder,16932,0,5738,1683090124
newOrder,19066,1,5738,1683090124
newOrder,11604,0,24546,1683090124
newOrder,24999,1,24546,1683090124
cancel,11604,,,1683090715
cancel,16932,,,1683090715
cancel,19066,,,1683090715
cancel,24999,,,1683090715
newOrder,16930,0,5738,1683090723
newOrder,19066,1,5738,1683090723
newOrder,11604,0,21176,1683090723
newOrder,24999,1,21176,1683090723
cancel,11604,,,1683091315
cancel,16930,,,1683091315
cancel,19066,,,1683091315
cancel,24999,,,1683091315
newOrder,16934,0,5740,1683091326
newOrder,19066,1,5740,1683091326
newOrder,12011,0,5965,1683091326
newOrder,21899,1,5965,1683091326
cancel,12011,,,1683091915
cancel,16934,,,1683091915
cancel,19066,,,1683091915
cancel,21899,,,1683091915
newOrder,16933,0,5740,1683091923
newOrder,19066,1,5740,1683091923
newOrder,11286,0,29091,1683091923
newOrder,24999,1,29091,1683091923
cancel,11286,,,1683092515
cancel,16933,,,1683092515
cancel,19066,,,1683092515
cancel,24999,,,1683092515
newOrder,16933,0,5741,1683092524
newOrder,19066,1,5741,1683092524
newOrder,11604,0,25390,1683092524
newOrder,24999,1,25390,1683092524
cancel,11604,,,1683093115
cancel,16933,,,1683093115
cancel,19066,,,1683093115
cancel,24999,,,1683093115
newOrder,16933,0,5741,1683093126
newOrder,19066,1,5741,1683093126
newOrder,11604,0,15285,1683093126
newOrder,24999,1,15285,1683093126
cancel,11604,,,1683093715
cancel,16933,,,1683093715
cancel,19066,,,1683093715
cancel,24999,,,1683093715
newOrder,16933,0,5742,1683093723
newOrder,19066,1,5742,1683093723
newOrder,11604,0,27029,1683093723
newOrder,24999,1,27029,1683093723
cancel,11604,,,1683094315
cancel,16933,,,1683094315
cancel,19066,,,1683094315
cancel,24999,,,1683094315
newOrder,16933,0,5743,1683094325
newOrder,19066,1,5743,1683094325
newOrder,11604,0,23461,1683094325
newOrder,24999,1,23461,1683094325
cancel,11604,,,1683094914
cancel,16933,,,1683094914
cancel,19066,,,1683094914
cancel,24999,,,1683094914
newOrder,16934,0,5743,1683094925
newOrder,19066,1,5743,1683094925
newOrder,11604,0,23727,1683094925
newOrder,24999,1,23727,1683094925
cancel,11604,,,1683095515
cancel,16934,,,1683095515
cancel,19066,,,1683095515
cancel,24999,,,1683095515
newOrder,16933,0,5743,1683095524
newOrder,19066,1,5743,1683095524
newOrder,12011,0,5114,1683095524
newOrder,21887,1,5114,1683095524
cancel,12011,,,1683096116
cancel,16933,,,1683096116
cancel,19066,,,1683096116
cancel,21887,,,1683096116
newOrder,16933,0,5744,1683096127
newOrder,19066,1,5744,1683096127
newOrder,11604,0,22646,1683096127
newOrder,24999,1,22646,1683096127
cancel,11604,,,1683096715
cancel,16933,,,1683096715
cancel,19066,,,1683096715
cancel,24999,,,1683096715
newOrder,16934,0,5745,1683096725
newOrder,19066,1,5745,1683096725
newOrder,11604,0,24720,1683096725
newOrder,24999,1,24720,1683096725
cancel,11604,,,1683097315
cancel,16934,,,1683097315
cancel,19066,,,1683097315
cancel,24999,,,1683097315
newOrder,16934,0,5746,1683097326
newOrder,19066,1,5746,1683097326
newOrder,11604,0,10848,1683097326
newOrder,24999,1,10848,1683097326
cancel,11604,,,1683097914
cancel,16934,,,1683097914
cancel,19066,,,1683097914
cancel,24999,,,1683097914
newOrder,16933,0,5746,1683097924
newOrder,19066,1,5746,1683097924
newOrder,11286,0,30516,1683097924
newOrder,24999,1,30516,1683097924
cancel,11286,,,1683098516
cancel,16933,,,1683098516
cancel,19066,,,1683098516
cancel,24999,,,1683098516
newOrder,16933,0,5746,1683098525
newOrder,19066,1,5746,1683098525
newOrder,11604,0,16595,1683098525
newOrder,24999,1,16595,1683098525
cancel,11604,,,1683099115
cancel,16933,,,1683099115
cancel,19066,,,1683099115
cancel,24999,,,1683099115
newOrder,16934,0,5747,1683099124
newOrder,19066,1,5747,1683099124
newOrder,12001,0,7515,1683099124
newOrder,24999,1,7515,1683099124
cancel,12001,,,1683099715
cancel,16934,,,1683099715
cancel,19066,,,1683099715
cancel,24999,,,1683099715
newOrder,16933,0,5747,1683099724
newOrder,19066,1,5747,1683099724
newOrder,11604,0,12673,1683099724
newOrder,24999,1,12673,1683099724
cancel,11604,,,1683100316
cancel,16933,,,1683100316
cancel,19066,,,1683100316
cancel,24999,,,1683100316
newOrder,16933,0,5748,1683100325
newOrder,19066,1,5748,1683100325
newOrder,11604,0,10923,1683100325
newOrder,24999,1,10923,1683100325
cancel,11604,,,1683100916
cancel,16933,,,1683100916
cancel,19066,,,1683100916
cancel,24999,,,1683100916
newOrder,16933,0,5748,1683100924
newOrder,19066,1,5748,1683100924
newOrder,11604,0,26843,1683100924
newOrder,24999,1,26843,1683100924
cancel,11604,,,1683101515
cancel,16933,,,1683101515
cancel,19066,,,1683101515
cancel,24999,,,1683101515
newOrder,16933,0,5749,1683101523
newOrder,19066,1,5749,1683101523
newOrder,11604,0,12036,1683101523
newOrder,24999,1,12036,1683101523
cancel,11604,,,1683102116
cancel,16933,,,1683102116
cancel,19066,,,1683102116
cancel,24999,,,1683102116
newOrder,16934,0,5750,1683102126
newOrder,19066,1,5750,1683102126
newOrder,11604,0,16360,1683102126
newOrder,24999,1,16360,1683102126
cancel,11604,,,1683102715
cancel,16934,,,1683102715
cancel,19066,,,1683102715
cancel,24999,,,1683102715
newOrder,16934,0,5751,1683102725
newOrder,19066,1,5751,1683102725
newOrder,11604,0,21878,1683102725
newOrder,24999,1,21878,1683102725
cancel,11604,,,1683103314
cancel,16934,,,1683103314
cancel,19066,,,1683103314
cancel,24999,,,1683103314
newOrder,16934,0,5751,1683103323
newOrder,19066,1,5751,1683103323
newOrder,12011,0,3790,1683103323
newOrder,21887,1,3790,1683103323
cancel,12011,,,1683103914
cancel,16934,,,1683103914
cancel,19066,,,1683103914
cancel,21887,,,1683103914
newOrder,16933,0,5751,1683103924
newOrder,19066,1,5751,1683103924
newOrder,12001,0,6929,1683103924
newOrder,24999,1,6929,1683103924
cancel,12001,,,1683104515
cancel,16933,,,1683104515
cancel,19066,,,1683104515
cancel,24999,,,1683104515
newOrder,16933,0,5752,1683104524
newOrder,19066,1,5752,1683104524
newOrder,11604,0,19422,1683104524
newOrder,24999,1,19422,1683104524
cancel,11604,,,1683105116
cancel,16933,,,1683105116
cancel,19066,,,1683105116
cancel,24999,,,1683105116
newOrder,16933,0,5752,1683105124
newOrder,19066,1,5752,1683105124
newOrder,12011,0,5449,1683105124
newOrder,21887,1,5449,1683105124
cancel,12011,,,1683105719
cancel,16933,,,1683105719
cancel,19066,,,1683105719
cancel,21887,,,1683105719
newOrder,16933,0,5753,1683105735
newOrder,19066,1,5753,1683105735
newOrder,11604,0,22246,1683105735
newOrder,24999,1,22246,1683105735
cancel,11604,,,1683106315
cancel,16933,,,1683106315
cancel,19066,,,1683106315
cancel,24999,,,1683106315
newOrder,16933,0,5753,1683106324
newOrder,19066,1,5753,1683106324
newOrder,11604,0,24661,1683106324
newOrder,24999,1,24661,1683106324
cancel,11604,,,1683106915
cancel,16933,,,1683106915
cancel,19066,,,1683106915
cancel,24999,,,1683106915
newOrder,16933,0,5753,1683106924
newOrder,19066,1,5753,1683106924
newOrder,11604,0,16072,1683106924
newOrder,24999,1,16072,1683106924
cancel,11604,,,1683107515
cancel,16933,,,1683107515
cancel,19066,,,1683107515
cancel,24999,,,1683107515
newOrder,16935,0,5755,1683107526
newOrder,19066,1,5755,1683107526
newOrder,11604,0,15924,1683107526
newOrder,24999,1,15924,1683107526
cancel,11604,,,1683108115
cancel,16935,,,1683108115
cancel,19066,,,1683108115
cancel,24999,,,1683108115
newOrder,16932,0,5754,1683108125
newOrder,19066,1,5754,1683108125
newOrder,11604,0,22059,1683108125
newOrder,24999,1,22059,1683108125
newOrder,16932,0,5755,1683108805
newOrder,19066,1,5755,1683108805
newOrder,11605,0,30589,1683108805
newOrder,24998,1,30589,1683108805
cancel,11604,,,1683109316
cancel,11605,,,1683109316
cancel,16932,,,1683109316
cancel,16932,,,1683109316
cancel,19066,,,1683109316
cancel,19066,,,1683109316
cancel,24998,,,1683109316
cancel,24999,,,1683109316
newOrder,16932,0,5755,1683109328
newOrder,19066,1,5755,1683109328
newOrder,11604,0,19732,1683109328
newOrder,24999,1,19732,1683109328
cancel,11604,,,1683109915
cancel,16932,,,1683109915
cancel,19066,,,1683109915
cancel,24999,,,1683109915
newOrder,16933,0,5756,1683109923
newOrder,19066,1,5756,1683109923
newOrder,12001,0,7134,1683109923
newOrder,24999,1,7134,1683109923
cancel,12001,,,1683110516
cancel,16933,,,1683110516
cancel,19066,,,1683110516
cancel,24999,,,1683110516
newOrder,16933,0,5757,1683110524
newOrder,19066,1,5757,1683110524
newOrder,11286,0,29507,1683110524
newOrder,24999,1,29507,1683110524
cancel,11286,,,1683111114
cancel,16933,,,1683111114
cancel,19066,,,1683111114
cancel,24999,,,1683111114
newOrder,16940,0,5761,1683111124
newOrder,19066,1,5761,1683111124
newOrder,11604,0,15822,1683111124
newOrder,24999,1,15822,1683111124
cancel,11604,,,1683111715
cancel,16940,,,1683111715
cancel,19066,,,1683111715
cancel,24999,,,1683111715
newOrder,16957,0,5771,1683111725
newOrder,19066,1,5771,1683111725
newOrder,11604,0,26407,1683111725
newOrder,24999,1,26407,1683111725
cancel,11604,,,1683112314
cancel,16957,,,1683112314
cancel,19066,,,1683112314
cancel,24999,,,1683112314
newOrder,16959,0,5773,1683112323
newOrder,19066,1,5773,1683112323
newOrder,11604,0,18410,1683112323
newOrder,24999,1,18410,1683112323
cancel,11604,,,1683112915
cancel,16959,,,1683112915
cancel,19066,,,1683112915
cancel,24999,,,1683112915
newOrder,16958,0,5773,1683112924
newOrder,19066,1,5773,1683112924
newOrder,11604,0,16766,1683112924
newOrder,24999,1,16766,1683112924
cancel,11604,,,1683113515
cancel,16958,,,1683113515
cancel,19066,,,1683113515
cancel,24999,,,1683113515
newOrder,16958,0,5773,1683113523
newOrder,19066,1,5773,1683113523
newOrder,11604,0,10905,1683113523
newOrder,24999,1,10905,1683113523
cancel,11604,,,1683114115
cancel,16958,,,1683114115
cancel,19066,,,1683114115
cancel,24999,,,1683114115
newOrder,16959,0,5774,1683114123
newOrder,19066,1,5774,1683114123
newOrder,11604,0,24828,1683114123
newOrder,24999,1,24828,1683114123
cancel,11604,,,1683114715
cancel,16959,,,1683114715
cancel,19066,,,1683114715
cancel,24999,,,1683114715
newOrder,16960,0,5775,1683114724
newOrder,19066,1,5775,1683114724
newOrder,11604,0,15376,1683114724
newOrder,24999,1,15376,1683114724
cancel,11604,,,1683115315
cancel,16960,,,1683115315
cancel,19066,,,1683115315
cancel,24999,,,1683115315
newOrder,16958,0,5775,1683115324
newOrder,19066,1,5775,1683115324
newOrder,12001,0,7101,1683115324
newOrder,24999,1,7101,1683115324