instruction,price,side,qty,time
cancel,12089,,,1680885089
cancel,18826,,,1680885089
cancel,19066,,,1680885089
cancel,24999,,,1680885089
newOrder,18825,0,6673,1680885118
newOrder,19066,1,6673,1680885118
newOrder,14003,0,16777,1680885118
newOrder,24999,1,16777,1680885118
cancel,14003,,,1680885689
cancel,18825,,,1680885689
cancel,19066,,,1680885689
cancel,24999,,,1680885689
newOrder,18825,0,6674,1680885716
newOrder,19066,1,6674,1680885716
newOrder,14003,0,18800,1680885716
newOrder,24999,1,18800,1680885716
cancel,14003,,,1680886289
cancel,18825,,,1680886289
cancel,19066,,,1680886289
cancel,24999,,,1680886289
newOrder,18826,0,6674,1680886317
newOrder,19066,1,6674,1680886317
newOrder,12089,0,32406,1680886317
newOrder,24999,1,32406,1680886317
cancel,12089,,,1680886889
cancel,18826,,,1680886889
cancel,19066,,,1680886889
cancel,24999,,,1680886889
newOrder,18825,0,6675,1680886917
newOrder,19066,1,6675,1680886917
newOrder,14003,0,16288,1680886917
newOrder,24999,1,16288,1680886917
cancel,14003,,,1680887489
cancel,18825,,,1680887489
cancel,19066,,,1680887489
cancel,24999,,,1680887489
newOrder,18825,0,6676,1680887517
newOrder,19066,1,6676,1680887517
newOrder,14003,0,18868,1680887517
newOrder,24999,1,18868,1680887517
cancel,14003,,,1680888089
cancel,18825,,,1680888089
cancel,19066,,,1680888089
cancel,24999,,,1680888089
newOrder,18825,0,6677,1680888118
newOrder,19066,1,6677,1680888118
newOrder,12089,0,29628,1680888118
newOrder,24999,1,29628,1680888118
cancel,12089,,,1680888689
cancel,18825,,,1680888689
cancel,19066,,,1680888689
cancel,24999,,,1680888689
newOrder,18741,0,6715,1680888718
newOrder,19066,1,6715,1680888718
newOrder,12089,0,25893,1680888718
newOrder,24999,1,25893,1680888718
cancel,12089,,,1680889290
cancel,18741,,,1680889290
cancel,19066,,,1680889290
cancel,24999,,,1680889290
newOrder,18749,0,6712,1680889319
newOrder,19066,1,6712,1680889319
newOrder,14003,0,15233,1680889319
newOrder,24999,1,15233,1680889319
cancel,14003,,,1680889890
cancel,18749,,,1680889890
cancel,19066,,,1680889890
cancel,24999,,,1680889890
newOrder,18751,0,6712,1680889919
newOrder,19066,1,6712,1680889919
newOrder,12089,0,34804,1680889919
newOrder,24999,1,34804,1680889919
cancel,12089,,,1680890490
cancel,18751,,,1680890490
cancel,19066,,,1680890490
cancel,24999,,,1680890490
newOrder,18749,0,6714,1680890518
newOrder,19066,1,6714,1680890518
newOrder,12089,0,36054,1680890518
newOrder,24999,1,36054,1680890518
cancel,12089,,,1680891089
cancel,18749,,,1680891089
cancel,19066,,,1680891089
cancel,24999,,,1680891089
newOrder,18748,0,6715,1680891120
newOrder,19066,1,6715,1680891120
newOrder,12089,0,36183,1680891120
newOrder,24999,1,36183,1680891120
cancel,12089,,,1680891689
cancel,18748,,,1680891689
cancel,19066,,,1680891689
cancel,24999,,,1680891689
newOrder,18750,0,6715,1680891718
newOrder,19066,1,6715,1680891718
newOrder,12089,0,33128,1680891718
newOrder,24999,1,33128,1680891718
cancel,12089,,,1680892289
cancel,18750,,,1680892289
cancel,19066,,,1680892289
cancel,24999,,,1680892289
newOrder,18751,0,6715,1680892318
newOrder,19066,1,6715,1680892318
newOrder,12089,0,32730,1680892318
newOrder,24999,1,32730,1680892318
cancel,12089,,,1680892889
cancel,18751,,,1680892889
cancel,19066,,,1680892889
cancel,24999,,,1680892889
newOrder,18750,0,6717,1680892917
newOrder,19066,1,6717,1680892917
newOrder,12089,0,25516,1680892917
newOrder,24999,1,25516,1680892917
cancel,12089,,,1680893489
cancel,18750,,,1680893489
cancel,19066,,,1680893489
cancel,24999,,,1680893489
newOrder,18750,0,6717,1680893519
newOrder,19066,1,6717,1680893519
newOrder,12089,0,26623,1680893519
newOrder,24999,1,26623,1680893519
cancel,12089,,,1680894090
cancel,18750,,,1680894090
cancel,19066,,,1680894090
cancel,24999,,,1680894090
newOrder,18753,0,6717,1680894118
newOrder,19066,1,6717,1680894118
newOrder,12089,0,27153,1680894118
newOrder,24999,1,27153,1680894118
cancel,12089,,,1680894689
cancel,18753,,,1680894689
cancel,19066,,,1680894689
cancel,24999,,,1680894689
newOrder,18751,0,6718,1680894718
newOrder,19066,1,6718,1680894718
newOrder,12089,0,25160,1680894718
newOrder,24999,1,25160,1680894718
cancel,12089,,,1680895289
cancel,18751,,,1680895289
cancel,19066,,,1680895289
cancel,24999,,,1680895289
newOrder,18751,0,6719,1680895318
newOrder,19066,1,6719,1680895318
newOrder,12089,0,31425,1680895318
newOrder,24999,1,31425,1680895318
cancel,12089,,,1680895890
cancel,18751,,,1680895890
cancel,19066,,,1680895890
cancel,24999,,,1680895890
newOrder,18751,0,6720,1680895917
newOrder,19066,1,6720,1680895917
newOrder,14003,0,8611,1680895917
newOrder,24499,1,8611,1680895917
cancel,14003,,,1680896489
cancel,18751,,,1680896489
cancel,19066,,,1680896489
cancel,24499,,,1680896489
newOrder,18752,0,6721,1680896517
newOrder,19066,1,6721,1680896517
newOrder,12089,0,33572,1680896517
newOrder,24999,1,33572,1680896517
cancel,12089,,,1680897089
cancel,18752,,,1680897089
cancel,19066,,,1680897089
cancel,24999,,,1680897089
newOrder,18751,0,6722,1680897118
newOrder,19066,1,6722,1680897118
newOrder,12089,0,34147,1680897118
newOrder,24999,1,34147,1680897118
cancel,12089,,,1680897689
cancel,18751,,,1680897689
cancel,19066,,,1680897689
cancel,24999,,,1680897689
newOrder,18751,0,6723,1680897717
newOrder,19066,1,6723,1680897717
newOrder,12089,0,30206,1680897717
newOrder,24999,1,30206,1680897717
cancel,12089,,,1680898289
cancel,18751,,,1680898289
cancel,19066,,,1680898289
cancel,24999,,,1680898289
newOrder,18751,0,6723,1680898318
newOrder,19066,1,6723,1680898318
newOrder,14003,0,14838,1680898318
newOrder,24999,1,14838,1680898318
cancel,14003,,,1680898889
cancel,18751,,,1680898889
cancel,19066,,,1680898889
cancel,24999,,,1680898889
newOrder,18751,0,6724,1680898919
newOrder,19066,1,6724,1680898919
newOrder,14003,0,20888,1680898919
newOrder,24999,1,20888,1680898919
cancel,14003,,,1680899489
cancel,18751,,,1680899489
cancel,19066,,,1680899489
cancel,24999,,,1680899489
newOrder,18752,0,6724,1680899517
newOrder,19066,1,6724,1680899517
newOrder,12089,0,28011,1680899517
newOrder,24999,1,28011,1680899517
cancel,12089,,,1680900089
cancel,18752,,,1680900089
cancel,19066,,,1680900089
cancel,24999,,,1680900089
newOrder,18751,0,6725,1680900117
newOrder,19066,1,6725,1680900117
newOrder,12089,0,28969,1680900117
newOrder,24999,1,28969,1680900117
cancel,12089,,,1680900689
cancel,18751,,,1680900689
cancel,19066,,,1680900689
cancel,24999,,,1680900689
newOrder,18753,0,6726,1680900719
newOrder,19066,1,6726,1680900719
newOrder,12089,0,28805,1680900719
newOrder,24999,1,28805,1680900719
cancel,12089,,,1680901289
cancel,18753,,,1680901289
cancel,19066,,,1680901289
cancel,24999,,,1680901289
newOrder,18753,0,6726,1680901316
newOrder,19066,1,6726,1680901316
newOrder,12089,0,33124,1680901316
newOrder,24999,1,33124,1680901316
cancel,12089,,,1680901889
cancel,18753,,,1680901889
cancel,19066,,,1680901889
cancel,24999,,,1680901889
newOrder,18742,0,6732,1680901919
newOrder,19066,1,6732,1680901919
newOrder,13003,0,23464,1680901919
newOrder,24999,1,23464,1680901919
cancel,13003,,,1680902490
cancel,18742,,,1680902490
cancel,19066,,,1680902490
cancel,24999,,,1680902490
newOrder,18753,0,6728,1680902516
newOrder,19066,1,6728,1680902516
newOrder,14003,0,8159,1680902516
newOrder,24499,1,8159,1680902516
cancel,14003,,,1680903089
cancel,18753,,,1680903089
cancel,19066,,,1680903089
cancel,24499,,,1680903089
newOrder,18753,0,6729,1680903118
newOrder,19066,1,6729,1680903118
newOrder,21999,1,4896,1680903118
cancel,18753,,,1680903689
cancel,19066,,,1680903689
cancel,21999,,,1680903689
newOrder,18752,0,6730,1680903719
newOrder,19066,1,6730,1680903719
newOrder,12089,0,30485,1680903719
newOrder,24999,1,30485,1680903719
cancel,12089,,,1680904289
cancel,18752,,,1680904289
cancel,19066,,,1680904289
cancel,24999,,,1680904289
newOrder,18753,0,6730,1680904317
newOrder,19066,1,6730,1680904317
newOrder,14003,0,9331,1680904317
newOrder,24999,1,9331,1680904317
cancel,14003,,,1680904890
cancel,18753,,,1680904890
cancel,19066,,,1680904890
cancel,24999,,,1680904890
newOrder,18753,0,6732,1680905516
newOrder,19066,1,6732,1680905516
newOrder,12089,0,25133,1680905516
newOrder,24999,1,25133,1680905516
cancel,13597,,,1680908489
cancel,18709,,,1680908489
cancel,19066,,,1680908489
cancel,24999,,,1680908489
newOrder,18709,0,6755,1680908518
newOrder,19066,1,6755,1680908518
newOrder,14003,0,14040,1680908518
newOrder,24999,1,14040,1680908518
cancel,14003,,,1680909089
cancel,18709,,,1680909089
cancel,19066,,,1680909089
cancel,24999,,,1680909089
newOrder,18709,0,6755,1680909116
newOrder,19066,1,6755,1680909116
newOrder,12089,0,25837,1680909116
newOrder,24999,1,25837,1680909116
cancel,12089,,,1680909689
cancel,18709,,,1680909689
cancel,19066,,,1680909689
cancel,24999,,,1680909689
newOrder,18710,0,6756,1680909717
newOrder,19066,1,6756,1680909717
newOrder,13003,0,23533,1680909717
newOrder,24999,1,23533,1680909717
cancel,13003,,,1680910289
cancel,18710,,,1680910289
cancel,19066,,,1680910289
cancel,24999,,,1680910289
newOrder,18710,0,6757,1680910316
newOrder,19066,1,6757,1680910316
newOrder,21999,1,4380,1680910316
cancel,18710,,,1680910889
cancel,19066,,,1680910889
cancel,21999,,,1680910889
newOrder,18710,0,6757,1680910918
newOrder,19066,1,6757,1680910918
newOrder,12089,0,24750,1680910918
newOrder,24999,1,24750,1680910918
cancel,12089,,,1680911489
cancel,18710,,,1680911489
cancel,19066,,,1680911489
cancel,24999,,,1680911489
newOrder,18710,0,6758,1680911518
newOrder,19066,1,6758,1680911518
newOrder,14003,0,11456,1680911518
newOrder,24999,1,11456,1680911518
cancel,14003,,,1680912089
cancel,18710,,,1680912089
cancel,19066,,,1680912089
cancel,24999,,,1680912089
newOrder,18710,0,6759,1680912117
newOrder,19066,1,6759,1680912117
newOrder,14003,0,18853,1680912117
newOrder,24999,1,18853,1680912117
cancel,14003,,,1680912690
cancel,18710,,,1680912690
cancel,19066,,,1680912690
cancel,24999,,,1680912690
newOrder,18710,0,6760,1680912718
newOrder,19066,1,6760,1680912718
newOrder,14003,0,9825,1680912718
newOrder,24999,1,9825,1680912718
cancel,14003,,,1680913289
cancel,18710,,,1680913289
cancel,19066,,,1680913289
cancel,24999,,,1680913289
newOrder,18710,0,6761,1680913318
newOrder,19066,1,6761,1680913318
newOrder,12089,0,28049,1680913318
newOrder,24999,1,28049,1680913318
cancel,12089,,,1680913889
cancel,18710,,,1680913889
cancel,19066,,,1680913889
cancel,24999,,,1680913889
newOrder,18710,0,6761,1680913917
newOrder,19066,1,6761,1680913917
newOrder,12089,0,30135,1680913917
newOrder,24999,1,30135,1680913917
cancel,12089,,,1680914489
cancel,18710,,,1680914489
cancel,19066,,,1680914489
cancel,24999,,,1680914489
newOrder,18710,0,6762,1680914517
newOrder,19066,1,6762,1680914517
newOrder,14003,0,9129,1680914517
newOrder,24999,1,9129,1680914517
cancel,14003,,,1680915089
cancel,18710,,,1680915089
cancel,19066,,,1680915089
cancel,24999,,,1680915089
newOrder,18710,0,6763,1680915118
newOrder,19066,1,6763,1680915118
newOrder,14003,0,8649,1680915118
newOrder,24499,1,8649,1680915118
cancel,14003,,,1680915690
cancel,18710,,,1680915690
cancel,19066,,,1680915690
cancel,24499,,,1680915690
newOrder,18710,0,6764,1680915720
newOrder,19066,1,6764,1680915720
newOrder,14003,0,11216,1680915720
newOrder,24999,1,11216,1680915720
cancel,14003,,,1680916289
cancel,18710,,,1680916289
cancel,19066,,,1680916289
cancel,24999,,,1680916289
newOrder,18710,0,6765,1680916317
newOrder,19066,1,6765,1680916317
newOrder,14003,0,17034,1680916317
newOrder,24999,1,17034,1680916317
cancel,14003,,,1680916889
cancel,18710,,,1680916889
cancel,19066,,,1680916889
cancel,24999,,,1680916889
newOrder,18710,0,6765,1680916916
newOrder,19066,1,6765,1680916916
newOrder,14003,0,20328,1680916916
newOrder,24999,1,20328,1680916916
cancel,14003,,,1680917489
cancel,18710,,,1680917489
cancel,19066,,,1680917489
cancel,24999,,,1680917489
newOrder,18710,0,6766,1680917518
newOrder,19066,1,6766,1680917518
newOrder,12089,0,26229,1680917518
newOrder,24999,1,26229,1680917518
cancel,12089,,,1680918089
cancel,18710,,,1680918089
cancel,19066,,,1680918089
cancel,24999,,,1680918089
newOrder,18710,0,6767,1680918118
newOrder,19066,1,6767,1680918118
newOrder,12089,0,34748,1680918118
newOrder,24999,1,34748,1680918118
cancel,12089,,,1680918689
cancel,18710,,,1680918689
cancel,19066,,,1680918689
cancel,24999,,,1680918689
newOrder,18710,0,6768,1680918717
newOrder,19066,1,6768,1680918717
newOrder,14003,0,19320,1680918717
newOrder,24999,1,19320,1680918717
cancel,14003,,,1680919290
cancel,18710,,,1680919290
cancel,19066,,,1680919290
cancel,24999,,,1680919290
newOrder,18710,0,6769,1680919317
newOrder,19066,1,6769,1680919317
newOrder,14003,0,8314,1680919317
newOrder,24499,1,8314,1680919317
cancel,14003,,,1680919889
cancel,18710,,,1680919889
cancel,19066,,,1680919889
cancel,24499,,,1680919889
newOrder,18710,0,6769,1680919917
newOrder,19066,1,6769,1680919917
newOrder,14003,0,16765,1680919917
newOrder,24999,1,16765,1680919917
cancel,14003,,,1680920489
cancel,18710,,,1680920489
cancel,19066,,,1680920489
cancel,24999,,,1680920489
newOrder,18710,0,6770,1680920518
newOrder,19066,1,6770,1680920518
newOrder,12089,0,34741,1680920518
newOrder,24999,1,34741,1680920518
cancel,12089,,,1680921089
cancel,18710,,,1680921089
cancel,19066,,,1680921089
cancel,24999,,,1680921089
newOrder,18710,0,6771,1680921116
newOrder,19066,1,6771,1680921116
newOrder,12089,0,33428,1680921116
newOrder,24999,1,33428,1680921116
cancel,12089,,,1680921689
cancel,18710,,,1680921689
cancel,19066,,,1680921689
cancel,24999,,,1680921689
newOrder,18710,0,6772,1680921718
newOrder,19066,1,6772,1680921718
newOrder,14003,0,14477,1680921718
newOrder,24999,1,14477,1680921718
cancel,14003,,,1680922289
cancel,18710,,,1680922289
cancel,19066,,,1680922289
cancel,24999,,,1680922289
newOrder,18710,0,6773,1680922318
newOrder,19066,1,6773,1680922318
newOrder,14003,0,15265,1680922318
newOrder,24999,1,15265,1680922318
cancel,14003,,,1680922890
cancel,18710,,,1680922890
cancel,19066,,,1680922890
cancel,24999,,,1680922890
newOrder,18710,0,6773,1680922916
newOrder,19066,1,6773,1680922916
newOrder,14003,0,15494,1680922916
newOrder,24999,1,15494,1680922916
cancel,14003,,,1680923490
cancel,18710,,,1680923490
cancel,19066,,,1680923490
cancel,24999,,,1680923490
newOrder,18710,0,6774,1680923519
newOrder,19066,1,6774,1680923519
newOrder,14003,0,8767,1680923519
newOrder,24999,1,8767,1680923519
cancel,14003,,,1680924089
cancel,18710,,,1680924089
cancel,19066,,,1680924089
cancel,24999,,,1680924089
newOrder,18710,0,6775,1680924118
newOrder,19066,1,6775,1680924118
newOrder,14003,0,20529,1680924118
newOrder,24999,1,20529,1680924118
cancel,14003,,,1680924689
cancel,18710,,,1680924689
cancel,19066,,,1680924689
cancel,24999,,,1680924689
newOrder,18710,0,6776,1680924717
newOrder,19066,1,6776,1680924717
newOrder,12089,0,25105,1680924717
newOrder,24999,1,25105,1680924717
cancel,12089,,,1680925289
cancel,18710,,,1680925289
cancel,19066,,,1680925289
cancel,24999,,,1680925289
newOrder,18710,0,6777,1680925317
newOrder,19066,1,6777,1680925317
newOrder,12089,0,27496,1680925317
newOrder,24999,1,27496,1680925317
cancel,12089,,,1680925889
cancel,18710,,,1680925889
cancel,19066,,,1680925889
cancel,24999,,,1680925889
newOrder,18710,0,6777,1680925917
newOrder,19066,1,6777,1680925917
newOrder,21999,1,4688,1680925917
cancel,18710,,,1680926489
cancel,19066,,,1680926489
cancel,21999,,,1680926489
newOrder,18710,0,6778,1680926518
newOrder,19066,1,6778,1680926518
newOrder,14003,0,12442,1680926518
newOrder,24999,1,12442,1680926518
cancel,14003,,,1680927089
cancel,18710,,,1680927089
cancel,19066,,,1680927089
cancel,24999,,,1680927089
newOrder,18710,0,6779,1680927117
newOrder,19066,1,6779,1680927117
newOrder,21999,1,6586,1680927117
cancel,18710,,,1680927690
cancel,19066,,,1680927690
cancel,21999,,,1680927690
newOrder,18710,0,6780,1680927716
newOrder,19066,1,6780,1680927716
newOrder,21999,1,5797,1680927716
cancel,18710,,,1680928289
cancel,19066,,,1680928289
cancel,21999,,,1680928289
newOrder,18710,0,6781,1680928318
newOrder,19066,1,6781,1680928318
newOrder,12089,0,35475,1680928318
newOrder,24999,1,35475,1680928318
cancel,12089,,,1680928889
cancel,18710,,,1680928889
cancel,19066,,,1680928889
cancel,24999,,,1680928889
newOrder,18710,0,6781,1680928918
newOrder,19066,1,6781,1680928918
newOrder,12089,0,35866,1680928918
newOrder,24999,1,35866,1680928918
cancel,12089,,,1680929489
cancel,18710,,,1680929489
cancel,19066,,,1680929489
cancel,24999,,,1680929489
newOrder,18710,0,6782,1680929517
newOrder,19066,1,6782,1680929517
newOrder,14003,0,18558,1680929517
newOrder,24999,1,18558,1680929517
cancel,14003,,,1680930089
cancel,18710,,,1680930089
cancel,19066,,,1680930089
cancel,24999,,,1680930089
newOrder,18710,0,6783,1680930117
newOrder,19066,1,6783,1680930117
newOrder,12089,0,26650,1680930117
newOrder,24999,1,26650,1680930117
cancel,12089,,,1680930689
cancel,18710,,,1680930689
cancel,19066,,,1680930689
cancel,24999,,,1680930689
newOrder,18710,0,6784,1680930716
newOrder,19066,1,6784,1680930716
newOrder,21999,1,5882,1680930716
cancel,18710,,,1680931289
cancel,19066,,,1680931289
cancel,21999,,,1680931289
newOrder,18710,0,6785,1680931318
newOrder,19066,1,6785,1680931318
newOrder,14003,0,10087,1680931318
newOrder,24999,1,10087,1680931318
cancel,14003,,,1680931889
cancel,18710,,,1680931889
cancel,19066,,,1680931889
cancel,24999,,,1680931889
newOrder,18710,0,6785,1680931918
newOrder,19066,1,6785,1680931918
newOrder,12089,0,28804,1680931918
newOrder,24999,1,28804,1680931918
cancel,12089,,,1680932489
cancel,18710,,,1680932489
cancel,19066,,,1680932489
cancel,24999,,,1680932489
newOrder,18710,0,6786,1680932519
newOrder,19066,1,6786,1680932519
newOrder,14003,0,18758,1680932519
newOrder,24999,1,18758,1680932519
cancel,14003,,,1680933089
cancel,18710,,,1680933089
cancel,19066,,,1680933089
cancel,24999,,,1680933089
newOrder,18710,0,6787,1680933117
newOrder,19066,1,6787,1680933117
newOrder,14003,0,10377,1680933117
newOrder,24999,1,10377,1680933117
cancel,14003,,,1680933689
cancel,18710,,,1680933689
cancel,19066,,,1680933689
cancel,24999,,,1680933689
newOrder,18710,0,6788,1680933717
newOrder,19066,1,6788,1680933717
newOrder,14003,0,8414,1680933717
newOrder,24499,1,8414,1680933717
cancel,14003,,,1680934289
cancel,18710,,,1680934289
cancel,19066,,,1680934289
cancel,24499,,,1680934289
newOrder,18710,0,6789,1680934318
newOrder,19066,1,6789,1680934318
newOrder,12089,0,33889,1680934318
newOrder,24999,1,33889,1680934318
cancel,12089,,,1680934889
cancel,18710,,,1680934889
cancel,19066,,,1680934889
cancel,24999,,,1680934889
newOrder,18710,0,6789,1680934918
newOrder,19066,1,6789,1680934918
newOrder,12089,0,27762,1680934918
newOrder,24999,1,27762,1680934918
cancel,12089,,,1680935489
cancel,18710,,,1680935489
cancel,19066,,,1680935489
cancel,24999,,,1680935489
newOrder,18710,0,6790,1680935517
newOrder,19066,1,6790,1680935517
newOrder,14003,0,19685,1680935517
newOrder,24999,1,19685,1680935517
cancel,14003,,,1680936089
cancel,18710,,,1680936089
cancel,19066,,,1680936089
cancel,24999,,,1680936089
newOrder,18710,0,6791,1680936117
newOrder,19066,1,6791,1680936117
newOrder,12089,0,31576,1680936117
newOrder,24999,1,31576,1680936117
cancel,12089,,,1680936688
cancel,18710,,,1680936688
cancel,19066,,,1680936688
cancel,24999,,,1680936688
newOrder,18710,0,6792,1680936717
newOrder,19066,1,6792,1680936717
newOrder,14003,0,12287,1680936717
newOrder,24999,1,12287,1680936717
cancel,14003,,,1680937290
cancel,18710,,,1680937290
cancel,19066,,,1680937290
cancel,24999,,,1680937290
newOrder,18710,0,6793,1680937318
newOrder,19066,1,6793,1680937318
newOrder,13003,0,23203,1680937318
newOrder,24999,1,23203,1680937318
cancel,13003,,,1680937889
cancel,18710,,,1680937889
cancel,19066,,,1680937889
cancel,24999,,,1680937889
newOrder,18710,0,6793,1680937917
newOrder,19066,1,6793,1680937917
newOrder,12089,0,26765,1680937917
newOrder,24999,1,26765,1680937917
cancel,12089,,,1680938490
cancel,18710,,,1680938490
cancel,19066,,,1680938490
cancel,24999,,,1680938490
newOrder,18710,0,6794,1680938518
newOrder,19066,1,6794,1680938518
newOrder,12089,0,32372,1680938518
newOrder,24999,1,32372,1680938518
cancel,12089,,,1680939090
cancel,18710,,,1680939090
cancel,19066,,,1680939090
cancel,24999,,,1680939090
newOrder,18710,0,6795,1680939117
newOrder,19066,1,6795,1680939117
newOrder,13003,0,23573,1680939117
newOrder,24999,1,23573,1680939117
cancel,13003,,,1680939690
cancel,18710,,,1680939690
cancel,19066,,,1680939690
cancel,24999,,,1680939690
newOrder,18710,0,6796,1680939717
newOrder,19066,1,6796,1680939717
newOrder,21999,1,4817,1680939717
cancel,18710,,,1680940289
cancel,19066,,,1680940289
cancel,21999,,,1680940289
newOrder,18710,0,6797,1680940317
newOrder,19066,1,6797,1680940317
newOrder,12089,0,27644,1680940317
newOrder,24999,1,27644,1680940317
cancel,12089,,,1680940889
cancel,18710,,,1680940889
cancel,19066,,,1680940889
cancel,24999,,,1680940889
newOrder,18710,0,6797,1680940917
newOrder,19066,1,6797,1680940917
newOrder,14003,0,18596,1680940917
newOrder,24999,1,18596,1680940917
cancel,14003,,,1680941489
cancel,18710,,,1680941489
cancel,19066,,,1680941489
cancel,24999,,,1680941489
newOrder,18710,0,6798,1680941516
newOrder,19066,1,6798,1680941516
newOrder,12089,0,35265,1680941516
newOrder,24999,1,35265,1680941516
cancel,12089,,,1680942089
cancel,18710,,,1680942089
cancel,19066,,,1680942089
cancel,24999,,,1680942089
newOrder,18710,0,6799,1680942116
newOrder,19066,1,6799,1680942116
newOrder,14003,0,16311,1680942116
newOrder,24999,1,16311,1680942116
cancel,14003,,,1680942689
cancel,18710,,,1680942689
cancel,19066,,,1680942689
cancel,24999,,,1680942689
newOrder,18934,0,6687,1680942717
newOrder,19081,1,6687,1680942717
newOrder,12089,0,30194,1680942717
newOrder,24999,1,30194,1680942717
cancel,12089,,,1680943289
cancel,18934,,,1680943289
cancel,19081,,,1680943289
cancel,24999,,,1680943289
newOrder,18861,0,6731,1680943318
newOrder,19066,1,6731,1680943318
newOrder,12089,0,28195,1680943318
newOrder,24999,1,28195,1680943318
cancel,12089,,,1680943889
cancel,18861,,,1680943889
cancel,19066,,,1680943889
cancel,24999,,,1680943889
newOrder,18860,0,6732,1680943918
newOrder,19066,1,6732,1680943918
newOrder,12089,0,26815,1680943918
newOrder,24999,1,26815,1680943918
cancel,12089,,,1680944491
cancel,18860,,,1680944491
cancel,19066,,,1680944491
cancel,24999,,,1680944491
newOrder,18860,0,6733,1680944519
newOrder,19066,1,6733,1680944519
newOrder,14003,0,16426,1680944519
newOrder,24999,1,16426,1680944519
cancel,14003,,,1680945090
cancel,18860,,,1680945090
cancel,19066,,,1680945090
cancel,24999,,,1680945090
newOrder,18859,0,6734,1680945119
newOrder,19066,1,6734,1680945119
newOrder,12089,0,24786,1680945119
newOrder,24999,1,24786,1680945119
cancel,12089,,,1680945689
cancel,18859,,,1680945689
cancel,19066,,,1680945689
cancel,24999,,,1680945689
newOrder,18861,0,6734,1680945716
newOrder,19066,1,6734,1680945716
newOrder,18855,0,681,1680945716
newOrder,21999,1,4844,1680945716
cancel,18855,,,1680946289
cancel,18861,,,1680946289
cancel,19066,,,1680946289
cancel,21999,,,1680946289
newOrder,18861,0,6735,1680946317
newOrder,19066,1,6735,1680946317
newOrder,12089,0,24231,1680946317
newOrder,24999,1,24231,1680946317
cancel,12089,,,1680946890
cancel,18861,,,1680946890
cancel,19066,,,1680946890
cancel,24999,,,1680946890
newOrder,18860,0,6736,1680946918
newOrder,19066,1,6736,1680946918
newOrder,12089,0,27184,1680946918
newOrder,24999,1,27184,1680946918
cancel,12089,,,1680947489
cancel,18860,,,1680947489
cancel,19066,,,1680947489
cancel,24999,,,1680947489
newOrder,18861,0,6737,1680947517
newOrder,19066,1,6737,1680947517
newOrder,18855,0,720,1680947517
newOrder,21999,1,6151,1680947517
cancel,18855,,,1680948089
cancel,18861,,,1680948089
cancel,19066,,,1680948089
cancel,21999,,,1680948089
newOrder,18934,0,6685,1680948117
newOrder,19098,1,6685,1680948117
newOrder,14003,0,12592,1680948117
newOrder,24999,1,12592,1680948117
cancel,14003,,,1680948689
cancel,18934,,,1680948689
cancel,19098,,,1680948689
cancel,24999,,,1680948689
newOrder,18934,0,6686,1680948717
newOrder,19098,1,6686,1680948717
newOrder,13597,0,22855,1680948717
newOrder,24999,1,22855,1680948717
cancel,13597,,,1680949289
cancel,18934,,,1680949289
cancel,19098,,,1680949289
cancel,24999,,,1680949289
newOrder,18934,0,6687,1680949317
newOrder,19098,1,6687,1680949317
newOrder,13003,0,23582,1680949317
newOrder,24999,1,23582,1680949317
cancel,13003,,,1680949889
cancel,18934,,,1680949889
cancel,19098,,,1680949889
cancel,24999,,,1680949889
newOrder,18934,0,6687,1680949916
newOrder,19098,1,6687,1680949916
newOrder,12089,0,33810,1680949916
newOrder,24999,1,33810,1680949916
cancel,12089,,,1680950489
cancel,18934,,,1680950489
cancel,19098,,,1680950489
cancel,24999,,,1680950489
newOrder,18934,0,6688,1680950518
newOrder,19098,1,6688,1680950518
newOrder,12089,0,27362,1680950518
newOrder,24999,1,27362,1680950518
cancel,12089,,,1680951090
cancel,18934,,,1680951090
cancel,19098,,,1680951090
cancel,24999,,,1680951090
newOrder,18934,0,6689,1680951118
newOrder,19098,1,6689,1680951118
newOrder,14003,0,14591,1680951118
newOrder,24999,1,14591,1680951118
cancel,14003,,,1680951689
cancel,18934,,,1680951689
cancel,19098,,,1680951689
cancel,24999,,,1680951689
newOrder,18934,0,6690,1680951719
newOrder,19098,1,6690,1680951719
newOrder,14003,0,15456,1680951719
newOrder,24999,1,15456,1680951719
cancel,14003,,,1680952289
cancel,18934,,,1680952289
cancel,19098,,,1680952289
cancel,24999,,,1680952289
newOrder,18934,0,6690,1680952317
newOrder,19098,1,6690,1680952317
newOrder,12089,0,34013,1680952317
newOrder,24999,1,34013,1680952317
cancel,12089,,,1680952889
cancel,18934,,,1680952889
cancel,19098,,,1680952889
cancel,24999,,,1680952889
newOrder,18934,0,6691,1680952918
newOrder,19098,1,6691,1680952918
newOrder,14003,0,16328,1680952918
newOrder,24999,1,16328,1680952918
cancel,14003,,,1680953489
cancel,18934,,,1680953489
cancel,19098,,,1680953489
cancel,24999,,,1680953489
newOrder,18934,0,6692,1680953517
newOrder,19098,1,6692,1680953517
newOrder,12089,0,33543,1680953517
newOrder,24999,1,33543,1680953517
cancel,12089,,,1680954090
cancel,18934,,,1680954090
cancel,19098,,,1680954090
cancel,24999,,,1680954090
newOrder,18934,0,6693,1680954119
newOrder,19098,1,6693,1680954119
newOrder,12089,0,35772,1680954119
newOrder,24999,1,35772,1680954119
cancel,12089,,,1680954689
cancel,18934,,,1680954689
cancel,19098,,,1680954689
cancel,24999,,,1680954689
newOrder,18934,0,6694,1680954717
newOrder,19098,1,6694,1680954717
newOrder,13597,0,22656,1680954717
newOrder,24999,1,22656,1680954717
cancel,13597,,,1680955289
cancel,18934,,,1680955289
cancel,19098,,,1680955289
cancel,24999,,,1680955289
newOrder,18934,0,6694,1680955318
newOrder,19098,1,6694,1680955318
newOrder,12089,0,26484,1680955318
newOrder,24999,1,26484,1680955318
cancel,12089,,,1680955890
cancel,18934,,,1680955890
cancel,19098,,,1680955890
cancel,24999,,,1680955890
newOrder,18934,0,6695,1680955919
newOrder,19098,1,6695,1680955919
newOrder,15001,0,7116,1680955919
newOrder,24499,1,7116,1680955919
cancel,15001,,,1680956489
cancel,18934,,,1680956489
cancel,19098,,,1680956489
cancel,24499,,,1680956489
newOrder,18934,0,6696,1680956519
newOrder,19098,1,6696,1680956519
newOrder,18855,0,6071,1680956519
newOrder,21999,1,6071,1680956519
cancel,18855,,,1680957089
cancel,18934,,,1680957089
cancel,19098,,,1680957089
cancel,21999,,,1680957089
newOrder,18934,0,6697,1680957118
newOrder,19098,1,6697,1680957118
newOrder,14003,0,15645,1680957118
newOrder,24999,1,15645,1680957118
cancel,14003,,,1680957689
cancel,18934,,,1680957689
cancel,19098,,,1680957689
cancel,24999,,,1680957689
newOrder,18934,0,6697,1680957717
newOrder,19098,1,6697,1680957717
newOrder,12089,0,25189,1680957717
newOrder,24999,1,25189,1680957717
cancel,12089,,,1680958289
cancel,18934,,,1680958289
cancel,19098,,,1680958289
cancel,24999,,,1680958289
newOrder,18934,0,6698,1680958317
newOrder,19098,1,6698,1680958317
newOrder,14003,0,19550,1680958317
newOrder,24999,1,19550,1680958317
cancel,14003,,,1680958889
cancel,18934,,,1680958889
cancel,19098,,,1680958889
cancel,24999,,,1680958889
newOrder,18934,0,6699,1680958918
newOrder,19098,1,6699,1680958918
newOrder,21999,1,5696,1680958918
cancel,18934,,,1680959490
cancel,19098,,,1680959490
cancel,21999,,,1680959490
newOrder,18934,0,6700,1680959519
newOrder,19098,1,6700,1680959519
newOrder,14003,0,13249,1680959519
newOrder,24999,1,13249,1680959519
cancel,14003,,,1680960089
cancel,18934,,,1680960089
cancel,19098,,,1680960089
cancel,24999,,,1680960089
newOrder,18934,0,6701,1680960117
newOrder,19098,1,6701,1680960117
newOrder,14003,0,21330,1680960117
newOrder,24999,1,21330,1680960117
cancel,14003,,,1680960691
cancel,18934,,,1680960691
cancel,19098,,,1680960691
cancel,24999,,,1680960691
newOrder,18934,0,6701,1680960721
newOrder,19098,1,6701,1680960721
newOrder,14003,0,19304,1680960721
newOrder,24999,1,19304,1680960721
cancel,14003,,,1680961291
cancel,18934,,,1680961291
cancel,19098,,,1680961291
cancel,24999,,,1680961291
newOrder,18934,0,6702,1680961320
newOrder,19098,1,6702,1680961320
newOrder,12089,0,35877,1680961320
newOrder,24999,1,35877,1680961320
cancel,12089,,,1680961889
cancel,18934,,,1680961889
cancel,19098,,,1680961889
cancel,24999,,,1680961889
newOrder,18934,0,6703,1680961917
newOrder,19098,1,6703,1680961917
newOrder,14003,0,12877,1680961917
newOrder,24999,1,12877,1680961917
cancel,14003,,,1680962490
cancel,18934,,,1680962490
cancel,19098,,,1680962490
cancel,24999,,,1680962490
newOrder,18934,0,6704,1680962518
newOrder,19098,1,6704,1680962518
newOrder,15001,0,7435,1680962518
newOrder,24499,1,7435,1680962518
cancel,15001,,,1680963089
cancel,18934,,,1680963089
cancel,19098,,,1680963089
cancel,24499,,,1680963089
newOrder,18934,0,6704,1680963117
newOrder,19098,1,6704,1680963117
newOrder,15001,0,6801,1680963117
newOrder,23793,1,6801,1680963117
cancel,15001,,,1680963689
cancel,18934,,,1680963689
cancel,19098,,,1680963689
cancel,23793,,,1680963689
newOrder,18934,0,6705,1680963718
newOrder,19098,1,6705,1680963718
newOrder,14003,0,11509,1680963718
newOrder,24999,1,11509,1680963718
cancel,14003,,,1680964289
cancel,18934,,,1680964289
cancel,19098,,,1680964289
cancel,24999,,,1680964289
newOrder,18882,0,6749,1680964318
newOrder,19066,1,6749,1680964318
newOrder,12089,0,29890,1680964318
newOrder,24999,1,29890,1680964318
cancel,12089,,,1680964889
cancel,18882,,,1680964889
cancel,19066,,,1680964889
cancel,24999,,,1680964889
newOrder,18882,0,6749,1680964918
newOrder,19066,1,6749,1680964918
newOrder,12089,0,31521,1680964918
newOrder,24999,1,31521,1680964918
cancel,12089,,,1680965489
cancel,18882,,,1680965489
cancel,19066,,,1680965489
cancel,24999,,,1680965489
newOrder,18859,0,6761,1680965517
newOrder,19066,1,6761,1680965517
newOrder,14003,0,8970,1680965517
newOrder,24999,1,8970,1680965517
cancel,14003,,,1680966088
cancel,18859,,,1680966088
cancel,19066,,,1680966088
cancel,24999,,,1680966088
newOrder,18859,0,6762,1680966117
newOrder,19066,1,6762,1680966117
newOrder,14003,0,19308,1680966117
newOrder,24999,1,19308,1680966117
cancel,14003,,,1680966689
cancel,18859,,,1680966689
cancel,19066,,,1680966689
cancel,24999,,,1680966689
newOrder,18857,0,6764,1680966717
newOrder,19066,1,6764,1680966717
newOrder,12089,0,32075,1680966717
newOrder,24999,1,32075,1680966717
cancel,12089,,,1680967290
cancel,18857,,,1680967290
cancel,19066,,,1680967290
cancel,24999,,,1680967290
newOrder,18858,0,6764,1680967316
newOrder,19066,1,6764,1680967316
newOrder,12089,0,32387,1680967316
newOrder,24999,1,32387,1680967316
cancel,12089,,,1680967889
cancel,18858,,,1680967889
cancel,19066,,,1680967889
cancel,24999,,,1680967889
newOrder,18859,0,6765,1680967919
newOrder,19066,1,6765,1680967919
newOrder,18855,0,543,1680967919
newOrder,21999,1,6553,1680967919
cancel,18855,,,1680968489
cancel,18859,,,1680968489
cancel,19066,,,1680968489
cancel,21999,,,1680968489
newOrder,18859,0,6765,1680968518
newOrder,19066,1,6765,1680968518
newOrder,12089,0,29984,1680968518
newOrder,24999,1,29984,1680968518
cancel,12089,,,1680969089
cancel,18859,,,1680969089
cancel,19066,,,1680969089
cancel,24999,,,1680969089
newOrder,18860,0,6766,1680969117
newOrder,19066,1,6766,1680969117
newOrder,14003,0,14829,1680969117
newOrder,24999,1,14829,1680969117
cancel,14003,,,1680969689
cancel,18860,,,1680969689
cancel,19066,,,1680969689
cancel,24999,,,1680969689
newOrder,18860,0,6767,1680969718
newOrder,19066,1,6767,1680969718
newOrder,13003,0,23125,1680969718
newOrder,24999,1,23125,1680969718
cancel,13003,,,1680970289
cancel,18860,,,1680970289
cancel,19066,,,1680970289
cancel,24999,,,1680970289
newOrder,18860,0,6768,1680970317
newOrder,19066,1,6768,1680970317
newOrder,14003,0,11074,1680970317
newOrder,24999,1,11074,1680970317
cancel,14003,,,1680970889
cancel,18860,,,1680970889
cancel,19066,,,1680970889
cancel,24999,,,1680970889
newOrder,18861,0,6768,1680970920
newOrder,19066,1,6768,1680970920
newOrder,12089,0,31786,1680970920
newOrder,24999,1,31786,1680970920