instruction,price,side,qty,time
cancel,15742,,,1691410282
cancel,17863,,,1691410282
cancel,18075,,,1691410282
cancel,24999,,,1691410282
newOrder,17831,0,5452,1691410298
newOrder,18075,1,5452,1691410298
newOrder,12310,0,27161,1691410298
newOrder,24999,1,27161,1691410298
cancel,12310,,,1691410882
cancel,17831,,,1691410882
cancel,18075,,,1691410882
cancel,24999,,,1691410882
newOrder,17788,0,5461,1691410898
newOrder,18075,1,5461,1691410898
newOrder,15742,0,20024,1691410898
newOrder,24999,1,20024,1691410898
cancel,15742,,,1691411483
cancel,17788,,,1691411483
cancel,18075,,,1691411483
cancel,24999,,,1691411483
newOrder,17793,0,5461,1691411498
newOrder,18075,1,5461,1691411498
newOrder,15742,0,17925,1691411498
newOrder,24999,1,17925,1691411498
cancel,15742,,,1691412083
cancel,17793,,,1691412083
cancel,18075,,,1691412083
cancel,24999,,,1691412083
newOrder,17811,0,5458,1691412098
newOrder,18075,1,5458,1691412098
newOrder,15766,0,3916,1691412098
newOrder,19999,1,3916,1691412098
cancel,15766,,,1691412684
cancel,17811,,,1691412684
cancel,18075,,,1691412684
cancel,19999,,,1691412684
newOrder,17803,0,5461,1691412700
newOrder,18075,1,5461,1691412700
newOrder,15762,0,6467,1691412700
newOrder,24999,1,6467,1691412700
cancel,15762,,,1691413283
cancel,17803,,,1691413283
cancel,18075,,,1691413283
cancel,24999,,,1691413283
newOrder,17763,0,5468,1691413298
newOrder,18075,1,5468,1691413298
newOrder,15742,0,16757,1691413298
newOrder,24999,1,16757,1691413298
cancel,15742,,,1691413883
cancel,17763,,,1691413883
cancel,18075,,,1691413883
cancel,24999,,,1691413883
newOrder,17772,0,5468,1691413898
newOrder,18075,1,5468,1691413898
newOrder,12312,0,24352,1691413898
newOrder,24999,1,24352,1691413898
cancel,12312,,,1691414482
cancel,17772,,,1691414482
cancel,18075,,,1691414482
cancel,24999,,,1691414482
newOrder,17821,0,5460,1691414497
newOrder,18075,1,5460,1691414497
newOrder,14501,0,24189,1691414497
newOrder,24999,1,24189,1691414497
cancel,14501,,,1691415084
cancel,17821,,,1691415084
cancel,18075,,,1691415084
cancel,24999,,,1691415084
newOrder,17821,0,5460,1691415098
newOrder,18075,1,5460,1691415098
newOrder,12310,0,26464,1691415098
newOrder,24999,1,26464,1691415098
cancel,12310,,,1691415683
cancel,17821,,,1691415683
cancel,18075,,,1691415683
cancel,24999,,,1691415683
newOrder,17799,0,5465,1691415699
newOrder,18075,1,5465,1691415699
newOrder,15766,0,4558,1691415699
newOrder,19999,1,4558,1691415699
cancel,15766,,,1691416283
cancel,17799,,,1691416283
cancel,18075,,,1691416283
cancel,19999,,,1691416283
newOrder,17824,0,5461,1691416300
newOrder,18075,1,5461,1691416300
newOrder,12310,0,27177,1691416300
newOrder,24999,1,27177,1691416300
cancel,12310,,,1691416883
cancel,17824,,,1691416883
cancel,18075,,,1691416883
cancel,24999,,,1691416883
newOrder,17816,0,5464,1691416899
newOrder,18075,1,5464,1691416899
newOrder,15742,0,18775,1691416899
newOrder,24999,1,18775,1691416899
cancel,15742,,,1691417482
cancel,17816,,,1691417482
cancel,18075,,,1691417482
cancel,24999,,,1691417482
newOrder,17839,0,5460,1691417497
newOrder,18075,1,5460,1691417497
newOrder,12310,0,27629,1691417497
newOrder,24999,1,27629,1691417497
cancel,12310,,,1691418083
cancel,17839,,,1691418083
cancel,18075,,,1691418083
cancel,24999,,,1691418083
newOrder,17834,0,5462,1691418098
newOrder,18075,1,5462,1691418098
newOrder,12310,0,26561,1691418098
newOrder,24999,1,26561,1691418098
cancel,12310,,,1691418683
cancel,17834,,,1691418683
cancel,18075,,,1691418683
cancel,24999,,,1691418683
newOrder,17857,0,5458,1691418699
newOrder,18075,1,5458,1691418699
newOrder,15762,0,10050,1691418699
newOrder,24999,1,10050,1691418699
cancel,15762,,,1691419283
cancel,17857,,,1691419283
cancel,18075,,,1691419283
cancel,24999,,,1691419283
newOrder,17779,0,5473,1691419300
newOrder,18075,1,5473,1691419300
newOrder,15762,0,7958,1691419300
newOrder,24999,1,7958,1691419300
cancel,15762,,,1691419883
cancel,17779,,,1691419883
cancel,18075,,,1691419883
cancel,24999,,,1691419883
newOrder,17814,0,5468,1691419899
newOrder,18075,1,5468,1691419899
newOrder,15742,0,19574,1691419899
newOrder,24999,1,19574,1691419899
cancel,15742,,,1691420483
cancel,17814,,,1691420483
cancel,18075,,,1691420483
cancel,24999,,,1691420483
newOrder,17790,0,5473,1691420497
newOrder,18075,1,5473,1691420497
newOrder,14501,0,24170,1691420497
newOrder,24999,1,24170,1691420497
cancel,14501,,,1691421082
cancel,17790,,,1691421082
cancel,18075,,,1691421082
cancel,24999,,,1691421082
newOrder,17776,0,5476,1691421098
newOrder,18075,1,5476,1691421098
newOrder,15742,0,20892,1691421098
newOrder,24999,1,20892,1691421098
cancel,15742,,,1691421682
cancel,17776,,,1691421682
cancel,18075,,,1691421682
cancel,24999,,,1691421682
newOrder,17781,0,5476,1691421698
newOrder,18075,1,5476,1691421698
newOrder,15762,0,7751,1691421698
newOrder,24999,1,7751,1691421698
cancel,15762,,,1691422283
cancel,17781,,,1691422283
cancel,18075,,,1691422283
cancel,24999,,,1691422283
newOrder,17750,0,5482,1691422300
newOrder,18075,1,5482,1691422300
newOrder,15762,0,6924,1691422300
newOrder,24999,1,6924,1691422300
cancel,15762,,,1691422882
cancel,17750,,,1691422882
cancel,18075,,,1691422882
cancel,24999,,,1691422882
newOrder,17766,0,5480,1691422898
newOrder,18075,1,5480,1691422898
newOrder,15742,0,16333,1691422898
newOrder,24999,1,16333,1691422898
cancel,15742,,,1691423484
cancel,17766,,,1691423484
cancel,18075,,,1691423484
cancel,24999,,,1691423484
newOrder,17760,0,5482,1691423498
newOrder,18075,1,5482,1691423498
newOrder,15762,0,8711,1691423498
newOrder,24999,1,8711,1691423498
cancel,15762,,,1691424083
cancel,17760,,,1691424083
cancel,18075,,,1691424083
cancel,24999,,,1691424083
newOrder,17825,0,5472,1691424098
newOrder,18075,1,5472,1691424098
newOrder,15742,0,11068,1691424098
newOrder,24999,1,11068,1691424098
cancel,15742,,,1691424683
cancel,17825,,,1691424683
cancel,18075,,,1691424683
cancel,24999,,,1691424683
newOrder,17774,0,5482,1691424697
newOrder,18075,1,5482,1691424697
newOrder,15742,0,11916,1691424697
newOrder,24999,1,11916,1691424697
cancel,15742,,,1691425282
cancel,17774,,,1691425282
cancel,18075,,,1691425282
cancel,24999,,,1691425282
newOrder,17763,0,5484,1691425297
newOrder,18075,1,5484,1691425297
newOrder,12310,0,25649,1691425297
newOrder,24999,1,25649,1691425297
cancel,12310,,,1691425883
cancel,17763,,,1691425883
cancel,18075,,,1691425883
cancel,24999,,,1691425883
newOrder,17767,0,5484,1691425897
newOrder,18075,1,5484,1691425897
newOrder,15742,0,15271,1691425897
newOrder,24999,1,15271,1691425897
cancel,15742,,,1691426482
cancel,17767,,,1691426482
cancel,18075,,,1691426482
cancel,24999,,,1691426482
newOrder,17763,0,5486,1691426497
newOrder,18075,1,5486,1691426497
newOrder,15742,0,19474,1691426497
newOrder,24999,1,19474,1691426497
cancel,15742,,,1691427083
cancel,17763,,,1691427083
cancel,18075,,,1691427083
cancel,24999,,,1691427083
newOrder,17757,0,5488,1691427097
newOrder,18075,1,5488,1691427097
newOrder,15742,0,20200,1691427097
newOrder,24999,1,20200,1691427097
cancel,15742,,,1691427683
cancel,17757,,,1691427683
cancel,18075,,,1691427683
cancel,24999,,,1691427683
newOrder,17763,0,5487,1691427698
newOrder,18075,1,5487,1691427698
newOrder,15766,0,5050,1691427698
newOrder,19999,1,5050,1691427698
cancel,15766,,,1691428283
cancel,17763,,,1691428283
cancel,18075,,,1691428283
cancel,19999,,,1691428283
newOrder,17763,0,5488,1691428299
newOrder,18075,1,5488,1691428299
newOrder,15742,0,20108,1691428299
newOrder,24999,1,20108,1691428299
cancel,15742,,,1691428883
cancel,17763,,,1691428883
cancel,18075,,,1691428883
cancel,24999,,,1691428883
newOrder,17763,0,5489,1691428898
newOrder,18075,1,5489,1691428898
newOrder,15742,0,18392,1691428898
newOrder,24999,1,18392,1691428898
cancel,15742,,,1691429482
cancel,17763,,,1691429482
cancel,18075,,,1691429482
cancel,24999,,,1691429482
newOrder,17766,0,5489,1691429498
newOrder,18075,1,5489,1691429498
newOrder,15742,0,19568,1691429498
newOrder,24999,1,19568,1691429498
cancel,15742,,,1691430082
cancel,17766,,,1691430082
cancel,18075,,,1691430082
cancel,24999,,,1691430082
newOrder,17778,0,5488,1691430097
newOrder,18075,1,5488,1691430097
newOrder,15742,0,22195,1691430097
newOrder,24999,1,22195,1691430097
cancel,15742,,,1691430682
cancel,17778,,,1691430682
cancel,18075,,,1691430682
cancel,24999,,,1691430682
newOrder,17763,0,5491,1691430697
newOrder,18075,1,5491,1691430697
newOrder,15742,0,14722,1691430697
newOrder,24999,1,14722,1691430697
cancel,15742,,,1691431283
cancel,17763,,,1691431283
cancel,18075,,,1691431283
cancel,24999,,,1691431283
newOrder,17763,0,5492,1691431297
newOrder,18075,1,5492,1691431297
newOrder,15742,0,20190,1691431297
newOrder,24999,1,20190,1691431297
cancel,15742,,,1691431882
cancel,17763,,,1691431882
cancel,18075,,,1691431882
cancel,24999,,,1691431882
newOrder,17771,0,5492,1691431898
newOrder,18075,1,5492,1691431898
newOrder,15742,0,18287,1691431898
newOrder,24999,1,18287,1691431898
cancel,15742,,,1691432483
cancel,17771,,,1691432483
cancel,18075,,,1691432483
cancel,24999,,,1691432483
newOrder,17781,0,5491,1691432499
newOrder,18075,1,5491,1691432499
newOrder,15766,0,3645,1691432499
newOrder,19999,1,3645,1691432499
cancel,15766,,,1691433082
cancel,17781,,,1691433082
cancel,18075,,,1691433082
cancel,19999,,,1691433082
newOrder,17755,0,5496,1691433098
newOrder,18075,1,5496,1691433098
newOrder,15742,0,14826,1691433098
newOrder,24999,1,14826,1691433098
cancel,15742,,,1691433682
cancel,17755,,,1691433682
cancel,18075,,,1691433682
cancel,24999,,,1691433682
newOrder,17763,0,5495,1691433697
newOrder,18075,1,5495,1691433697
newOrder,12310,0,27669,1691433697
newOrder,24999,1,27669,1691433697
cancel,12310,,,1691434283
cancel,17763,,,1691434283
cancel,18075,,,1691434283
cancel,24999,,,1691434283
newOrder,17763,0,5496,1691434298
newOrder,18075,1,5496,1691434298
newOrder,15742,0,21855,1691434298
newOrder,24999,1,21855,1691434298
cancel,15742,,,1691434883
cancel,17763,,,1691434883
cancel,18075,,,1691434883
cancel,24999,,,1691434883
newOrder,17763,0,5497,1691434899
newOrder,18075,1,5497,1691434899
newOrder,12310,0,27550,1691434899
newOrder,24999,1,27550,1691434899
cancel,12310,,,1691435483
cancel,17763,,,1691435483
cancel,18075,,,1691435483
cancel,24999,,,1691435483
newOrder,17763,0,5498,1691435498
newOrder,18075,1,5498,1691435498
newOrder,15742,0,23639,1691435498
newOrder,24999,1,23639,1691435498
cancel,15742,,,1691436084
cancel,17763,,,1691436084
cancel,18075,,,1691436084
cancel,24999,,,1691436084
newOrder,17788,0,5494,1691436099
newOrder,18075,1,5494,1691436099
newOrder,15742,0,15285,1691436099
newOrder,24999,1,15285,1691436099
cancel,15742,,,1691436682
cancel,17788,,,1691436682
cancel,18075,,,1691436682
cancel,24999,,,1691436682
newOrder,17765,0,5499,1691436697
newOrder,18075,1,5499,1691436697
newOrder,15742,0,18590,1691436697
newOrder,24999,1,18590,1691436697
cancel,15742,,,1691437284
cancel,17765,,,1691437284
cancel,18075,,,1691437284
cancel,24999,,,1691437284
newOrder,17763,0,5500,1691437299
newOrder,18075,1,5500,1691437299
newOrder,15762,0,9758,1691437299
newOrder,24999,1,9758,1691437299
cancel,15762,,,1691437882
cancel,17763,,,1691437882
cancel,18075,,,1691437882
cancel,24999,,,1691437882
newOrder,17787,0,5497,1691437897
newOrder,18075,1,5497,1691437897
newOrder,15742,0,13099,1691437897
newOrder,24999,1,13099,1691437897
cancel,15742,,,1691438482
cancel,17787,,,1691438482
cancel,18075,,,1691438482
cancel,24999,,,1691438482
newOrder,17763,0,5502,1691438499
newOrder,18075,1,5502,1691438499
newOrder,15742,0,11218,1691438499
newOrder,24999,1,11218,1691438499
cancel,15742,,,1691439082
cancel,17763,,,1691439082
cancel,18075,,,1691439082
cancel,24999,,,1691439082
newOrder,17767,0,5502,1691439098
newOrder,18075,1,5502,1691439098
newOrder,15762,0,6058,1691439098
newOrder,19999,1,6058,1691439098
cancel,15762,,,1691439683
cancel,17767,,,1691439683
cancel,18075,,,1691439683
cancel,19999,,,1691439683
newOrder,17781,0,5500,1691439697
newOrder,18075,1,5500,1691439697
newOrder,12312,0,24460,1691439697
newOrder,24999,1,24460,1691439697
cancel,12312,,,1691440283
cancel,17781,,,1691440283
cancel,18075,,,1691440283
cancel,24999,,,1691440283
newOrder,17782,0,5501,1691440298
newOrder,18075,1,5501,1691440298
newOrder,12310,0,26367,1691440298
newOrder,24999,1,26367,1691440298
cancel,12310,,,1691440882
cancel,17782,,,1691440882
cancel,18075,,,1691440882
cancel,24999,,,1691440882
newOrder,17789,0,5501,1691440898
newOrder,18075,1,5501,1691440898
newOrder,15762,0,9084,1691440898
newOrder,24999,1,9084,1691440898
cancel,15762,,,1691441483
cancel,17789,,,1691441483
cancel,18075,,,1691441483
cancel,24999,,,1691441483
newOrder,17793,0,5501,1691441498
newOrder,18075,1,5501,1691441498
newOrder,15742,0,12886,1691441498
newOrder,24999,1,12886,1691441498
cancel,15742,,,1691442082
cancel,17793,,,1691442082
cancel,18075,,,1691442082
cancel,24999,,,1691442082
newOrder,17774,0,5505,1691442098
newOrder,18075,1,5505,1691442098
newOrder,15762,0,6083,1691442098
newOrder,21899,1,6083,1691442098
cancel,15762,,,1691442682
cancel,17774,,,1691442682
cancel,18075,,,1691442682
cancel,21899,,,1691442682
newOrder,17801,0,5501,1691442698
newOrder,18075,1,5501,1691442698
newOrder,15742,0,20765,1691442698
newOrder,24999,1,20765,1691442698
cancel,15742,,,1691443282
cancel,17801,,,1691443282
cancel,18075,,,1691443282
cancel,24999,,,1691443282
newOrder,17775,0,5506,1691443298
newOrder,18075,1,5506,1691443298
newOrder,12311,0,25014,1691443298
newOrder,24999,1,25014,1691443298
cancel,12311,,,1691443882
cancel,17775,,,1691443882
cancel,18075,,,1691443882
cancel,24999,,,1691443882
newOrder,17775,0,5507,1691443898
newOrder,18075,1,5507,1691443898
newOrder,15742,0,18451,1691443898
newOrder,24999,1,18451,1691443898
cancel,15742,,,1691444482
cancel,17775,,,1691444482
cancel,18075,,,1691444482
cancel,24999,,,1691444482
newOrder,17803,0,5503,1691444498
newOrder,18075,1,5503,1691444498
newOrder,15742,0,21621,1691444498
newOrder,24999,1,21621,1691444498
cancel,15742,,,1691445082
cancel,17803,,,1691445082
cancel,18075,,,1691445082
cancel,24999,,,1691445082
newOrder,17766,0,5510,1691445097
newOrder,18075,1,5510,1691445097
newOrder,15742,0,14601,1691445097
newOrder,24999,1,14601,1691445097
cancel,15742,,,1691445683
cancel,17766,,,1691445683
cancel,18075,,,1691445683
cancel,24999,,,1691445683
newOrder,17779,0,5509,1691445698
newOrder,18075,1,5509,1691445698
newOrder,15742,0,17811,1691445698
newOrder,24999,1,17811,1691445698
cancel,15742,,,1691446282
cancel,17779,,,1691446282
cancel,18075,,,1691446282
cancel,24999,,,1691446282
newOrder,17785,0,5508,1691446297
newOrder,18075,1,5508,1691446297
newOrder,12310,0,26599,1691446297
newOrder,24999,1,26599,1691446297
cancel,12310,,,1691446882
cancel,17785,,,1691446882
cancel,18075,,,1691446882
cancel,24999,,,1691446882
newOrder,17781,0,5510,1691446897
newOrder,18075,1,5510,1691446897
newOrder,12310,0,28143,1691446897
newOrder,24999,1,28143,1691446897
cancel,12310,,,1691447483
cancel,17781,,,1691447483
cancel,18075,,,1691447483
cancel,24999,,,1691447483
newOrder,17793,0,5509,1691447498
newOrder,18075,1,5509,1691447498
newOrder,12310,0,29025,1691447498
newOrder,24999,1,29025,1691447498
cancel,12310,,,1691448082
cancel,17793,,,1691448082
cancel,18075,,,1691448082
cancel,24999,,,1691448082
newOrder,17798,0,5509,1691448097
newOrder,18075,1,5509,1691448097
newOrder,15762,0,10432,1691448097
newOrder,24999,1,10432,1691448097
cancel,15762,,,1691448682
cancel,17798,,,1691448682
cancel,18075,,,1691448682
cancel,24999,,,1691448682
newOrder,17803,0,5509,1691448698
newOrder,18075,1,5509,1691448698
newOrder,15742,0,12947,1691448698
newOrder,24999,1,12947,1691448698
cancel,15742,,,1691449282
cancel,17803,,,1691449282
cancel,18075,,,1691449282
cancel,24999,,,1691449282
newOrder,17767,0,5516,1691449298
newOrder,18075,1,5516,1691449298
newOrder,15762,0,9793,1691449298
newOrder,24999,1,9793,1691449298
cancel,15762,,,1691449882
cancel,17767,,,1691449882
cancel,18075,,,1691449882
cancel,24999,,,1691449882
newOrder,17765,0,5517,1691449897
newOrder,18075,1,5517,1691449897
newOrder,15762,0,8714,1691449897
newOrder,24999,1,8714,1691449897
cancel,15762,,,1691450482
cancel,17765,,,1691450482
cancel,18075,,,1691450482
cancel,24999,,,1691450482
newOrder,17785,0,5514,1691450497
newOrder,18075,1,5514,1691450497
newOrder,15762,0,6590,1691450497
newOrder,24999,1,6590,1691450497
cancel,15762,,,1691451082
cancel,17785,,,1691451082
cancel,18075,,,1691451082
cancel,24999,,,1691451082
newOrder,17785,0,5515,1691451097
newOrder,18075,1,5515,1691451097
newOrder,15742,0,16994,1691451097
newOrder,24999,1,16994,1691451097
cancel,15742,,,1691451682
cancel,17785,,,1691451682
cancel,18075,,,1691451682
cancel,24999,,,1691451682
newOrder,17790,0,5515,1691451697
newOrder,18075,1,5515,1691451697
newOrder,15742,0,14160,1691451697
newOrder,24999,1,14160,1691451697
cancel,15742,,,1691452282
cancel,17790,,,1691452282
cancel,18075,,,1691452282
cancel,24999,,,1691452282
newOrder,17768,0,5520,1691452298
newOrder,18075,1,5520,1691452298
newOrder,12310,0,27511,1691452298
newOrder,24999,1,27511,1691452298
cancel,12310,,,1691452882
cancel,17768,,,1691452882
cancel,18075,,,1691452882
cancel,24999,,,1691452882
newOrder,17792,0,5516,1691452897
newOrder,18075,1,5516,1691452897
newOrder,15742,0,20787,1691452897
newOrder,24999,1,20787,1691452897
cancel,15742,,,1691453483
cancel,17792,,,1691453483
cancel,18075,,,1691453483
cancel,24999,,,1691453483
newOrder,17809,0,5514,1691453497
newOrder,18075,1,5514,1691453497
newOrder,12310,0,29052,1691453497
newOrder,24999,1,29052,1691453497
cancel,12310,,,1691454083
cancel,17809,,,1691454083
cancel,18075,,,1691454083
cancel,24999,,,1691454083
newOrder,17773,0,5521,1691454097
newOrder,18075,1,5521,1691454097
newOrder,15742,0,11260,1691454097
newOrder,24999,1,11260,1691454097
cancel,15742,,,1691454682
cancel,17773,,,1691454682
cancel,18075,,,1691454682
cancel,24999,,,1691454682
newOrder,17820,0,5513,1691454698
newOrder,18075,1,5513,1691454698
newOrder,15762,0,7611,1691454698
newOrder,24999,1,7611,1691454698
cancel,15762,,,1691455283
cancel,17820,,,1691455283
cancel,18075,,,1691455283
cancel,24999,,,1691455283
newOrder,17812,0,5516,1691455298
newOrder,18075,1,5516,1691455298
newOrder,15762,0,8994,1691455298
newOrder,24999,1,8994,1691455298
cancel,15762,,,1691455882
cancel,17812,,,1691455882
cancel,18075,,,1691455882
cancel,24999,,,1691455882
newOrder,17803,0,5518,1691455898
newOrder,18075,1,5518,1691455898
newOrder,15766,0,4736,1691455898
newOrder,19999,1,4736,1691455898
cancel,15766,,,1691456482
cancel,17803,,,1691456482
cancel,18075,,,1691456482
cancel,19999,,,1691456482
newOrder,17795,0,5521,1691456497
newOrder,18075,1,5521,1691456497
newOrder,15742,0,18631,1691456497
newOrder,24999,1,18631,1691456497
cancel,15742,,,1691457082
cancel,17795,,,1691457082
cancel,18075,,,1691457082
cancel,24999,,,1691457082
newOrder,17815,0,5518,1691457098
newOrder,18075,1,5518,1691457098
newOrder,15766,0,4702,1691457098
newOrder,19999,1,4702,1691457098
cancel,15766,,,1691457683
cancel,17815,,,1691457683
cancel,18075,,,1691457683
cancel,19999,,,1691457683
newOrder,17795,0,5522,1691457700
newOrder,18075,1,5522,1691457700
newOrder,15742,0,17598,1691457700
newOrder,24999,1,17598,1691457700
cancel,15742,,,1691458283
cancel,17795,,,1691458283
cancel,18075,,,1691458283
cancel,24999,,,1691458283
newOrder,17772,0,5527,1691458298
newOrder,18075,1,5527,1691458298
newOrder,12312,0,24495,1691458298
newOrder,24999,1,24495,1691458298
cancel,12312,,,1691458883
cancel,17772,,,1691458883
cancel,18075,,,1691458883
cancel,24999,,,1691458883
newOrder,17795,0,5524,1691458898
newOrder,18075,1,5524,1691458898
newOrder,15742,0,24106,1691458898
newOrder,24999,1,24106,1691458898
cancel,15742,,,1691459482
cancel,17795,,,1691459482
cancel,18075,,,1691459482
cancel,24999,,,1691459482
newOrder,17806,0,5523,1691459498
newOrder,18075,1,5523,1691459498
newOrder,12310,0,27076,1691459498
newOrder,24999,1,27076,1691459498
cancel,12310,,,1691460082
cancel,17806,,,1691460082
cancel,18075,,,1691460082
cancel,24999,,,1691460082
newOrder,17808,0,5523,1691460099
newOrder,18075,1,5523,1691460099
newOrder,15762,0,10529,1691460099
newOrder,24999,1,10529,1691460099
cancel,15762,,,1691460683
cancel,17808,,,1691460683
cancel,18075,,,1691460683
cancel,24999,,,1691460683
newOrder,17808,0,5524,1691460699
newOrder,18075,1,5524,1691460699
newOrder,12310,0,25501,1691460699
newOrder,24999,1,25501,1691460699
cancel,12310,,,1691461283
cancel,17808,,,1691461283
cancel,18075,,,1691461283
cancel,24999,,,1691461283
newOrder,17825,0,5521,1691461299
newOrder,18075,1,5521,1691461299
newOrder,15742,0,19654,1691461299
newOrder,24999,1,19654,1691461299
cancel,15742,,,1691461882
cancel,17825,,,1691461882
cancel,18075,,,1691461882
cancel,24999,,,1691461882
newOrder,17796,0,5528,1691461897
newOrder,18075,1,5528,1691461897
newOrder,15742,0,12693,1691461897
newOrder,24999,1,12693,1691461897
cancel,15742,,,1691462483
cancel,17796,,,1691462483
cancel,18075,,,1691462483
cancel,24999,,,1691462483
newOrder,17828,0,5523,1691462498
newOrder,18075,1,5523,1691462498
newOrder,15742,0,13565,1691462498
newOrder,24999,1,13565,1691462498
cancel,15742,,,1691463082
cancel,17828,,,1691463082
cancel,18075,,,1691463082
cancel,24999,,,1691463082
newOrder,17828,0,5523,1691463097
newOrder,18075,1,5523,1691463097
newOrder,12310,0,28268,1691463097
newOrder,24999,1,28268,1691463097
cancel,12310,,,1691463682
cancel,17828,,,1691463682
cancel,18075,,,1691463682
cancel,24999,,,1691463682
newOrder,17853,0,5519,1691463698
newOrder,18075,1,5519,1691463698
newOrder,15762,0,9546,1691463698
newOrder,24999,1,9546,1691463698
cancel,15762,,,1691464282
cancel,17853,,,1691464282
cancel,18075,,,1691464282
cancel,24999,,,1691464282
newOrder,17870,0,5517,1691464299
newOrder,18075,1,5517,1691464299
newOrder,12310,0,29293,1691464299
newOrder,24999,1,29293,1691464299
cancel,12310,,,1691464883
cancel,17870,,,1691464883
cancel,18075,,,1691464883
cancel,24999,,,1691464883
newOrder,17825,0,5526,1691464898
newOrder,18075,1,5526,1691464898
newOrder,12310,0,26241,1691464898
newOrder,24999,1,26241,1691464898
cancel,12310,,,1691465483
cancel,17825,,,1691465483
cancel,18075,,,1691465483
cancel,24999,,,1691465483
newOrder,17834,0,5525,1691465498
newOrder,18075,1,5525,1691465498
newOrder,15762,0,7612,1691465498
newOrder,24999,1,7612,1691465498
cancel,15762,,,1691466086
cancel,17834,,,1691466086
cancel,18075,,,1691466086
cancel,24999,,,1691466086
newOrder,17839,0,5525,1691466101
newOrder,18075,1,5525,1691466101
newOrder,15766,0,4974,1691466101
newOrder,19999,1,4974,1691466101
cancel,15766,,,1691466682
cancel,17839,,,1691466682
cancel,18075,,,1691466682
cancel,19999,,,1691466682
newOrder,17839,0,5526,1691466700
newOrder,18075,1,5526,1691466700
newOrder,15762,0,10194,1691466700
newOrder,24999,1,10194,1691466700
cancel,15762,,,1691467284
cancel,17839,,,1691467284
cancel,18075,,,1691467284
cancel,24999,,,1691467284
newOrder,17839,0,5527,1691467299
newOrder,18075,1,5527,1691467299
newOrder,12312,0,24508,1691467299
newOrder,24999,1,24508,1691467299
cancel,12312,,,1691467883
cancel,17839,,,1691467883
cancel,18075,,,1691467883
cancel,24999,,,1691467883
newOrder,17808,0,5534,1691467897
newOrder,18075,1,5534,1691467897
newOrder,15742,0,12566,1691467897
newOrder,24999,1,12566,1691467897
cancel,15742,,,1691468482
cancel,17808,,,1691468482
cancel,18075,,,1691468482
cancel,24999,,,1691468482
newOrder,17817,0,5533,1691468497
newOrder,18075,1,5533,1691468497
newOrder,15762,0,6875,1691468497
newOrder,24999,1,6875,1691468497
cancel,15762,,,1691469083
cancel,17817,,,1691469083
cancel,18075,,,1691469083
cancel,24999,,,1691469083
newOrder,17833,0,5531,1691469097
newOrder,18075,1,5531,1691469097
newOrder,15742,0,10945,1691469097
newOrder,24999,1,10945,1691469097
cancel,15742,,,1691469683
cancel,17833,,,1691469683
cancel,18075,,,1691469683
cancel,24999,,,1691469683
newOrder,17795,0,5538,1691469697
newOrder,18075,1,5538,1691469697
newOrder,15742,0,22218,1691469697
newOrder,24999,1,22218,1691469697
cancel,15742,,,1691470282
cancel,17795,,,1691470282
cancel,18075,,,1691470282
cancel,24999,,,1691470282
newOrder,17818,0,5535,1691470297
newOrder,18075,1,5535,1691470297
newOrder,15742,0,13645,1691470297
newOrder,24999,1,13645,1691470297
cancel,15742,,,1691470882
cancel,17818,,,1691470882
cancel,18075,,,1691470882
cancel,24999,,,1691470882
newOrder,17837,0,5532,1691470898
newOrder,18075,1,5532,1691470898
newOrder,12310,0,26842,1691470898
newOrder,24999,1,26842,1691470898
cancel,12310,,,1691471483
cancel,17837,,,1691471483
cancel,18075,,,1691471483
cancel,24999,,,1691471483
newOrder,17781,0,5543,1691471498
newOrder,18075,1,5543,1691471498
newOrder,15742,0,23577,1691471498
newOrder,24999,1,23577,1691471498
cancel,15742,,,1691472083
cancel,17781,,,1691472083
cancel,18075,,,1691472083
cancel,24999,,,1691472083
newOrder,17785,0,5544,1691472100
newOrder,18075,1,5544,1691472100
newOrder,15742,0,12510,1691472100
newOrder,24999,1,12510,1691472100
cancel,15742,,,1691472684
cancel,17785,,,1691472684
cancel,18075,,,1691472684
cancel,24999,,,1691472684
newOrder,17798,0,5542,1691472700
newOrder,18075,1,5542,1691472700
newOrder,12310,0,29706,1691472700
newOrder,24999,1,29706,1691472700
cancel,12310,,,1691473282
cancel,17798,,,1691473282
cancel,18075,,,1691473282
cancel,24999,,,1691473282
newOrder,17798,0,5543,1691473297
newOrder,18075,1,5543,1691473297
newOrder,15742,0,20476,1691473297
newOrder,24999,1,20476,1691473297
cancel,15742,,,1691473882
cancel,17798,,,1691473882
cancel,18075,,,1691473882
cancel,24999,,,1691473882
newOrder,17745,0,5553,1691473897
newOrder,18075,1,5553,1691473897
newOrder,12310,0,26849,1691473897
newOrder,24999,1,26849,1691473897
cancel,12310,,,1691474483
cancel,17745,,,1691474483
cancel,18075,,,1691474483
cancel,24999,,,1691474483
newOrder,17791,0,5546,1691474498
newOrder,18075,1,5546,1691474498
newOrder,15742,0,21198,1691474498
newOrder,24999,1,21198,1691474498
cancel,15742,,,1691475083
cancel,17791,,,1691475083
cancel,18075,,,1691475083
cancel,24999,,,1691475083
newOrder,17771,0,5550,1691475098
newOrder,18075,1,5550,1691475098
newOrder,15766,0,5562,1691475098
newOrder,19999,1,5562,1691475098
cancel,15766,,,1691475682
cancel,17771,,,1691475682
cancel,18075,,,1691475682
cancel,19999,,,1691475682
newOrder,17784,0,5549,1691475698
newOrder,18075,1,5549,1691475698
newOrder,12310,0,26290,1691475698
newOrder,24999,1,26290,1691475698
cancel,12310,,,1691476282
cancel,17784,,,1691476282
cancel,18075,,,1691476282
cancel,24999,,,1691476282
newOrder,17818,0,5543,1691476298
newOrder,18075,1,5543,1691476298
newOrder,12310,0,25762,1691476298
newOrder,24999,1,25762,1691476298
cancel,12310,,,1691476883
cancel,17818,,,1691476883
cancel,18075,,,1691476883
cancel,24999,,,1691476883
newOrder,17778,0,5551,1691476898
newOrder,18075,1,5551,1691476898
newOrder,15742,0,20466,1691476898
newOrder,24999,1,20466,1691476898
cancel,15742,,,1691477482
cancel,17778,,,1691477482
cancel,18075,,,1691477482
cancel,24999,,,1691477482
newOrder,17783,0,5551,1691477497
newOrder,18075,1,5551,1691477497
newOrder,15742,0,18907,1691477497
newOrder,24999,1,18907,1691477497
cancel,15742,,,1691478082
cancel,17783,,,1691478082
cancel,18075,,,1691478082
cancel,24999,,,1691478082
newOrder,17798,0,5550,1691478099
newOrder,18075,1,5550,1691478099
newOrder,12312,0,24555,1691478099
newOrder,24999,1,24555,1691478099
cancel,12312,,,1691478682
cancel,17798,,,1691478682
cancel,18075,,,1691478682
cancel,24999,,,1691478682
newOrder,17777,0,5554,1691478697
newOrder,18075,1,5554,1691478697
newOrder,12310,0,29498,1691478697
newOrder,24999,1,29498,1691478697
cancel,12310,,,1691479283
cancel,17777,,,1691479283
cancel,18075,,,1691479283
cancel,24999,,,1691479283
newOrder,17788,0,5553,1691479297
newOrder,18075,1,5553,1691479297
newOrder,15742,0,22019,1691479297
newOrder,24999,1,22019,1691479297
cancel,15742,,,1691479882
cancel,17788,,,1691479882
cancel,18075,,,1691479882
cancel,24999,,,1691479882
newOrder,17800,0,5552,1691479897
newOrder,18075,1,5552,1691479897
newOrder,14501,0,24368,1691479897
newOrder,24999,1,24368,1691479897
cancel,14501,,,1691480482
cancel,17800,,,1691480482
cancel,18075,,,1691480482
cancel,24999,,,1691480482
newOrder,17776,0,5557,1691480499
newOrder,18075,1,5557,1691480499
newOrder,15766,0,4145,1691480499
newOrder,19999,1,4145,1691480499
cancel,15766,,,1691481082
cancel,17776,,,1691481082
cancel,18075,,,1691481082
cancel,19999,,,1691481082
newOrder,17800,0,5553,1691481098
newOrder,18075,1,5553,1691481098
newOrder,15742,0,14372,1691481098
newOrder,24999,1,14372,1691481098
cancel,15742,,,1691481682
cancel,17800,,,1691481682
cancel,18075,,,1691481682
cancel,24999,,,1691481682
newOrder,17781,0,5557,1691481697
newOrder,18075,1,5557,1691481697
newOrder,12310,0,26733,1691481697
newOrder,24999,1,26733,1691481697
cancel,12310,,,1691482282
cancel,17781,,,1691482282
cancel,18075,,,1691482282
cancel,24999,,,1691482282
newOrder,17781,0,5558,1691482299
newOrder,18075,1,5558,1691482299
newOrder,15742,0,15835,1691482299
newOrder,24999,1,15835,1691482299
cancel,15742,,,1691482883
cancel,17781,,,1691482883
cancel,18075,,,1691482883
cancel,24999,,,1691482883
newOrder,17799,0,5556,1691482897
newOrder,18075,1,5556,1691482897
newOrder,15742,0,20568,1691482897
newOrder,24999,1,20568,1691482897
cancel,15742,,,1691483482
cancel,17799,,,1691483482
cancel,18075,,,1691483482
cancel,24999,,,1691483482
newOrder,17806,0,5556,1691483498
newOrder,18075,1,5556,1691483498
newOrder,15742,0,11817,1691483498
newOrder,24999,1,11817,1691483498
cancel,15742,,,1691484083
cancel,17806,,,1691484083
cancel,18075,,,1691484083
cancel,24999,,,1691484083
newOrder,17781,0,5561,1691484098
newOrder,18075,1,5561,1691484098
newOrder,15762,0,9528,1691484098
newOrder,24999,1,9528,1691484098
cancel,15762,,,1691484682
cancel,17781,,,1691484682
cancel,18075,,,1691484682
cancel,24999,,,1691484682
newOrder,17783,0,5561,1691484698
newOrder,18075,1,5561,1691484698
newOrder,15742,0,16974,1691484698
newOrder,24999,1,16974,1691484698
cancel,15742,,,1691485282
cancel,17783,,,1691485282
cancel,18075,,,1691485282
cancel,24999,,,1691485282
newOrder,17757,0,5567,1691485299
newOrder,18075,1,5567,1691485299
newOrder,15762,0,8171,1691485299
newOrder,24999,1,8171,1691485299
cancel,15762,,,1691485882
cancel,17757,,,1691485882
cancel,18075,,,1691485882
cancel,24999,,,1691485882
newOrder,17792,0,5561,1691485897
newOrder,18075,1,5561,1691485897
newOrder,15762,0,9863,1691485897
newOrder,24999,1,9863,1691485897
cancel,15762,,,1691486482
cancel,17792,,,1691486482
cancel,18075,,,1691486482
cancel,24999,,,1691486482
newOrder,17768,0,5566,1691486497
newOrder,18075,1,5566,1691486497
newOrder,15742,0,23042,1691486497
newOrder,24999,1,23042,1691486497
cancel,15742,,,1691487082
cancel,17768,,,1691487082
cancel,18075,,,1691487082
cancel,24999,,,1691487082
newOrder,17794,0,5563,1691487097
newOrder,18075,1,5563,1691487097
newOrder,15742,0,24153,1691487097
newOrder,24999,1,24153,1691487097
cancel,15742,,,1691487683
cancel,17794,,,1691487683
cancel,18075,,,1691487683
cancel,24999,,,1691487683
newOrder,17742,0,5572,1691487698
newOrder,18075,1,5572,1691487698
newOrder,15742,0,19173,1691487698
newOrder,24999,1,19173,1691487698
cancel,15742,,,1691488282
cancel,17742,,,1691488282
cancel,18075,,,1691488282
cancel,24999,,,1691488282
newOrder,17765,0,5569,1691488297
newOrder,18075,1,5569,1691488297
newOrder,15762,0,8060,1691488297
newOrder,24999,1,8060,1691488297
cancel,15762,,,1691488883
cancel,17765,,,1691488883
cancel,18075,,,1691488883
cancel,24999,,,1691488883
newOrder,17798,0,5564,1691488898
newOrder,18075,1,5564,1691488898
newOrder,15762,0,8848,1691488898
newOrder,24999,1,8848,1691488898
cancel,15762,,,1691489482
cancel,17798,,,1691489482
cancel,18075,,,1691489482
cancel,24999,,,1691489482
newOrder,17771,0,5570,1691489498
newOrder,18075,1,5570,1691489498
newOrder,15762,0,10661,1691489498
newOrder,24999,1,10661,1691489498
cancel,15762,,,1691490082
cancel,17771,,,1691490082
cancel,18075,,,1691490082
cancel,24999,,,1691490082
newOrder,17788,0,5568,1691490097
newOrder,18075,1,5568,1691490097
newOrder,15742,0,16227,1691490097
newOrder,24999,1,16227,1691490097
cancel,15742,,,1691490683
cancel,17788,,,1691490683
cancel,18075,,,1691490683
cancel,24999,,,1691490683
newOrder,17798,0,5567,1691490698
newOrder,18075,1,5567,1691490698
newOrder,15742,0,12309,1691490698
newOrder,24999,1,12309,1691490698
cancel,15742,,,1691491283
cancel,17798,,,1691491283
cancel,18075,,,1691491283
cancel,24999,,,1691491283
newOrder,17753,0,5575,1691491298
newOrder,18075,1,5575,1691491298
newOrder,15742,0,11291,1691491298
newOrder,24999,1,11291,1691491298
cancel,15742,,,1691491883
cancel,17753,,,1691491883
cancel,18075,,,1691491883
cancel,24999,,,1691491883
newOrder,17765,0,5574,1691491899
newOrder,18075,1,5574,1691491899
newOrder,15762,0,7686,1691491899
newOrder,24999,1,7686,1691491899
cancel,15762,,,1691492483
cancel,17765,,,1691492483
cancel,18075,,,1691492483
cancel,24999,,,1691492483
newOrder,17798,0,5569,1691492499
newOrder,18075,1,5569,1691492499
newOrder,15762,0,7165,1691492499
newOrder,24999,1,7165,1691492499
cancel,15762,,,1691493083
cancel,17798,,,1691493083
cancel,18075,,,1691493083
cancel,24999,,,1691493083
newOrder,17753,0,5578,1691493097
newOrder,18075,1,5578,1691493097
newOrder,12311,0,24934,1691493097
newOrder,24999,1,24934,1691493097
cancel,12311,,,1691493683
cancel,17753,,,1691493683
cancel,18075,,,1691493683
cancel,24999,,,1691493683
newOrder,17741,0,5581,1691493698
newOrder,18075,1,5581,1691493698
newOrder,15762,0,8140,1691493698
newOrder,24999,1,8140,1691493698
cancel,15762,,,1691494282
cancel,17741,,,1691494282
cancel,18075,,,1691494282
cancel,24999,,,1691494282
newOrder,17759,0,5579,1691494297
newOrder,18075,1,5579,1691494297
newOrder,15742,0,15063,1691494297
newOrder,24999,1,15063,1691494297
cancel,15742,,,1691494882
cancel,17759,,,1691494882
cancel,18075,,,1691494882
cancel,24999,,,1691494882
newOrder,17781,0,5576,1691494897
newOrder,18075,1,5576,1691494897
newOrder,15742,0,23826,1691494897
newOrder,24999,1,23826,1691494897
cancel,15742,,,1691495482
cancel,17781,,,1691495482
cancel,18075,,,1691495482
cancel,24999,,,1691495482
newOrder,17740,0,5584,1691495498
newOrder,18075,1,5584,1691495498
newOrder,15742,0,19750,1691495498
newOrder,24999,1,19750,1691495498
cancel,15742,,,1691496082
cancel,17740,,,1691496082
cancel,18075,,,1691496082
cancel,24999,,,1691496082
newOrder,17804,0,5573,1691496097
newOrder,18075,1,5573,1691496097
newOrder,15742,0,18383,1691496097
newOrder,24999,1,18383,1691496097