instruction,price,side,qty,time
cancel,11145,,,1682338590
cancel,18575,,,1682338590
cancel,19066,,,1682338590
cancel,24999,,,1682338590
newOrder,18575,0,13519,1682338619
newOrder,19066,1,13519,1682338619
newOrder,11145,0,72910,1682338619
newOrder,24999,1,72910,1682338619
cancel,11145,,,1682339190
cancel,18575,,,1682339190
cancel,19066,,,1682339190
cancel,24999,,,1682339190
newOrder,18575,0,13523,1682339221
newOrder,19066,1,13523,1682339221
newOrder,12001,0,57985,1682339221
newOrder,24999,1,57985,1682339221
cancel,12001,,,1682339791
cancel,18575,,,1682339791
cancel,19066,,,1682339791
cancel,24999,,,1682339791
newOrder,18575,0,13527,1682339822
newOrder,19066,1,13527,1682339822
newOrder,12107,0,47501,1682339822
newOrder,24999,1,47501,1682339822
cancel,12107,,,1682340390
cancel,18575,,,1682340390
cancel,19066,,,1682340390
cancel,24999,,,1682340390
newOrder,18575,0,13532,1682340422
newOrder,19066,1,13532,1682340422
newOrder,12001,0,55801,1682340422
newOrder,24999,1,55801,1682340422
cancel,12001,,,1682340990
cancel,18575,,,1682340990
cancel,19066,,,1682340990
cancel,24999,,,1682340990
newOrder,18575,0,13536,1682341021
newOrder,19066,1,13536,1682341021
newOrder,11145,0,60766,1682341021
newOrder,24999,1,60766,1682341021
cancel,11145,,,1682341590
cancel,18575,,,1682341590
cancel,19066,,,1682341590
cancel,24999,,,1682341590
newOrder,18564,0,13557,1682341620
newOrder,19066,1,13557,1682341620
newOrder,15108,0,15135,1682341620
newOrder,24499,1,15135,1682341620
cancel,15108,,,1682342190
cancel,18564,,,1682342190
cancel,19066,,,1682342190
cancel,24499,,,1682342190
newOrder,18564,0,13561,1682342220
newOrder,19066,1,13561,1682342220
newOrder,18154,0,12128,1682342220
cancel,18154,,,1682342791
cancel,18564,,,1682342791
cancel,19066,,,1682342791
newOrder,18564,0,13565,1682342821
newOrder,19066,1,13565,1682342821
newOrder,12101,0,50318,1682342821
newOrder,24999,1,50318,1682342821
cancel,12101,,,1682343390
cancel,18564,,,1682343390
cancel,19066,,,1682343390
cancel,24999,,,1682343390
newOrder,18564,0,13569,1682343420
newOrder,19066,1,13569,1682343420
newOrder,12107,0,41872,1682343420
newOrder,24999,1,41872,1682343420
cancel,12107,,,1682343990
cancel,18564,,,1682343990
cancel,19066,,,1682343990
cancel,24999,,,1682343990
newOrder,18564,0,13573,1682344020
newOrder,19066,1,13573,1682344020
newOrder,12107,0,31433,1682344020
newOrder,24999,1,31433,1682344020
cancel,12107,,,1682344590
cancel,18564,,,1682344590
cancel,19066,,,1682344590
cancel,24999,,,1682344590
newOrder,18564,0,13578,1682344620
newOrder,19066,1,13578,1682344620
newOrder,11138,0,67633,1682344620
newOrder,24999,1,67633,1682344620
cancel,11138,,,1682345191
cancel,18564,,,1682345191
cancel,19066,,,1682345191
cancel,24999,,,1682345191
newOrder,18564,0,13582,1682345222
newOrder,19066,1,13582,1682345222
newOrder,12107,0,45072,1682345222
newOrder,24999,1,45072,1682345222
cancel,12107,,,1682345790
cancel,18564,,,1682345790
cancel,19066,,,1682345790
cancel,24999,,,1682345790
newOrder,18564,0,13586,1682345819
newOrder,19066,1,13586,1682345819
newOrder,12107,0,24377,1682345819
newOrder,24999,1,24377,1682345819
cancel,12107,,,1682346391
cancel,18564,,,1682346391
cancel,19066,,,1682346391
cancel,24999,,,1682346391
newOrder,18564,0,13590,1682346423
newOrder,19066,1,13590,1682346423
newOrder,15108,0,20117,1682346423
newOrder,24999,1,20117,1682346423
cancel,15108,,,1682346991
cancel,18564,,,1682346991
cancel,19066,,,1682346991
cancel,24999,,,1682346991
newOrder,18564,0,13595,1682347021
newOrder,19066,1,13595,1682347021
newOrder,18154,0,9650,1682347021
cancel,18154,,,1682347590
cancel,18564,,,1682347590
cancel,19066,,,1682347590
newOrder,18564,0,13599,1682347619
newOrder,19066,1,13599,1682347619
newOrder,18154,0,13722,1682347619
cancel,18154,,,1682348190
cancel,18564,,,1682348190
cancel,19066,,,1682348190
newOrder,18564,0,13603,1682348222
newOrder,19066,1,13603,1682348222
newOrder,12101,0,48867,1682348222
newOrder,24999,1,48867,1682348222
cancel,12101,,,1682348790
cancel,18564,,,1682348790
cancel,19066,,,1682348790
cancel,24999,,,1682348790
newOrder,18564,0,13607,1682348818
newOrder,19066,1,13607,1682348818
newOrder,18154,0,13921,1682348818
cancel,18154,,,1682349390
cancel,18564,,,1682349390
cancel,19066,,,1682349390
newOrder,18564,0,13612,1682349421
newOrder,19066,1,13612,1682349421
newOrder,11893,0,60606,1682349421
newOrder,24999,1,60606,1682349421
cancel,11893,,,1682349990
cancel,18564,,,1682349990
cancel,19066,,,1682349990
cancel,24999,,,1682349990
newOrder,18564,0,13616,1682350020
newOrder,19066,1,13616,1682350020
newOrder,15108,0,19014,1682350020
newOrder,24999,1,19014,1682350020
cancel,15108,,,1682350590
cancel,18564,,,1682350590
cancel,19066,,,1682350590
cancel,24999,,,1682350590
newOrder,18564,0,13620,1682350621
newOrder,19066,1,13620,1682350621
newOrder,12107,0,40477,1682350621
newOrder,24999,1,40477,1682350621
cancel,12107,,,1682351190
cancel,18564,,,1682351190
cancel,19066,,,1682351190
cancel,24999,,,1682351190
newOrder,18564,0,13624,1682351220
newOrder,19066,1,13624,1682351220
newOrder,12003,0,53161,1682351220
newOrder,24999,1,53161,1682351220
cancel,12003,,,1682351791
cancel,18564,,,1682351791
cancel,19066,,,1682351791
cancel,24999,,,1682351791
newOrder,18564,0,13629,1682351822
newOrder,19066,1,13629,1682351822
newOrder,12003,0,53585,1682351822
newOrder,24999,1,53585,1682351822
cancel,12003,,,1682352390
cancel,18564,,,1682352390
cancel,19066,,,1682352390
cancel,24999,,,1682352390
newOrder,18779,0,13251,1682352420
newOrder,19066,1,13251,1682352420
newOrder,12107,0,37656,1682352420
newOrder,24999,1,37656,1682352420
cancel,12107,,,1682352990
cancel,18779,,,1682352990
cancel,19066,,,1682352990
cancel,24999,,,1682352990
newOrder,18834,0,13144,1682353022
newOrder,19066,1,13144,1682353022
newOrder,12107,0,30197,1682353022
newOrder,24999,1,30197,1682353022
cancel,12107,,,1682353189
cancel,18834,,,1682353189
cancel,24999,,,1682353189
newOrder,18927,0,12788,1682353196
newOrder,19139,1,12788,1682353196
newOrder,18154,0,9530,1682353196
newOrder,21899,1,9530,1682353196
cancel,18154,,,1682353591
cancel,18927,,,1682353591
cancel,19139,,,1682353591
cancel,21899,,,1682353591
newOrder,18934,0,12657,1682353623
newOrder,19191,1,12657,1682353623
newOrder,15001,0,20547,1682353623
newOrder,24999,1,20547,1682353623
cancel,15001,,,1682354190
cancel,18934,,,1682354190
cancel,19191,,,1682354190
cancel,24999,,,1682354190
newOrder,18930,0,12949,1682354220
newOrder,19066,1,12949,1682354220
newOrder,12107,0,37324,1682354220
newOrder,24999,1,37324,1682354220
cancel,12107,,,1682354790
cancel,18930,,,1682354790
cancel,19066,,,1682354790
cancel,24999,,,1682354790
newOrder,18845,0,13133,1682354821
newOrder,19066,1,13133,1682354821
newOrder,15108,0,17782,1682354821
newOrder,24999,1,17782,1682354821
cancel,15108,,,1682355391
cancel,18845,,,1682355391
cancel,19066,,,1682355391
cancel,24999,,,1682355391
newOrder,18845,0,13137,1682355423
newOrder,19066,1,13137,1682355423
newOrder,12107,0,25581,1682355423
newOrder,24999,1,25581,1682355423
cancel,12107,,,1682355990
cancel,18845,,,1682355990
cancel,19066,,,1682355990
cancel,24999,,,1682355990
newOrder,18845,0,13141,1682356022
newOrder,19066,1,13141,1682356022
newOrder,11307,0,69348,1682356022
newOrder,24999,1,69348,1682356022
cancel,11307,,,1682356592
cancel,18845,,,1682356592
cancel,19066,,,1682356592
cancel,24999,,,1682356592
newOrder,18845,0,13144,1682356623
newOrder,19066,1,13144,1682356623
newOrder,12107,0,45367,1682356623
newOrder,24999,1,45367,1682356623
cancel,12107,,,1682357190
cancel,18845,,,1682357190
cancel,19066,,,1682357190
cancel,24999,,,1682357190
newOrder,18845,0,13148,1682357219
newOrder,19066,1,13148,1682357219
newOrder,12001,0,55138,1682357219
newOrder,24999,1,55138,1682357219
cancel,12001,,,1682357791
cancel,18845,,,1682357791
cancel,19066,,,1682357791
cancel,24999,,,1682357791
newOrder,18845,0,13152,1682357822
newOrder,19066,1,13152,1682357822
newOrder,11307,0,62190,1682357822
newOrder,24999,1,62190,1682357822
cancel,11307,,,1682358390
cancel,18845,,,1682358390
cancel,19066,,,1682358390
cancel,24999,,,1682358390
newOrder,18845,0,13155,1682358423
newOrder,19066,1,13155,1682358423
newOrder,12001,0,56589,1682358423
newOrder,24999,1,56589,1682358423
cancel,12001,,,1682358991
cancel,18845,,,1682358991
cancel,19066,,,1682358991
cancel,24999,,,1682358991
newOrder,18845,0,13159,1682359027
newOrder,19066,1,13159,1682359027
newOrder,12107,0,24545,1682359027
newOrder,24999,1,24545,1682359027
cancel,12107,,,1682359591
cancel,18845,,,1682359591
cancel,19066,,,1682359591
cancel,24999,,,1682359591
newOrder,18845,0,13163,1682359622
newOrder,19066,1,13163,1682359622
newOrder,15108,0,18050,1682359622
newOrder,24999,1,18050,1682359622
cancel,15108,,,1682360190
cancel,18845,,,1682360190
cancel,19066,,,1682360190
cancel,24999,,,1682360190
newOrder,18844,0,13167,1682360222
newOrder,19066,1,13167,1682360222
newOrder,12107,0,23979,1682360222
newOrder,24999,1,23979,1682360222
cancel,12107,,,1682360795
cancel,18844,,,1682360795
cancel,19066,,,1682360795
cancel,24999,,,1682360795
newOrder,18844,0,13171,1682360828
newOrder,19066,1,13171,1682360828
newOrder,15108,0,18705,1682360828
newOrder,24999,1,18705,1682360828
cancel,15108,,,1682361391
cancel,18844,,,1682361391
cancel,19066,,,1682361391
cancel,24999,,,1682361391
newOrder,18751,0,13363,1682361423
newOrder,19066,1,13363,1682361423
newOrder,12101,0,49039,1682361423
newOrder,24999,1,49039,1682361423
cancel,12101,,,1682361991
cancel,18751,,,1682361991
cancel,19066,,,1682361991
cancel,24999,,,1682361991
newOrder,18751,0,13367,1682362020
newOrder,19066,1,13367,1682362020
newOrder,11251,0,63166,1682362020
newOrder,24999,1,63166,1682362020
cancel,11251,,,1682362590
cancel,18751,,,1682362590
cancel,19066,,,1682362590
cancel,24999,,,1682362590
newOrder,18739,0,13395,1682362619
newOrder,19066,1,13395,1682362619
newOrder,15108,0,16964,1682362619
newOrder,24999,1,16964,1682362619
cancel,15108,,,1682363190
cancel,18739,,,1682363190
cancel,19066,,,1682363190
cancel,24999,,,1682363190
newOrder,18739,0,13399,1682363219
newOrder,19066,1,13399,1682363219
newOrder,12001,0,59011,1682363219
newOrder,24999,1,59011,1682363219
cancel,12001,,,1682363790
cancel,18739,,,1682363790
cancel,19066,,,1682363790
cancel,24999,,,1682363790
newOrder,18739,0,13403,1682363820
newOrder,19066,1,13403,1682363820
newOrder,18154,0,11155,1682363820
newOrder,21899,1,11155,1682363820
cancel,18154,,,1682364390
cancel,18739,,,1682364390
cancel,19066,,,1682364390
cancel,21899,,,1682364390
newOrder,18739,0,13407,1682364421
newOrder,19066,1,13407,1682364421
newOrder,12001,0,58747,1682364421
newOrder,24999,1,58747,1682364421
cancel,12001,,,1682364991
cancel,18739,,,1682364991
cancel,19066,,,1682364991
cancel,24999,,,1682364991
newOrder,18739,0,13411,1682365021
newOrder,19066,1,13411,1682365021
newOrder,11243,0,64659,1682365021
newOrder,24999,1,64659,1682365021
cancel,11243,,,1682365590
cancel,18739,,,1682365590
cancel,19066,,,1682365590
cancel,24999,,,1682365590
newOrder,18739,0,13415,1682365619
newOrder,19066,1,13415,1682365619
newOrder,12107,0,28747,1682365619
newOrder,24999,1,28747,1682365619
cancel,12107,,,1682366190
cancel,18739,,,1682366190
cancel,19066,,,1682366190
cancel,24999,,,1682366190
newOrder,18705,0,13485,1682366220
newOrder,19066,1,13485,1682366220
newOrder,12107,0,27374,1682366220
newOrder,24999,1,27374,1682366220
cancel,12107,,,1682366789
cancel,18705,,,1682366789
cancel,19066,,,1682366789
cancel,24999,,,1682366789
newOrder,18705,0,13489,1682366822
newOrder,19066,1,13489,1682366822
newOrder,12107,0,35634,1682366822
newOrder,24999,1,35634,1682366822
cancel,12107,,,1682367390
cancel,18705,,,1682367390
cancel,19066,,,1682367390
cancel,24999,,,1682367390
newOrder,18705,0,13493,1682367421
newOrder,19066,1,13493,1682367421
newOrder,15108,0,19324,1682367421
newOrder,24999,1,19324,1682367421
cancel,15108,,,1682367990
cancel,18705,,,1682367990
cancel,19066,,,1682367990
cancel,24999,,,1682367990
newOrder,18675,0,13552,1682368022
newOrder,19066,1,13552,1682368022
newOrder,12101,0,50783,1682368022
newOrder,24999,1,50783,1682368022
cancel,12101,,,1682368593
cancel,18675,,,1682368593
cancel,19066,,,1682368593
cancel,24999,,,1682368593
newOrder,18675,0,13556,1682368624
newOrder,19066,1,13556,1682368624
newOrder,11205,0,65879,1682368624
newOrder,24999,1,65879,1682368624
cancel,11205,,,1682369190
cancel,18675,,,1682369190
cancel,19066,,,1682369190
cancel,24999,,,1682369190
newOrder,18675,0,13560,1682369220
newOrder,19066,1,13560,1682369220
newOrder,11205,0,71047,1682369220
newOrder,24999,1,71047,1682369220
cancel,11205,,,1682369790
cancel,18675,,,1682369790
cancel,19066,,,1682369790
cancel,24999,,,1682369790
newOrder,18675,0,13565,1682369820
newOrder,19066,1,13565,1682369820
newOrder,15108,0,15871,1682369820
newOrder,24999,1,15871,1682369820
cancel,15108,,,1682370389
cancel,18675,,,1682370389
cancel,19066,,,1682370389
cancel,24999,,,1682370389
newOrder,18675,0,13569,1682370419
newOrder,19066,1,13569,1682370419
newOrder,11205,0,62455,1682370419
newOrder,24999,1,62455,1682370419
cancel,11205,,,1682370990
cancel,18675,,,1682370990
cancel,19066,,,1682370990
cancel,24999,,,1682370990
newOrder,18675,0,13573,1682371021
newOrder,19066,1,13573,1682371021
newOrder,12107,0,31959,1682371021
newOrder,24999,1,31959,1682371021
cancel,12107,,,1682371590
cancel,18675,,,1682371590
cancel,19066,,,1682371590
cancel,24999,,,1682371590
newOrder,18675,0,13578,1682371622
newOrder,19066,1,13578,1682371622
newOrder,12107,0,42193,1682371622
newOrder,24999,1,42193,1682371622
cancel,12107,,,1682372190
cancel,18675,,,1682372190
cancel,19066,,,1682372190
cancel,24999,,,1682372190
newOrder,18675,0,13582,1682372221
newOrder,19066,1,13582,1682372221
newOrder,12107,0,28917,1682372221
newOrder,24999,1,28917,1682372221
cancel,12107,,,1682372790
cancel,18675,,,1682372790
cancel,19066,,,1682372790
cancel,24999,,,1682372790
newOrder,18675,0,13586,1682372821
newOrder,19066,1,13586,1682372821
newOrder,12107,0,42790,1682372821
newOrder,24999,1,42790,1682372821
cancel,12107,,,1682373390
cancel,18675,,,1682373390
cancel,19066,,,1682373390
cancel,24999,,,1682373390
newOrder,18607,0,13713,1682373420
newOrder,19066,1,13713,1682373420
newOrder,15108,0,17041,1682373420
newOrder,24999,1,17041,1682373420
cancel,15108,,,1682373990
cancel,18607,,,1682373990
cancel,19066,,,1682373990
cancel,24999,,,1682373990
newOrder,18607,0,13717,1682374021
newOrder,19066,1,13717,1682374021
newOrder,11164,0,63910,1682374021
newOrder,24999,1,63910,1682374021
cancel,11164,,,1682374590
cancel,18607,,,1682374590
cancel,19066,,,1682374590
cancel,24999,,,1682374590
newOrder,18607,0,13722,1682374619
newOrder,19066,1,13722,1682374619
newOrder,12001,0,57193,1682374619
newOrder,24999,1,57193,1682374619
cancel,12001,,,1682375190
cancel,18607,,,1682375190
cancel,19066,,,1682375190
cancel,24999,,,1682375190
newOrder,18607,0,13727,1682375221
newOrder,19066,1,13727,1682375221
newOrder,12003,0,53915,1682375221
newOrder,24999,1,53915,1682375221
cancel,12003,,,1682375790
cancel,18607,,,1682375790
cancel,19066,,,1682375790
cancel,24999,,,1682375790
newOrder,18584,0,13771,1682375823
newOrder,19066,1,13771,1682375823
newOrder,11150,0,65622,1682375823
newOrder,24999,1,65622,1682375823
cancel,11150,,,1682376390
cancel,18584,,,1682376390
cancel,19066,,,1682376390
cancel,24999,,,1682376390
newOrder,18477,0,13947,1682376420
newOrder,19066,1,13947,1682376420
newOrder,15108,0,19010,1682376420
newOrder,24999,1,19010,1682376420
cancel,15108,,,1682376990
cancel,18477,,,1682376990
cancel,19066,,,1682376990
cancel,24999,,,1682376990
newOrder,18356,0,14118,1682377020
newOrder,19066,1,14118,1682377020
newOrder,11013,0,70309,1682377020
newOrder,24999,1,70309,1682377020
cancel,11013,,,1682377589
cancel,18356,,,1682377589
cancel,19066,,,1682377589
cancel,24999,,,1682377589
newOrder,18234,0,14256,1682377620
newOrder,19066,1,14256,1682377620
newOrder,15108,0,16591,1682377620
newOrder,24999,1,16591,1682377620
cancel,15108,,,1682378190
cancel,18234,,,1682378190
cancel,19066,,,1682378190
cancel,24999,,,1682378190
newOrder,18175,0,14313,1682378221
newOrder,19066,1,14313,1682378221
newOrder,12107,0,30867,1682378221
newOrder,24999,1,30867,1682378221
cancel,12107,,,1682378790
cancel,18175,,,1682378790
cancel,19066,,,1682378790
cancel,24999,,,1682378790
newOrder,18169,0,14323,1682378821
newOrder,19066,1,14323,1682378821
newOrder,18154,0,3521,1682378821
newOrder,21899,1,9602,1682378821
cancel,18154,,,1682379390
cancel,18169,,,1682379390
cancel,19066,,,1682379390
cancel,21899,,,1682379390
newOrder,18165,0,14331,1682379420
newOrder,19066,1,14331,1682379420
newOrder,12001,0,56660,1682379420
newOrder,24999,1,56660,1682379420
cancel,12001,,,1682379990
cancel,18165,,,1682379990
cancel,19066,,,1682379990
cancel,24999,,,1682379990
newOrder,18151,0,14347,1682380020
newOrder,19066,1,14347,1682380020
newOrder,21899,1,14514,1682380020
cancel,18151,,,1682380590
cancel,19066,,,1682380590
cancel,21899,,,1682380590
newOrder,18101,0,14387,1682380621
newOrder,19066,1,14387,1682380621
newOrder,10861,0,64836,1682380621
newOrder,24999,1,64836,1682380621
cancel,10861,,,1682380902
cancel,19066,,,1682380902
cancel,24999,,,1682380902
newOrder,18032,0,14423,1682380909
newOrder,19073,1,14423,1682380909
newOrder,10819,0,68931,1682380909
newOrder,24999,1,68931,1682380909
cancel,10819,,,1682381190
cancel,18032,,,1682381190
cancel,19073,,,1682381190
cancel,24999,,,1682381190
newOrder,18042,0,14424,1682381231
newOrder,19066,1,14424,1682381231
newOrder,10825,0,42660,1682381231
newOrder,24999,1,42660,1682381231
cancel,10825,,,1682381790
cancel,18042,,,1682381790
cancel,19066,,,1682381790
cancel,24999,,,1682381790
newOrder,18055,0,14423,1682381820
newOrder,19066,1,14423,1682381820
newOrder,10833,0,42182,1682381820
newOrder,24999,1,42182,1682381820
cancel,10833,,,1682382390
cancel,18055,,,1682382390
cancel,19066,,,1682382390
cancel,24999,,,1682382390
newOrder,18039,0,14436,1682382420
newOrder,19066,1,14436,1682382420
newOrder,10824,0,21962,1682382420
newOrder,24999,1,21962,1682382420
cancel,10824,,,1682382990
cancel,18039,,,1682382990
cancel,19066,,,1682382990
cancel,24999,,,1682382990
newOrder,18026,0,14447,1682383019
newOrder,19066,1,14447,1682383019
newOrder,10816,0,62749,1682383019
newOrder,24999,1,62749,1682383019
cancel,10816,,,1682383591
cancel,18026,,,1682383591
cancel,19066,,,1682383591
cancel,24999,,,1682383591
newOrder,18026,0,14453,1682383622
newOrder,19066,1,14453,1682383622
newOrder,10816,0,45626,1682383622
newOrder,24999,1,45626,1682383622
cancel,10816,,,1682384190
cancel,18026,,,1682384190
cancel,19066,,,1682384190
cancel,24999,,,1682384190
newOrder,18039,0,14452,1682384220
newOrder,19066,1,14452,1682384220
newOrder,10824,0,75019,1682384220
newOrder,24999,1,75019,1682384220
cancel,10824,,,1682384790
cancel,18039,,,1682384790
cancel,19066,,,1682384790
cancel,24999,,,1682384790
newOrder,18039,0,14457,1682384819
newOrder,19066,1,14457,1682384819
newOrder,10824,0,33528,1682384819
newOrder,24999,1,33528,1682384819
cancel,10824,,,1682385390
cancel,18039,,,1682385390
cancel,19066,,,1682385390
cancel,24999,,,1682385390
newOrder,18039,0,14463,1682385420
newOrder,19066,1,14463,1682385420
newOrder,10824,0,68725,1682385420
newOrder,24999,1,68725,1682385420
cancel,10824,,,1682385991
cancel,18039,,,1682385991
cancel,19066,,,1682385991
cancel,24999,,,1682385991
newOrder,18039,0,14468,1682386019
newOrder,19066,1,14468,1682386019
newOrder,10824,0,47520,1682386019
newOrder,24999,1,47520,1682386019
cancel,10824,,,1682386590
cancel,18039,,,1682386590
cancel,19066,,,1682386590
cancel,24999,,,1682386590
newOrder,18039,0,14474,1682386621
newOrder,19066,1,14474,1682386621
newOrder,10824,0,23496,1682386621
newOrder,24999,1,23496,1682386621
cancel,10824,,,1682387190
cancel,18039,,,1682387190
cancel,19066,,,1682387190
cancel,24999,,,1682387190
newOrder,18039,0,14479,1682387222
newOrder,19066,1,14479,1682387222
newOrder,10824,0,23192,1682387222
newOrder,24999,1,23192,1682387222
cancel,10824,,,1682387791
cancel,18039,,,1682387791
cancel,19066,,,1682387791
cancel,24999,,,1682387791
newOrder,18039,0,14484,1682387821
newOrder,19066,1,14484,1682387821
newOrder,10824,0,43753,1682387821
newOrder,24999,1,43753,1682387821
cancel,10824,,,1682388391
cancel,18039,,,1682388391
cancel,19066,,,1682388391
cancel,24999,,,1682388391
newOrder,18039,0,14490,1682388420
newOrder,19066,1,14490,1682388420
newOrder,10824,0,53096,1682388420
newOrder,24999,1,53096,1682388420
cancel,10824,,,1682388882
cancel,18039,,,1682388882
cancel,19066,,,1682388882
cancel,24999,,,1682388882
newOrder,17970,0,14518,1682388889
newOrder,19073,1,14518,1682388889
newOrder,11001,0,26976,1682388889
newOrder,24999,1,26976,1682388889
cancel,11001,,,1682388990
cancel,17970,,,1682388990
cancel,19073,,,1682388990
cancel,24999,,,1682388990
newOrder,17918,0,14532,1682389020
newOrder,19066,1,14532,1682389020
newOrder,10751,0,40275,1682389020
newOrder,24999,1,40275,1682389020
cancel,10751,,,1682389590
cancel,17918,,,1682389590
cancel,19066,,,1682389590
cancel,24999,,,1682389590
newOrder,17918,0,14538,1682389619
newOrder,19066,1,14538,1682389619
newOrder,11101,0,17670,1682389619
newOrder,24999,1,17670,1682389619
cancel,11101,,,1682390191
cancel,17918,,,1682390191
cancel,19066,,,1682390191
cancel,24999,,,1682390191
newOrder,17918,0,14543,1682390222
newOrder,19066,1,14543,1682390222
newOrder,11501,0,17363,1682390222
newOrder,24999,1,17363,1682390222
cancel,11501,,,1682390790
cancel,17918,,,1682390790
cancel,19066,,,1682390790
cancel,24999,,,1682390790
newOrder,17918,0,14549,1682390820
newOrder,19066,1,14549,1682390820
newOrder,10751,0,34240,1682390820
newOrder,24999,1,34240,1682390820
cancel,10751,,,1682391390
cancel,17918,,,1682391390
cancel,19066,,,1682391390
cancel,24999,,,1682391390
newOrder,17918,0,14554,1682391420
newOrder,19066,1,14554,1682391420
newOrder,10751,0,31035,1682391420
newOrder,24999,1,31035,1682391420
cancel,10751,,,1682391990
cancel,17918,,,1682391990
cancel,19066,,,1682391990
cancel,24999,,,1682391990
newOrder,17918,0,14560,1682392020
newOrder,19066,1,14560,1682392020
newOrder,10753,0,26926,1682392020
newOrder,24999,1,26926,1682392020
cancel,10753,,,1682392592
cancel,17918,,,1682392592
cancel,19066,,,1682392592
cancel,24999,,,1682392592
newOrder,17918,0,14565,1682392623
newOrder,19066,1,14565,1682392623
newOrder,11501,0,16666,1682392623
newOrder,24999,1,16666,1682392623
cancel,11501,,,1682393190
cancel,17918,,,1682393190
cancel,19066,,,1682393190
cancel,24999,,,1682393190
newOrder,17918,0,14571,1682393220
newOrder,19066,1,14571,1682393220
newOrder,11101,0,19953,1682393220
newOrder,24999,1,19953,1682393220
cancel,11101,,,1682393790
cancel,17918,,,1682393790
cancel,19066,,,1682393790
cancel,24999,,,1682393790
newOrder,17867,0,14580,1682393819
newOrder,19066,1,14580,1682393819
newOrder,10720,0,37532,1682393819
newOrder,24999,1,37532,1682393819
cancel,10720,,,1682394390
cancel,17867,,,1682394390
cancel,19066,,,1682394390
cancel,24999,,,1682394390
newOrder,17867,0,14585,1682394420
newOrder,19066,1,14585,1682394420
newOrder,10720,0,37097,1682394420
newOrder,24999,1,37097,1682394420
cancel,10720,,,1682394991
cancel,17867,,,1682394991
cancel,19066,,,1682394991
cancel,24999,,,1682394991
newOrder,17867,0,14591,1682395020
newOrder,19066,1,14591,1682395020
newOrder,10720,0,40318,1682395020
newOrder,24999,1,40318,1682395020
cancel,10720,,,1682395590
cancel,17867,,,1682395590
cancel,19066,,,1682395590
cancel,24999,,,1682395590
newOrder,17867,0,14596,1682395621
newOrder,19066,1,14596,1682395621
newOrder,11501,0,19502,1682395621
newOrder,24999,1,19502,1682395621
cancel,11501,,,1682396190
cancel,17867,,,1682396190
cancel,19066,,,1682396190
cancel,24999,,,1682396190
newOrder,17867,0,14602,1682396221
newOrder,19066,1,14602,1682396221
newOrder,10720,0,37754,1682396221
newOrder,24999,1,37754,1682396221
cancel,10720,,,1682396791
cancel,17867,,,1682396791
cancel,19066,,,1682396791
cancel,24999,,,1682396791
newOrder,17867,0,14607,1682396821
newOrder,19066,1,14607,1682396821
newOrder,10720,0,50855,1682396821
newOrder,24999,1,50855,1682396821
cancel,10720,,,1682397390
cancel,17867,,,1682397390
cancel,19066,,,1682397390
cancel,24999,,,1682397390
newOrder,17867,0,14613,1682397421
newOrder,19066,1,14613,1682397421
newOrder,10720,0,67963,1682397421
newOrder,24999,1,67963,1682397421
cancel,10720,,,1682397990
cancel,17867,,,1682397990
cancel,19066,,,1682397990
cancel,24999,,,1682397990
newOrder,17867,0,14619,1682398023
newOrder,19066,1,14619,1682398023
newOrder,10720,0,72516,1682398023
newOrder,24999,1,72516,1682398023
cancel,10720,,,1682398590
cancel,17867,,,1682398590
cancel,19066,,,1682398590
cancel,24999,,,1682398590
newOrder,17867,0,14624,1682398619
newOrder,19066,1,14624,1682398619
newOrder,10720,0,31559,1682398619
newOrder,24999,1,31559,1682398619
cancel,10720,,,1682399190
cancel,17867,,,1682399190
cancel,19066,,,1682399190
cancel,24999,,,1682399190
newOrder,17867,0,14630,1682399219
newOrder,19066,1,14630,1682399219
newOrder,10720,0,49291,1682399219
newOrder,24999,1,49291,1682399219
cancel,10720,,,1682399790
cancel,17867,,,1682399790
cancel,19066,,,1682399790
cancel,24999,,,1682399790
newOrder,17867,0,14635,1682399819
newOrder,19066,1,14635,1682399819
newOrder,10720,0,66407,1682399819
newOrder,24999,1,66407,1682399819
cancel,10720,,,1682400390
cancel,17867,,,1682400390
cancel,19066,,,1682400390
cancel,24999,,,1682400390
newOrder,17867,0,14641,1682400420
newOrder,19066,1,14641,1682400420
newOrder,10720,0,42189,1682400420
newOrder,24999,1,42189,1682400420
cancel,10720,,,1682400990
cancel,17867,,,1682400990
cancel,19066,,,1682400990
cancel,24999,,,1682400990
newOrder,17867,0,14646,1682401020
newOrder,19066,1,14646,1682401020
newOrder,10720,0,66881,1682401020
newOrder,24999,1,66881,1682401020
cancel,10720,,,1682401590
cancel,17867,,,1682401590
cancel,19066,,,1682401590
cancel,24999,,,1682401590
newOrder,17867,0,14652,1682401623
newOrder,19066,1,14652,1682401623
newOrder,10720,0,46050,1682401623
newOrder,24999,1,46050,1682401623
cancel,10720,,,1682402190
cancel,17867,,,1682402190
cancel,19066,,,1682402190
cancel,24999,,,1682402190
newOrder,17867,0,14658,1682402225
newOrder,19066,1,14658,1682402225
newOrder,11501,0,20994,1682402225
newOrder,24999,1,20994,1682402225
cancel,11501,,,1682402790
cancel,17867,,,1682402790
cancel,19066,,,1682402790
cancel,24999,,,1682402790
newOrder,17867,0,14663,1682402820
newOrder,19066,1,14663,1682402820
newOrder,10753,0,29102,1682402820
newOrder,24999,1,29102,1682402820
cancel,10753,,,1682403390
cancel,17867,,,1682403390
cancel,19066,,,1682403390
cancel,24999,,,1682403390
newOrder,17867,0,14669,1682403420
newOrder,19066,1,14669,1682403420
newOrder,10720,0,54611,1682403420
newOrder,24999,1,54611,1682403420
cancel,10720,,,1682403990
cancel,17867,,,1682403990
cancel,19066,,,1682403990
cancel,24999,,,1682403990
newOrder,17867,0,14675,1682404019
newOrder,19066,1,14675,1682404019
newOrder,10720,0,67515,1682404019
newOrder,24999,1,67515,1682404019
cancel,10720,,,1682404590
cancel,17867,,,1682404590
cancel,19066,,,1682404590
cancel,24999,,,1682404590
newOrder,17867,0,14680,1682404619
newOrder,19066,1,14680,1682404619
cancel,17867,,,1682405190
cancel,19066,,,1682405190
newOrder,17867,0,14686,1682405219
newOrder,19066,1,14686,1682405219
cancel,17867,,,1682405791
cancel,19066,,,1682405791
newOrder,17867,0,14692,1682405818
newOrder,19066,1,14692,1682405818
cancel,17867,,,1682406390
cancel,19066,,,1682406390
newOrder,17867,0,14697,1682406420
newOrder,19066,1,14697,1682406420
newOrder,10753,0,30261,1682406420
newOrder,24999,1,30261,1682406420
cancel,10753,,,1682406990
cancel,17867,,,1682406990
cancel,19066,,,1682406990
cancel,24999,,,1682406990
newOrder,17867,0,14703,1682407021
newOrder,19066,1,14703,1682407021
newOrder,10720,0,35078,1682407021
newOrder,24999,1,35078,1682407021
cancel,10720,,,1682407590
cancel,17867,,,1682407590
cancel,19066,,,1682407590
cancel,24999,,,1682407590
newOrder,17867,0,14709,1682407619
newOrder,19066,1,14709,1682407619
newOrder,10720,0,67390,1682407619
newOrder,24999,1,67390,1682407619
cancel,10720,,,1682408190
cancel,17867,,,1682408190
cancel,19066,,,1682408190
cancel,24999,,,1682408190
newOrder,17867,0,14714,1682408222
newOrder,19066,1,14714,1682408222
newOrder,11506,0,15641,1682408222
newOrder,24499,1,15641,1682408222
cancel,11506,,,1682408790
cancel,17867,,,1682408790
cancel,19066,,,1682408790
cancel,24499,,,1682408790
newOrder,17867,0,14720,1682408827
newOrder,19066,1,14720,1682408827
newOrder,11501,0,16922,1682408827
newOrder,24499,1,16922,1682408827
cancel,11501,,,1682409390
cancel,17867,,,1682409390
cancel,19066,,,1682409390
cancel,24499,,,1682409390
newOrder,17867,0,14726,1682409421
newOrder,19066,1,14726,1682409421
newOrder,10753,0,27152,1682409421
newOrder,24999,1,27152,1682409421
cancel,10753,,,1682409990
cancel,17867,,,1682409990
cancel,19066,,,1682409990
cancel,24999,,,1682409990
newOrder,17867,0,14732,1682410020
newOrder,19066,1,14732,1682410020
newOrder,10720,0,57426,1682410020
newOrder,24999,1,57426,1682410020
cancel,10720,,,1682410590
cancel,17867,,,1682410590
cancel,19066,,,1682410590
cancel,24999,,,1682410590
newOrder,17867,0,14737,1682410624
newOrder,19066,1,14737,1682410624
newOrder,10720,0,41123,1682410624
newOrder,24999,1,41123,1682410624
cancel,10720,,,1682411190
cancel,17867,,,1682411190
cancel,19066,,,1682411190
cancel,24999,,,1682411190
newOrder,17867,0,14743,1682411220
newOrder,19066,1,14743,1682411220
newOrder,10720,0,74900,1682411220
newOrder,24999,1,74900,1682411220
cancel,10720,,,1682411790
cancel,17867,,,1682411790
cancel,19066,,,1682411790
cancel,24999,,,1682411790
newOrder,17864,0,14749,1682411821
newOrder,19066,1,14749,1682411821
newOrder,11501,0,21088,1682411821
newOrder,24999,1,21088,1682411821
cancel,11501,,,1682412390
cancel,17864,,,1682412390
cancel,19066,,,1682412390
cancel,24999,,,1682412390
newOrder,17864,0,14755,1682412419
newOrder,19066,1,14755,1682412419
newOrder,10718,0,73377,1682412419
newOrder,24999,1,73377,1682412419
cancel,10718,,,1682412991
cancel,17864,,,1682412991
cancel,19066,,,1682412991
cancel,24999,,,1682412991
newOrder,17864,0,14760,1682413020
newOrder,19066,1,14760,1682413020
newOrder,10718,0,67457,1682413020
newOrder,24999,1,67457,1682413020
cancel,10718,,,1682413590
cancel,17864,,,1682413590
cancel,19066,,,1682413590
cancel,24999,,,1682413590
newOrder,17864,0,14766,1682413619
newOrder,19066,1,14766,1682413619
newOrder,10718,0,72835,1682413619
newOrder,24999,1,72835,1682413619
cancel,10718,,,1682414190
cancel,17864,,,1682414190
cancel,19066,,,1682414190
cancel,24999,,,1682414190
newOrder,17864,0,14772,1682414219
newOrder,19066,1,14772,1682414219
newOrder,10718,0,74500,1682414219
newOrder,24999,1,74500,1682414219
cancel,10718,,,1682414790
cancel,17864,,,1682414790
cancel,19066,,,1682414790
cancel,24999,,,1682414790
newOrder,17864,0,14778,1682414820
newOrder,19066,1,14778,1682414820
newOrder,10718,0,55271,1682414820
newOrder,24999,1,55271,1682414820
cancel,10718,,,1682415391
cancel,17864,,,1682415391
cancel,19066,,,1682415391
cancel,24999,,,1682415391
newOrder,17864,0,14784,1682415421
newOrder,19066,1,14784,1682415421
newOrder,10718,0,71623,1682415421
newOrder,24999,1,71623,1682415421
cancel,10718,,,1682415990
cancel,17864,,,1682415990
cancel,19066,,,1682415990
cancel,24999,,,1682415990
newOrder,17864,0,14789,1682416019
newOrder,19066,1,14789,1682416019
newOrder,10718,0,32319,1682416019
newOrder,24999,1,32319,1682416019
cancel,10718,,,1682416590
cancel,17864,,,1682416590
cancel,19066,,,1682416590
cancel,24999,,,1682416590
newOrder,17864,0,14795,1682416621
newOrder,19066,1,14795,1682416621
newOrder,11501,0,20786,1682416621
newOrder,24999,1,20786,1682416621
cancel,11501,,,1682417190
cancel,17864,,,1682417190
cancel,19066,,,1682417190
cancel,24999,,,1682417190
newOrder,17864,0,14801,1682417221
newOrder,19066,1,14801,1682417221
newOrder,10718,0,41519,1682417221
newOrder,24999,1,41519,1682417221
cancel,10718,,,1682417790
cancel,17864,,,1682417790
cancel,19066,,,1682417790
cancel,24999,,,1682417790
newOrder,17864,0,14807,1682417820
newOrder,19066,1,14807,1682417820
newOrder,10718,0,79693,1682417820
newOrder,24999,1,79693,1682417820
cancel,10718,,,1682418390
cancel,17864,,,1682418390
cancel,19066,,,1682418390
cancel,24999,,,1682418390
newOrder,17864,0,14813,1682418421
newOrder,19066,1,14813,1682418421
newOrder,10718,0,65046,1682418421
newOrder,24999,1,65046,1682418421
cancel,10718,,,1682418989
cancel,17864,,,1682418989
cancel,19066,,,1682418989
cancel,24999,,,1682418989
newOrder,17864,0,14819,1682419022
newOrder,19066,1,14819,1682419022
newOrder,11501,0,19214,1682419022
newOrder,24999,1,19214,1682419022
cancel,11501,,,1682419590
cancel,17864,,,1682419590
cancel,19066,,,1682419590
cancel,24999,,,1682419590
newOrder,17864,0,14825,1682419621
newOrder,19066,1,14825,1682419621
newOrder,10718,0,36228,1682419621
newOrder,24999,1,36228,1682419621
cancel,10718,,,1682420190
cancel,17864,,,1682420190
cancel,19066,,,1682420190
cancel,24999,,,1682420190
newOrder,17864,0,14830,1682420221
newOrder,19066,1,14830,1682420221
newOrder,11101,0,24984,1682420221
newOrder,24999,1,24984,1682420221
cancel,11101,,,1682420791
cancel,17864,,,1682420791
cancel,19066,,,1682420791
cancel,24999,,,1682420791
newOrder,17864,0,14836,1682420820
newOrder,19066,1,14836,1682420820
newOrder,10718,0,61109,1682420820
newOrder,24999,1,61109,1682420820
cancel,10718,,,1682421390
cancel,17864,,,1682421390
cancel,19066,,,1682421390
cancel,24999,,,1682421390
newOrder,17864,0,14842,1682421419
newOrder,19066,1,14842,1682421419
newOrder,10718,0,62951,1682421419
newOrder,24999,1,62951,1682421419
cancel,10718,,,1682421990
cancel,17864,,,1682421990
cancel,19066,,,1682421990
cancel,24999,,,1682421990
newOrder,17864,0,14848,1682422020
newOrder,19066,1,14848,1682422020
newOrder,10718,0,34162,1682422020
newOrder,24999,1,34162,1682422020
cancel,10718,,,1682422590
cancel,17864,,,1682422590
cancel,19066,,,1682422590
cancel,24999,,,1682422590
newOrder,17864,0,14854,1682422623
newOrder,19066,1,14854,1682422623
newOrder,10718,0,35366,1682422623
newOrder,24999,1,35366,1682422623
cancel,10718,,,1682423190
cancel,17864,,,1682423190
cancel,19066,,,1682423190
cancel,24999,,,1682423190
newOrder,17864,0,14860,1682423220
newOrder,19066,1,14860,1682423220
newOrder,10718,0,71023,1682423220
newOrder,24999,1,71023,1682423220
cancel,10718,,,1682423790
cancel,17864,,,1682423790
cancel,19066,,,1682423790
cancel,24999,,,1682423790
newOrder,17864,0,14866,1682423820
newOrder,19066,1,14866,1682423820
newOrder,11501,0,16494,1682423820
newOrder,24499,1,16494,1682423820
cancel,11501,,,1682424391
cancel,17864,,,1682424391
cancel,19066,,,1682424391
cancel,24499,,,1682424391
newOrder,17864,0,14872,1682424422
newOrder,19066,1,14872,1682424422
newOrder,10718,0,68238,1682424422
newOrder,24999,1,68238,1682424422