instruction,price,side,qty,time
cancel,12302,,,1685448855
cancel,17207,,,1685448855
cancel,19080,,,1685448855
newOrder,17221,0,10913,1685448878
newOrder,19080,1,10913,1685448878
newOrder,10333,0,30792,1685448878
newOrder,24957,1,30792,1685448878
cancel,10333,,,1685449455
cancel,17221,,,1685449455
cancel,19080,,,1685449455
cancel,24957,,,1685449455
newOrder,17221,0,10891,1685449480
newOrder,19080,1,10891,1685449480
newOrder,12013,0,29445,1685449480
newOrder,24957,1,29445,1685449480
cancel,12013,,,1685450054
cancel,17221,,,1685450054
cancel,19080,,,1685450054
cancel,24957,,,1685450054
newOrder,17221,0,10869,1685450077
newOrder,19080,1,10869,1685450077
newOrder,15001,0,11301,1685450077
cancel,15001,,,1685450655
cancel,17221,,,1685450655
cancel,19080,,,1685450655
newOrder,17221,0,10846,1685450678
newOrder,19080,1,10846,1685450678
newOrder,10333,0,51252,1685450678
newOrder,24999,1,51252,1685450678
cancel,10333,,,1685451254
cancel,17221,,,1685451254
cancel,19080,,,1685451254
cancel,24999,,,1685451254
newOrder,17221,0,10824,1685451279
newOrder,19080,1,10824,1685451279
newOrder,10333,0,50375,1685451279
newOrder,24999,1,50375,1685451279
cancel,10333,,,1685451856
cancel,17221,,,1685451856
cancel,19080,,,1685451856
cancel,24999,,,1685451856
newOrder,17221,0,10801,1685451879
newOrder,19080,1,10801,1685451879
newOrder,12162,0,27196,1685451879
newOrder,24957,1,27196,1685451879
cancel,12162,,,1685452455
cancel,17221,,,1685452455
cancel,19080,,,1685452455
cancel,24957,,,1685452455
newOrder,17221,0,10778,1685452478
newOrder,19080,1,10778,1685452478
newOrder,15111,0,8294,1685452478
cancel,15111,,,1685453055
cancel,17221,,,1685453055
cancel,19080,,,1685453055
newOrder,17221,0,10755,1685453076
newOrder,19080,1,10755,1685453076
newOrder,15111,0,9864,1685453076
cancel,15111,,,1685453654
cancel,17221,,,1685453654
cancel,19080,,,1685453654
newOrder,17222,0,10737,1685453677
newOrder,19080,1,10737,1685453677
newOrder,12302,0,18819,1685453677
cancel,12302,,,1685454255
cancel,17222,,,1685454255
cancel,19080,,,1685454255
newOrder,17222,0,10714,1685454278
newOrder,19080,1,10714,1685454278
newOrder,10333,0,51140,1685454278
newOrder,24999,1,51140,1685454278
cancel,10333,,,1685454855
cancel,17222,,,1685454855
cancel,19080,,,1685454855
cancel,24999,,,1685454855
newOrder,17222,0,10690,1685454880
newOrder,19080,1,10690,1685454880
newOrder,10333,0,56379,1685454880
newOrder,24999,1,56379,1685454880
cancel,10333,,,1685455455
cancel,17222,,,1685455455
cancel,19080,,,1685455455
cancel,24999,,,1685455455
newOrder,17222,0,10667,1685455480
newOrder,19080,1,10667,1685455480
newOrder,10333,0,55868,1685455480
newOrder,24999,1,55868,1685455480
cancel,10333,,,1685456055
cancel,17222,,,1685456055
cancel,19080,,,1685456055
cancel,24999,,,1685456055
newOrder,17238,0,10855,1685456078
newOrder,19080,1,10855,1685456078
newOrder,10343,0,47512,1685456078
newOrder,24999,1,47512,1685456078
cancel,10343,,,1685456654
cancel,17238,,,1685456654
cancel,19080,,,1685456654
cancel,24999,,,1685456654
newOrder,17204,0,10388,1685456678
newOrder,19080,1,10388,1685456678
newOrder,10322,0,31374,1685456678
newOrder,24957,1,31374,1685456678
cancel,10322,,,1685457255
cancel,17204,,,1685457255
cancel,19080,,,1685457255
cancel,24957,,,1685457255
newOrder,17224,0,10626,1685457281
newOrder,19080,1,10626,1685457281
newOrder,10335,0,42351,1685457281
newOrder,24957,1,42351,1685457281
cancel,10335,,,1685457855
cancel,17224,,,1685457855
cancel,19080,,,1685457855
cancel,24957,,,1685457855
newOrder,17224,0,10602,1685457879
newOrder,19080,1,10602,1685457879
newOrder,12162,0,26976,1685457879
newOrder,24957,1,26976,1685457879
cancel,12162,,,1685458454
cancel,17224,,,1685458454
cancel,19080,,,1685458454
cancel,24957,,,1685458454
newOrder,17224,0,10578,1685458478
newOrder,19080,1,10578,1685458478
newOrder,10335,0,46611,1685458478
newOrder,24999,1,46611,1685458478
cancel,10335,,,1685459054
cancel,17224,,,1685459054
cancel,19080,,,1685459054
cancel,24999,,,1685459054
newOrder,17224,0,10553,1685459077
newOrder,19080,1,10553,1685459077
newOrder,10335,0,39769,1685459077
newOrder,24957,1,39769,1685459077
cancel,10335,,,1685459655
cancel,17224,,,1685459655
cancel,19080,,,1685459655
cancel,24957,,,1685459655
newOrder,17435,0,13545,1685459678
newOrder,19080,1,13545,1685459678
newOrder,10461,0,41069,1685459678
newOrder,24957,1,41069,1685459678
cancel,10461,,,1685460255
cancel,17435,,,1685460255
cancel,19080,,,1685460255
cancel,24957,,,1685460255
newOrder,18546,0,30279,1685460283
newOrder,19080,1,30279,1685460283
newOrder,11128,0,132416,1685460283
newOrder,24999,1,132416,1685460283
cancel,11128,,,1685460854
cancel,18546,,,1685460854
cancel,19080,,,1685460854
cancel,24999,,,1685460854
newOrder,18536,0,30235,1685460878
newOrder,19080,1,30235,1685460878
newOrder,11121,0,109835,1685460878
newOrder,24999,1,109835,1685460878
cancel,11121,,,1685461455
cancel,18536,,,1685461455
cancel,19080,,,1685461455
cancel,24999,,,1685461455
newOrder,18460,0,29569,1685461479
newOrder,19080,1,29569,1685461479
newOrder,11076,0,55533,1685461479
newOrder,24957,1,55533,1685461479
cancel,11076,,,1685462055
cancel,18460,,,1685462055
cancel,19080,,,1685462055
cancel,24957,,,1685462055
newOrder,18460,0,29611,1685462078
newOrder,19080,1,29611,1685462078
newOrder,11076,0,72545,1685462078
newOrder,24999,1,72545,1685462078
cancel,11076,,,1685462655
cancel,18460,,,1685462655
cancel,19080,,,1685462655
cancel,24999,,,1685462655
newOrder,18460,0,29653,1685462679
newOrder,19080,1,29653,1685462679
newOrder,11076,0,85320,1685462679
newOrder,24999,1,85320,1685462679
cancel,11076,,,1685463254
cancel,18460,,,1685463254
cancel,19080,,,1685463254
cancel,24999,,,1685463254
newOrder,18460,0,29695,1685463277
newOrder,19080,1,29695,1685463277
newOrder,11076,0,126152,1685463277
newOrder,24999,1,126152,1685463277
cancel,11076,,,1685463854
cancel,18460,,,1685463854
cancel,19080,,,1685463854
cancel,24999,,,1685463854
newOrder,18460,0,29736,1685463878
newOrder,19080,1,29736,1685463878
newOrder,11076,0,70080,1685463878
newOrder,24999,1,70080,1685463878
cancel,11076,,,1685464455
cancel,18460,,,1685464455
cancel,19080,,,1685464455
cancel,24999,,,1685464455
newOrder,18460,0,29779,1685464477
newOrder,19080,1,29779,1685464477
newOrder,11076,0,121977,1685464477
newOrder,24999,1,121977,1685464477
cancel,11076,,,1685465055
cancel,18460,,,1685465055
cancel,19080,,,1685465055
cancel,24999,,,1685465055
newOrder,18460,0,29822,1685465078
newOrder,19080,1,29822,1685465078
newOrder,12302,0,37293,1685465078
cancel,12302,,,1685465655
cancel,18460,,,1685465655
cancel,19080,,,1685465655
newOrder,18460,0,29865,1685465678
newOrder,19080,1,29865,1685465678
newOrder,11076,0,102953,1685465678
newOrder,24999,1,102953,1685465678
cancel,11076,,,1685466254
cancel,18460,,,1685466254
cancel,19080,,,1685466254
cancel,24999,,,1685466254
newOrder,18383,0,29023,1685466282
newOrder,19080,1,29023,1685466282
newOrder,11030,0,145814,1685466282
newOrder,24999,1,145814,1685466282
cancel,11030,,,1685466855
cancel,18383,,,1685466855
cancel,19080,,,1685466855
cancel,24999,,,1685466855
newOrder,18387,0,29110,1685466878
newOrder,19080,1,29110,1685466878
newOrder,11032,0,136017,1685466878
newOrder,24999,1,136017,1685466878
cancel,11032,,,1685467455
cancel,18387,,,1685467455
cancel,19080,,,1685467455
cancel,24999,,,1685467455
newOrder,18499,0,30400,1685467479
newOrder,19080,1,30400,1685467479
newOrder,12302,0,38309,1685467479
cancel,12302,,,1685468054
cancel,18499,,,1685468054
cancel,19080,,,1685468054
newOrder,18498,0,30438,1685468079
newOrder,19080,1,30438,1685468079
newOrder,11099,0,120242,1685468079
newOrder,24999,1,120242,1685468079
cancel,11099,,,1685468656
cancel,18498,,,1685468656
cancel,19080,,,1685468656
cancel,24999,,,1685468656
newOrder,18499,0,30493,1685468679
newOrder,19080,1,30493,1685468679
newOrder,11099,0,126846,1685468679
newOrder,24999,1,126846,1685468679
cancel,11099,,,1685469255
cancel,18499,,,1685469255
cancel,19080,,,1685469255
cancel,24999,,,1685469255
newOrder,18499,0,30542,1685469278
newOrder,19080,1,30542,1685469278
newOrder,11100,0,56373,1685469278
newOrder,24957,1,56373,1685469278
cancel,11100,,,1685469854
cancel,18499,,,1685469854
cancel,19080,,,1685469854
cancel,24957,,,1685469854
newOrder,18498,0,30579,1685469878
newOrder,19080,1,30579,1685469878
newOrder,11099,0,122869,1685469878
newOrder,24999,1,122869,1685469878
cancel,11099,,,1685470454
cancel,18498,,,1685470454
cancel,19080,,,1685470454
cancel,24999,,,1685470454
newOrder,18499,0,30639,1685470478
newOrder,19080,1,30639,1685470478
newOrder,11100,0,142435,1685470478
newOrder,24999,1,142435,1685470478
cancel,11100,,,1685471054
cancel,18499,,,1685471054
cancel,19080,,,1685471054
cancel,24999,,,1685471054
newOrder,18499,0,30724,1685471675
newOrder,19080,1,30724,1685471675
newOrder,12302,0,40108,1685471675
newOrder,21899,1,40108,1685471675
cancel,12302,,,1685472255
cancel,18499,,,1685472255
cancel,19080,,,1685472255
cancel,21899,,,1685472255
newOrder,18478,0,30553,1685472278
newOrder,19080,1,30553,1685472278
newOrder,11087,0,126281,1685472278
newOrder,24999,1,126281,1685472278
cancel,11087,,,1685472855
cancel,18478,,,1685472855
cancel,19080,,,1685472855
cancel,24999,,,1685472855
newOrder,18478,0,30599,1685472877
newOrder,19080,1,30599,1685472877
newOrder,11087,0,55126,1685472877
newOrder,24957,1,55126,1685472877
cancel,11087,,,1685473454
cancel,18478,,,1685473454
cancel,19080,,,1685473454
cancel,24957,,,1685473454
newOrder,18478,0,30646,1685473477
newOrder,19080,1,30646,1685473477
newOrder,11087,0,82092,1685473477
newOrder,24999,1,82092,1685473477
cancel,11087,,,1685474054
cancel,18478,,,1685474054
cancel,19080,,,1685474054
cancel,24999,,,1685474054
newOrder,18478,0,30689,1685474076
newOrder,19080,1,30689,1685474076
newOrder,12302,0,34162,1685474076
cancel,12302,,,1685474655
cancel,18478,,,1685474655
cancel,19080,,,1685474655
newOrder,18478,0,30739,1685474678
newOrder,19080,1,30739,1685474678
newOrder,11087,0,71826,1685474678
newOrder,24999,1,71826,1685474678
cancel,11087,,,1685475254
cancel,18478,,,1685475254
cancel,19080,,,1685475254
cancel,24999,,,1685475254
newOrder,18478,0,30787,1685475277
newOrder,19080,1,30787,1685475277
newOrder,12302,0,32026,1685475277
cancel,12302,,,1685475854
cancel,18478,,,1685475854
cancel,19080,,,1685475854
newOrder,18478,0,30837,1685475878
newOrder,19080,1,30837,1685475878
newOrder,11087,0,71592,1685475878
newOrder,24999,1,71592,1685475878
cancel,11087,,,1685476454
cancel,18478,,,1685476454
cancel,19080,,,1685476454
cancel,24999,,,1685476454
newOrder,18480,0,30901,1685476479
newOrder,19080,1,30901,1685476479
newOrder,11088,0,148070,1685476479
newOrder,24999,1,148070,1685476479
cancel,11088,,,1685477055
cancel,18480,,,1685477055
cancel,19080,,,1685477055
cancel,24999,,,1685477055
newOrder,18480,0,30958,1685477078
newOrder,19080,1,30958,1685477078
newOrder,11088,0,76857,1685477078
newOrder,24999,1,76857,1685477078
cancel,11088,,,1685477655
cancel,18480,,,1685477655
cancel,19080,,,1685477655
cancel,24999,,,1685477655
newOrder,18481,0,31013,1685477677
newOrder,19080,1,31013,1685477677
newOrder,11089,0,69470,1685477677
newOrder,24999,1,69470,1685477677
cancel,11089,,,1685478254
cancel,18481,,,1685478254
cancel,19080,,,1685478254
cancel,24999,,,1685478254
newOrder,18479,0,31037,1685478277
newOrder,19080,1,31037,1685478277
newOrder,11087,0,123412,1685478277
newOrder,24999,1,123412,1685478277
cancel,11087,,,1685478854
cancel,18479,,,1685478854
cancel,19080,,,1685478854
cancel,24999,,,1685478854
newOrder,18480,0,31096,1685478879
newOrder,19080,1,31096,1685478879
newOrder,11088,0,56241,1685478879
newOrder,24957,1,56241,1685478879
cancel,11088,,,1685479455
cancel,18480,,,1685479455
cancel,19080,,,1685479455
cancel,24957,,,1685479455
newOrder,18480,0,31145,1685479478
newOrder,19080,1,31145,1685479478
newOrder,11088,0,98556,1685479478
newOrder,24999,1,98556,1685479478
cancel,11088,,,1685480055
cancel,18480,,,1685480055
cancel,19080,,,1685480055
cancel,24999,,,1685480055
newOrder,18479,0,31193,1685480076
newOrder,19080,1,31193,1685480076
newOrder,12302,0,42658,1685480076
newOrder,24957,1,42658,1685480076
cancel,12302,,,1685480655
cancel,18479,,,1685480655
cancel,19080,,,1685480655
cancel,24957,,,1685480655
newOrder,18482,0,31267,1685480679
newOrder,19080,1,31267,1685480679
newOrder,12302,0,44376,1685480679
newOrder,24999,1,44376,1685480679
cancel,12302,,,1685481255
cancel,18482,,,1685481255
cancel,19080,,,1685481255
cancel,24999,,,1685481255
newOrder,18481,0,31307,1685481276
newOrder,19080,1,31307,1685481276
newOrder,12162,0,48582,1685481276
newOrder,24957,1,48582,1685481276
cancel,12162,,,1685481854
cancel,18481,,,1685481854
cancel,19080,,,1685481854
cancel,24957,,,1685481854
newOrder,18481,0,31356,1685481878
newOrder,19080,1,31356,1685481878
newOrder,11088,0,60122,1685481878
newOrder,24957,1,60122,1685481878
cancel,11088,,,1685482455
cancel,18481,,,1685482455
cancel,19080,,,1685482455
cancel,24957,,,1685482455
newOrder,18481,0,31416,1685482478
newOrder,19080,1,31416,1685482478
newOrder,11089,0,159996,1685482478
newOrder,24999,1,159996,1685482478
cancel,11089,,,1685483054
cancel,18481,,,1685483054
cancel,19080,,,1685483054
cancel,24999,,,1685483054
newOrder,18482,0,31475,1685483078
newOrder,19080,1,31475,1685483078
newOrder,11089,0,156228,1685483078
newOrder,24999,1,156228,1685483078
cancel,11089,,,1685483655
cancel,18482,,,1685483655
cancel,19080,,,1685483655
cancel,24999,,,1685483655
newOrder,18482,0,31526,1685483678
newOrder,19080,1,31526,1685483678
newOrder,16111,0,25958,1685483678
cancel,16111,,,1685484254
cancel,18482,,,1685484254
cancel,19080,,,1685484254
newOrder,18481,0,31567,1685484278
newOrder,19080,1,31567,1685484278
newOrder,12302,0,39304,1685484278
cancel,12302,,,1685484855
cancel,18481,,,1685484855
cancel,19080,,,1685484855
newOrder,18481,0,31613,1685484878
newOrder,19080,1,31613,1685484878
newOrder,11088,0,156528,1685484878
newOrder,24999,1,156528,1685484878
cancel,11088,,,1685485454
cancel,18481,,,1685485454
cancel,19080,,,1685485454
cancel,24999,,,1685485454
newOrder,18481,0,31665,1685485477
newOrder,19080,1,31665,1685485477
newOrder,11088,0,132234,1685485477
newOrder,24999,1,132234,1685485477
cancel,11088,,,1685486055
cancel,18481,,,1685486055
cancel,19080,,,1685486055
cancel,24999,,,1685486055
newOrder,18480,0,31711,1685486078
newOrder,19080,1,31711,1685486078
newOrder,11088,0,139412,1685486078
newOrder,24999,1,139412,1685486078
cancel,11088,,,1685486654
cancel,18480,,,1685486654
cancel,19080,,,1685486654
cancel,24999,,,1685486654
newOrder,18481,0,31771,1685486682
newOrder,19080,1,31771,1685486682
newOrder,12302,0,41398,1685486682
newOrder,24957,1,41398,1685486682
cancel,12302,,,1685487254
cancel,18481,,,1685487254
cancel,19080,,,1685487254
cancel,24957,,,1685487254
newOrder,18481,0,31825,1685487278
newOrder,19080,1,31825,1685487278
newOrder,11089,0,123001,1685487278
newOrder,24999,1,123001,1685487278
cancel,11089,,,1685487854
cancel,18481,,,1685487854
cancel,19080,,,1685487854
cancel,24999,,,1685487854
newOrder,18481,0,31884,1685487876
newOrder,19080,1,31884,1685487876
newOrder,11089,0,157837,1685487876
newOrder,24999,1,157837,1685487876
cancel,11089,,,1685488455
cancel,18481,,,1685488455
cancel,19080,,,1685488455
cancel,24999,,,1685488455
newOrder,18481,0,31934,1685488477
newOrder,19080,1,31934,1685488477
newOrder,16111,0,27264,1685488477
cancel,16111,,,1685489054
cancel,18481,,,1685489054
cancel,19080,,,1685489054
newOrder,18482,0,32000,1685489078
newOrder,19080,1,32000,1685489078
newOrder,11089,0,169853,1685489078
newOrder,24999,1,169853,1685489078
cancel,11089,,,1685489654
cancel,18482,,,1685489654
cancel,19080,,,1685489654
cancel,24999,,,1685489654
newOrder,18481,0,32042,1685489676
newOrder,19080,1,32042,1685489676
newOrder,16111,0,19725,1685489676
cancel,16111,,,1685490255
cancel,18481,,,1685490255
cancel,19080,,,1685490255
newOrder,18481,0,32091,1685490278
newOrder,19080,1,32091,1685490278
newOrder,11088,0,96805,1685490278
newOrder,24999,1,96805,1685490278
cancel,11088,,,1685490854
cancel,18481,,,1685490854
cancel,19080,,,1685490854
cancel,24999,,,1685490854
newOrder,18481,0,32148,1685490876
newOrder,19080,1,32148,1685490876
newOrder,16111,0,23987,1685490876
cancel,16111,,,1685491454
cancel,18481,,,1685491454
cancel,19080,,,1685491454
newOrder,18481,0,32201,1685491478
newOrder,19080,1,32201,1685491478
newOrder,11089,0,70911,1685491478
newOrder,24999,1,70911,1685491478
cancel,11089,,,1685492054
cancel,18481,,,1685492054
cancel,19080,,,1685492054
cancel,24999,,,1685492054
newOrder,18482,0,32270,1685492080
newOrder,19080,1,32270,1685492080
newOrder,11089,0,147956,1685492080
newOrder,24999,1,147956,1685492080
cancel,11089,,,1685492654
cancel,18482,,,1685492654
cancel,19080,,,1685492654
cancel,24999,,,1685492654
newOrder,18482,0,32326,1685492677
newOrder,19080,1,32326,1685492677
newOrder,16111,0,29410,1685492677
cancel,16111,,,1685493254
cancel,18482,,,1685493254
cancel,19080,,,1685493254
newOrder,18481,0,32365,1685493277
newOrder,19080,1,32365,1685493277
newOrder,11088,0,77351,1685493277
newOrder,24999,1,77351,1685493277
cancel,11088,,,1685493854
cancel,18481,,,1685493854
cancel,19080,,,1685493854
cancel,24999,,,1685493854
newOrder,18482,0,32431,1685493878
newOrder,19080,1,32431,1685493878
newOrder,11089,0,118405,1685493878
newOrder,24999,1,118405,1685493878
cancel,11089,,,1685494454
cancel,18482,,,1685494454
cancel,19080,,,1685494454
cancel,24999,,,1685494454
newOrder,18481,0,32476,1685494477
newOrder,19080,1,32476,1685494477
newOrder,11088,0,81697,1685494477
newOrder,24999,1,81697,1685494477
cancel,11088,,,1685495054
cancel,18481,,,1685495054
cancel,19080,,,1685495054
cancel,24999,,,1685495054
newOrder,18481,0,32535,1685495077
newOrder,19080,1,32535,1685495077
newOrder,11089,0,95394,1685495077
newOrder,24999,1,95394,1685495077
cancel,11089,,,1685495655
cancel,18481,,,1685495655
cancel,19080,,,1685495655
cancel,24999,,,1685495655
newOrder,18481,0,32595,1685495680
newOrder,19080,1,32595,1685495680
newOrder,11089,0,54574,1685495680
newOrder,24957,1,54574,1685495680
cancel,11089,,,1685496255
cancel,18481,,,1685496255
cancel,19080,,,1685496255
cancel,24957,,,1685496255
newOrder,18482,0,32659,1685496277
newOrder,19080,1,32659,1685496277
newOrder,11089,0,123306,1685496277
newOrder,24999,1,123306,1685496277
cancel,11089,,,1685496854
cancel,18482,,,1685496854
cancel,19080,,,1685496854
cancel,24999,,,1685496854
newOrder,18481,0,32710,1685496878
newOrder,19080,1,32710,1685496878
newOrder,11089,0,146341,1685496878
newOrder,24999,1,146341,1685496878
cancel,11089,,,1685497454
cancel,18481,,,1685497454
cancel,19080,,,1685497454
cancel,24999,,,1685497454
newOrder,18482,0,32774,1685497478
newOrder,19080,1,32774,1685497478
newOrder,11089,0,89369,1685497478
newOrder,24999,1,89369,1685497478
cancel,11089,,,1685498054
cancel,18482,,,1685498054
cancel,19080,,,1685498054
cancel,24999,,,1685498054
newOrder,18481,0,32821,1685498078
newOrder,19080,1,32821,1685498078
newOrder,11089,0,79877,1685498078
newOrder,24999,1,79877,1685498078
cancel,11089,,,1685498655
cancel,18481,,,1685498655
cancel,19080,,,1685498655
cancel,24999,,,1685498655
newOrder,18481,0,32879,1685498678
newOrder,19080,1,32879,1685498678
newOrder,11089,0,166233,1685498678
newOrder,24999,1,166233,1685498678
cancel,11089,,,1685499254
cancel,18481,,,1685499254
cancel,18800,,,1685499254
cancel,19080,,,1685499254
cancel,24999,,,1685499254
newOrder,18747,0,35659,1685499278
newOrder,19080,1,35659,1685499278
newOrder,11248,0,98377,1685499278
newOrder,24999,1,98377,1685499278
cancel,11248,,,1685499854
cancel,18747,,,1685499854
cancel,19080,,,1685499854
cancel,24999,,,1685499854
newOrder,18747,0,35739,1685499878
newOrder,19080,1,35739,1685499878
newOrder,16111,0,34759,1685499878
cancel,16111,,,1685500455
cancel,18747,,,1685500455
cancel,19080,,,1685500455
newOrder,18747,0,35820,1685500480
newOrder,19080,1,35820,1685500480
newOrder,11248,0,63035,1685500480
newOrder,24999,1,63035,1685500480
cancel,11248,,,1685501054
cancel,18747,,,1685501054
cancel,19080,,,1685501054
cancel,24999,,,1685501054
newOrder,18747,0,35900,1685501078
newOrder,19080,1,35900,1685501078
newOrder,11248,0,75004,1685501078
newOrder,24999,1,75004,1685501078
cancel,11248,,,1685501654
cancel,18747,,,1685501654
cancel,19080,,,1685501654
cancel,24999,,,1685501654
newOrder,18747,0,35982,1685501678
newOrder,19080,1,35982,1685501678
newOrder,11248,0,100610,1685501678
newOrder,24999,1,100610,1685501678
cancel,11248,,,1685502255
cancel,18747,,,1685502255
cancel,19080,,,1685502255
cancel,24999,,,1685502255
newOrder,18747,0,36064,1685502278
newOrder,19080,1,36064,1685502278
newOrder,12013,0,55124,1685502278
newOrder,24957,1,55124,1685502278
cancel,12013,,,1685502855
cancel,18747,,,1685502855
cancel,19080,,,1685502855
cancel,24957,,,1685502855
newOrder,18747,0,36147,1685502877
newOrder,19080,1,36147,1685502877
newOrder,11248,0,152199,1685502877
newOrder,24999,1,152199,1685502877
cancel,11248,,,1685503454
cancel,18747,,,1685503454
cancel,19080,,,1685503454
cancel,24999,,,1685503454
newOrder,18747,0,36230,1685503480
newOrder,19080,1,36230,1685503480
newOrder,11248,0,175661,1685503480
newOrder,24999,1,175661,1685503480
cancel,11248,,,1685504054
cancel,18747,,,1685504054
cancel,19080,,,1685504054
cancel,24999,,,1685504054
newOrder,18747,0,36314,1685504078
newOrder,19080,1,36314,1685504078
newOrder,11248,0,109825,1685504078
newOrder,24999,1,109825,1685504078
cancel,11248,,,1685504654
cancel,18747,,,1685504654
cancel,19080,,,1685504654
cancel,24999,,,1685504654
newOrder,18747,0,36398,1685504677
newOrder,19080,1,36398,1685504677
newOrder,12162,0,54145,1685504677
newOrder,24957,1,54145,1685504677
cancel,12162,,,1685505254
cancel,18747,,,1685505254
cancel,19080,,,1685505254
cancel,24957,,,1685505254
newOrder,18747,0,36484,1685505279
newOrder,19080,1,36484,1685505279
newOrder,11248,0,56811,1685505279
newOrder,24957,1,56811,1685505279
cancel,11248,,,1685505856
cancel,18747,,,1685505856
cancel,19080,,,1685505856
cancel,24957,,,1685505856
newOrder,18747,0,36570,1685505880
newOrder,19080,1,36570,1685505880
newOrder,12302,0,38256,1685505880
newOrder,24957,1,38256,1685505880
cancel,12302,,,1685506454
cancel,18747,,,1685506454
cancel,19080,,,1685506454
cancel,24957,,,1685506454
newOrder,18747,0,36656,1685506477
newOrder,19080,1,36656,1685506477
newOrder,11248,0,66065,1685506477
newOrder,24999,1,66065,1685506477
cancel,11248,,,1685507054
cancel,18747,,,1685507054
cancel,19080,,,1685507054
cancel,24999,,,1685507054
newOrder,18747,0,36744,1685507085
newOrder,19080,1,36744,1685507085
newOrder,11248,0,161580,1685507085
newOrder,24999,1,161580,1685507085
cancel,11248,,,1685507654
cancel,18747,,,1685507654
cancel,19080,,,1685507654
cancel,24999,,,1685507654
newOrder,18747,0,36831,1685507679
newOrder,19080,1,36831,1685507679
newOrder,11248,0,189487,1685507679
newOrder,24999,1,189487,1685507679
cancel,11248,,,1685508255
cancel,18747,,,1685508255
cancel,19080,,,1685508255
cancel,24999,,,1685508255
newOrder,18674,0,36357,1685508278
newOrder,19080,1,36357,1685508278
newOrder,16111,0,30515,1685508278
cancel,16111,,,1685508855
cancel,18674,,,1685508855
cancel,19080,,,1685508855
newOrder,18673,0,36434,1685508878
newOrder,19080,1,36434,1685508878
newOrder,16111,0,31050,1685508878
cancel,16111,,,1685509455
cancel,18673,,,1685509455
cancel,19080,,,1685509455
newOrder,18673,0,36515,1685509477
newOrder,19080,1,36515,1685509477
newOrder,11204,0,155281,1685509477
newOrder,24999,1,155281,1685509477
cancel,11204,,,1685510055
cancel,18673,,,1685510055
cancel,19080,,,1685510055
cancel,24999,,,1685510055
newOrder,18673,0,36600,1685510080
newOrder,19080,1,36600,1685510080
newOrder,11204,0,124699,1685510080
newOrder,24999,1,124699,1685510080
cancel,11204,,,1685510654
cancel,18673,,,1685510654
cancel,19080,,,1685510654
cancel,24999,,,1685510654
newOrder,18673,0,36686,1685510679
newOrder,19080,1,36686,1685510679
newOrder,11204,0,177744,1685510679
newOrder,24999,1,177744,1685510679
cancel,11204,,,1685511254
cancel,18673,,,1685511254
cancel,19080,,,1685511254
cancel,24999,,,1685511254
newOrder,18673,0,36773,1685511278
newOrder,19080,1,36773,1685511278
newOrder,11204,0,172259,1685511278
newOrder,24999,1,172259,1685511278
cancel,11204,,,1685511855
cancel,18673,,,1685511855
cancel,19080,,,1685511855
cancel,24999,,,1685511855
newOrder,18673,0,36860,1685511879
newOrder,19080,1,36860,1685511879
newOrder,11204,0,125530,1685511879
newOrder,24999,1,125530,1685511879
cancel,11204,,,1685512455
cancel,18673,,,1685512455
cancel,19080,,,1685512455
cancel,24999,,,1685512455
newOrder,18673,0,36948,1685512474
newOrder,19080,1,36948,1685512474
newOrder,12302,0,38435,1685512474
newOrder,24957,1,38435,1685512474
cancel,12302,,,1685513054
cancel,18673,,,1685513054
cancel,19080,,,1685513054
cancel,24957,,,1685513054
newOrder,18672,0,37031,1685513074
newOrder,19080,1,37031,1685513074
newOrder,11203,0,88592,1685513074
newOrder,24999,1,88592,1685513074
cancel,11203,,,1685513655
cancel,18672,,,1685513655
cancel,19080,,,1685513655
cancel,24999,,,1685513655
newOrder,18672,0,37120,1685513675
newOrder,19080,1,37120,1685513675
newOrder,11203,0,99322,1685513675
newOrder,24999,1,99322,1685513675
cancel,11203,,,1685514254
cancel,18672,,,1685514254
cancel,19080,,,1685514254
cancel,24999,,,1685514254
newOrder,18672,0,37208,1685514275
newOrder,19080,1,37208,1685514275
newOrder,11203,0,193460,1685514275
newOrder,24999,1,193460,1685514275
cancel,11203,,,1685514855
cancel,18672,,,1685514855
cancel,19080,,,1685514855
cancel,24999,,,1685514855
newOrder,18672,0,37295,1685514879
newOrder,19080,1,37295,1685514879
newOrder,11203,0,144358,1685514879
newOrder,24999,1,144358,1685514879
cancel,11203,,,1685515453
cancel,18672,,,1685515453
cancel,19080,,,1685515453
cancel,24999,,,1685515453
newOrder,18672,0,37386,1685515477
newOrder,19080,1,37386,1685515477
newOrder,11203,0,193608,1685515477
newOrder,24999,1,193608,1685515477
cancel,11203,,,1685516055
cancel,18672,,,1685516055
cancel,19080,,,1685516055
cancel,24999,,,1685516055
newOrder,18672,0,37478,1685516079
newOrder,19080,1,37478,1685516079
newOrder,11203,0,109882,1685516079
newOrder,24999,1,109882,1685516079
cancel,11203,,,1685516654
cancel,18672,,,1685516654
cancel,19080,,,1685516654
cancel,24999,,,1685516654
newOrder,18672,0,37571,1685516677
newOrder,19080,1,37571,1685516677
newOrder,11203,0,74448,1685516677
newOrder,24999,1,74448,1685516677
cancel,11203,,,1685517255
cancel,18672,,,1685517255
cancel,19080,,,1685517255
cancel,24999,,,1685517255
newOrder,18672,0,37664,1685517279
newOrder,19080,1,37664,1685517279
newOrder,11203,0,109479,1685517279
newOrder,24999,1,109479,1685517279
cancel,11203,,,1685517854
cancel,18672,,,1685517854
cancel,19080,,,1685517854
cancel,24999,,,1685517854
newOrder,18672,0,37759,1685517877
newOrder,19080,1,37759,1685517877
newOrder,11203,0,101651,1685517877
newOrder,24999,1,101651,1685517877
cancel,11203,,,1685518455
cancel,18672,,,1685518455
cancel,19080,,,1685518455
cancel,24999,,,1685518455
newOrder,18672,0,37853,1685518477
newOrder,19080,1,37853,1685518477
newOrder,11203,0,142380,1685518477
newOrder,24999,1,142380,1685518477
cancel,11203,,,1685519054
cancel,18672,,,1685519054
cancel,19080,,,1685519054
cancel,24999,,,1685519054
newOrder,18672,0,37949,1685519076
newOrder,19080,1,37949,1685519076
newOrder,11203,0,89815,1685519076
newOrder,24999,1,89815,1685519076
cancel,11203,,,1685519654
cancel,18672,,,1685519654
cancel,19080,,,1685519654
cancel,24999,,,1685519654
newOrder,18672,0,38045,1685519674
newOrder,19080,1,38045,1685519674
newOrder,12302,0,46008,1685519674
newOrder,24957,1,46008,1685519674
cancel,12302,,,1685520256
cancel,18672,,,1685520256
cancel,19080,,,1685520256
cancel,24957,,,1685520256
newOrder,18672,0,38143,1685520275
newOrder,19080,1,38143,1685520275
newOrder,11203,0,145043,1685520275
newOrder,24999,1,145043,1685520275
cancel,11203,,,1685520854
cancel,18672,,,1685520854
cancel,19080,,,1685520854
cancel,24999,,,1685520854
newOrder,18672,0,38241,1685520880
newOrder,19080,1,38241,1685520880
newOrder,11203,0,174478,1685520880
newOrder,24999,1,174478,1685520880
cancel,11203,,,1685521454
cancel,18672,,,1685521454
cancel,19080,,,1685521454
cancel,24999,,,1685521454
newOrder,18672,0,38340,1685521478
newOrder,19080,1,38340,1685521478
newOrder,11203,0,134949,1685521478
newOrder,24999,1,134949,1685521478
cancel,11203,,,1685522054
cancel,18672,,,1685522054
cancel,19080,,,1685522054
cancel,24999,,,1685522054
newOrder,18672,0,38440,1685522079
newOrder,19080,1,38440,1685522079
newOrder,11203,0,198856,1685522079
newOrder,24999,1,198856,1685522079
cancel,11203,,,1685522654
cancel,18672,,,1685522654
cancel,19080,,,1685522654
cancel,24999,,,1685522654
newOrder,18672,0,38540,1685522678
newOrder,19080,1,38540,1685522678
newOrder,11203,0,141034,1685522678
newOrder,24999,1,141034,1685522678
cancel,11203,,,1685523255
cancel,18672,,,1685523255
cancel,19080,,,1685523255
cancel,24999,,,1685523255
newOrder,18672,0,38642,1685523278
newOrder,19080,1,38642,1685523278
newOrder,11203,0,109010,1685523278
newOrder,24999,1,109010,1685523278
cancel,11203,,,1685523857
cancel,18672,,,1685523857
cancel,19080,,,1685523857
cancel,24999,,,1685523857
newOrder,18672,0,38744,1685523885
newOrder,19080,1,38744,1685523885
newOrder,11203,0,99353,1685523885
newOrder,24999,1,99353,1685523885
cancel,11203,,,1685524455
cancel,18672,,,1685524455
cancel,19080,,,1685524455
cancel,24999,,,1685524455
newOrder,18672,0,38847,1685524477
newOrder,19080,1,38847,1685524477
newOrder,11203,0,129736,1685524477
newOrder,24999,1,129736,1685524477
cancel,11203,,,1685525054
cancel,18672,,,1685525054
cancel,19080,,,1685525054
cancel,24999,,,1685525054
newOrder,18672,0,38951,1685525077
newOrder,19080,1,38951,1685525077
newOrder,11203,0,139004,1685525077
newOrder,24999,1,139004,1685525077
cancel,11203,,,1685525654
cancel,18672,,,1685525654
cancel,19080,,,1685525654
cancel,24999,,,1685525654
newOrder,18672,0,39056,1685525677
newOrder,19080,1,39056,1685525677
newOrder,11203,0,73505,1685525677
newOrder,24999,1,73505,1685525677
cancel,11203,,,1685526255
cancel,18672,,,1685526255
cancel,19080,,,1685526255
cancel,24999,,,1685526255
newOrder,18672,0,39162,1685526282
newOrder,19080,1,39162,1685526282
newOrder,11203,0,80261,1685526282
newOrder,24999,1,80261,1685526282
cancel,11203,,,1685526855
cancel,18672,,,1685526855
cancel,19080,,,1685526855
cancel,24999,,,1685526855
newOrder,18672,0,39268,1685526878
newOrder,19080,1,39268,1685526878
newOrder,12302,0,48455,1685526878
newOrder,24957,1,48455,1685526878
cancel,12302,,,1685527455
cancel,18672,,,1685527455
cancel,19080,,,1685527455
cancel,24957,,,1685527455
newOrder,18672,0,39376,1685527479
newOrder,19080,1,39376,1685527479
newOrder,11203,0,196720,1685527479
newOrder,24999,1,196720,1685527479
cancel,11203,,,1685528054
cancel,18672,,,1685528054
cancel,19080,,,1685528054
cancel,24999,,,1685528054
newOrder,18672,0,39484,1685528077
newOrder,19080,1,39484,1685528077
newOrder,11203,0,192162,1685528077
newOrder,24999,1,192162,1685528077
cancel,11203,,,1685528654
cancel,18672,,,1685528654
cancel,19080,,,1685528654
cancel,24999,,,1685528654
newOrder,18672,0,39593,1685528678
newOrder,19080,1,39593,1685528678
newOrder,11203,0,182297,1685528678
newOrder,24999,1,182297,1685528678
cancel,11203,,,1685529256
cancel,18672,,,1685529256
cancel,19080,,,1685529256
cancel,24999,,,1685529256
newOrder,18672,0,39704,1685529279
newOrder,19080,1,39704,1685529279
newOrder,11203,0,98240,1685529279
newOrder,24999,1,98240,1685529279
cancel,11203,,,1685529855
cancel,18672,,,1685529855
cancel,19080,,,1685529855
cancel,24999,,,1685529855
newOrder,18672,0,39815,1685529879
newOrder,19080,1,39815,1685529879
newOrder,11203,0,91909,1685529879
newOrder,24999,1,91909,1685529879
cancel,11203,,,1685530455
cancel,18672,,,1685530455
cancel,19080,,,1685530455
cancel,24999,,,1685530455
newOrder,18672,0,39928,1685530478
newOrder,19080,1,39928,1685530478
newOrder,11203,0,66623,1685530478
newOrder,24999,1,66623,1685530478
cancel,11203,,,1685531054
cancel,18672,,,1685531054
cancel,19080,,,1685531054
cancel,24999,,,1685531054
newOrder,18672,0,40041,1685531077
newOrder,19080,1,40041,1685531077
newOrder,11203,0,155153,1685531077
newOrder,24999,1,155153,1685531077
cancel,11203,,,1685531654
cancel,18672,,,1685531654
cancel,19080,,,1685531654
cancel,24999,,,1685531654
newOrder,18672,0,40155,1685531678
newOrder,19080,1,40155,1685531678
newOrder,11203,0,142471,1685531678
newOrder,24999,1,142471,1685531678
cancel,11203,,,1685532254
cancel,18672,,,1685532254
cancel,19080,,,1685532254
cancel,24999,,,1685532254
newOrder,18672,0,40271,1685532278
newOrder,19080,1,40271,1685532278
newOrder,11203,0,65936,1685532278
newOrder,24999,1,65936,1685532278
cancel,11203,,,1685532854
cancel,18672,,,1685532854
cancel,19080,,,1685532854
cancel,24999,,,1685532854
newOrder,18672,0,40388,1685532880
newOrder,19080,1,40388,1685532880
newOrder,12013,0,58693,1685532880
newOrder,24957,1,58693,1685532880
cancel,12013,,,1685533455
cancel,18672,,,1685533455
cancel,19080,,,1685533455
cancel,24957,,,1685533455
newOrder,18589,0,39164,1685533476
newOrder,19080,1,39164,1685533476
newOrder,16111,0,29788,1685533476
cancel,16111,,,1685534056
cancel,18589,,,1685534056
cancel,19080,,,1685534056
newOrder,18589,0,39265,1685534081
newOrder,19080,1,39265,1685534081
newOrder,11153,0,185204,1685534081
newOrder,24999,1,185204,1685534081
cancel,11153,,,1685534659
cancel,18589,,,1685534659
cancel,19080,,,1685534659
cancel,24999,,,1685534659
newOrder,18589,0,39382,1685534683
newOrder,19080,1,39382,1685534683
newOrder,11154,0,69100,1685534683
newOrder,24999,1,69100,1685534683