instruction,price,side,qty,time
cancel,11950,,,1679141752
cancel,19916,,,1679141752
cancel,20273,,,1679141752
cancel,24999,,,1679141752
newOrder,19916,0,16753,1679141766
newOrder,20273,1,16753,1679141766
newOrder,11950,0,89023,1679141766
newOrder,24999,1,89023,1679141766
cancel,11950,,,1679142351
cancel,19916,,,1679142351
cancel,20273,,,1679142351
cancel,24999,,,1679142351
newOrder,19916,0,16757,1679142368
newOrder,20273,1,16757,1679142368
newOrder,13515,0,35074,1679142368
newOrder,24999,1,35074,1679142368
cancel,13515,,,1679142951
cancel,19916,,,1679142951
cancel,20273,,,1679142951
cancel,24999,,,1679142951
newOrder,19916,0,16760,1679142966
newOrder,20273,1,16760,1679142966
newOrder,13516,0,28301,1679142966
newOrder,24999,1,28301,1679142966
cancel,13516,,,1679143551
cancel,19916,,,1679143551
cancel,20273,,,1679143551
cancel,24999,,,1679143551
newOrder,19916,0,16766,1679143566
newOrder,20271,1,16766,1679143566
newOrder,11950,0,67460,1679143566
newOrder,24999,1,67460,1679143566
cancel,11950,,,1679144152
cancel,19916,,,1679144152
cancel,20271,,,1679144152
cancel,24999,,,1679144152
newOrder,19916,0,16770,1679144167
newOrder,20271,1,16770,1679144167
newOrder,13516,0,17632,1679144167
newOrder,24999,1,17632,1679144167
cancel,13516,,,1679144752
cancel,19916,,,1679144752
cancel,20271,,,1679144752
cancel,24999,,,1679144752
newOrder,19916,0,16772,1679144766
newOrder,20272,1,16772,1679144766
newOrder,11950,0,75008,1679144766
newOrder,24999,1,75008,1679144766
cancel,11950,,,1679145351
cancel,19916,,,1679145351
cancel,20272,,,1679145351
cancel,24999,,,1679145351
newOrder,19916,0,16775,1679145365
newOrder,20272,1,16775,1679145365
newOrder,11962,0,45863,1679145365
newOrder,24999,1,45863,1679145365
cancel,11962,,,1679145952
cancel,19916,,,1679145952
cancel,20272,,,1679145952
cancel,24999,,,1679145952
newOrder,19916,0,16779,1679145967
newOrder,20272,1,16779,1679145967
newOrder,11950,0,77312,1679145967
newOrder,24999,1,77312,1679145967
cancel,11950,,,1679146552
cancel,19916,,,1679146552
cancel,20272,,,1679146552
cancel,24999,,,1679146552
newOrder,19916,0,16782,1679146567
newOrder,20272,1,16782,1679146567
newOrder,13516,0,24107,1679146567
newOrder,24999,1,24107,1679146567
cancel,13516,,,1679147152
cancel,19916,,,1679147152
cancel,20272,,,1679147152
cancel,24999,,,1679147152
newOrder,19916,0,16786,1679147167
newOrder,20272,1,16786,1679147167
newOrder,11962,0,57869,1679147167
newOrder,24999,1,57869,1679147167
cancel,11962,,,1679147752
cancel,19916,,,1679147752
cancel,20272,,,1679147752
cancel,24999,,,1679147752
newOrder,19916,0,16789,1679147768
newOrder,20272,1,16789,1679147768
newOrder,11950,0,77141,1679147768
newOrder,24999,1,77141,1679147768
cancel,11950,,,1679148353
cancel,19916,,,1679148353
cancel,20272,,,1679148353
cancel,24999,,,1679148353
newOrder,19916,0,16793,1679148370
newOrder,20272,1,16793,1679148370
newOrder,13516,0,21050,1679148370
newOrder,24999,1,21050,1679148370
cancel,13516,,,1679148952
cancel,19916,,,1679148952
cancel,20272,,,1679148952
cancel,24999,,,1679148952
newOrder,19916,0,16797,1679148967
newOrder,20272,1,16797,1679148967
newOrder,13516,0,27565,1679148967
newOrder,24999,1,27565,1679148967
cancel,13516,,,1679149552
cancel,19916,,,1679149552
cancel,20272,,,1679149552
cancel,24999,,,1679149552
newOrder,19916,0,16707,1679149567
newOrder,20363,1,16707,1679149567
newOrder,13516,0,23265,1679149567
newOrder,24999,1,23265,1679149567
cancel,13516,,,1679150152
cancel,19916,,,1679150152
cancel,20363,,,1679150152
cancel,24999,,,1679150152
newOrder,19916,0,16710,1679150169
newOrder,20363,1,16710,1679150169
newOrder,13515,0,41643,1679150169
newOrder,24999,1,41643,1679150169
cancel,13515,,,1679150752
cancel,19916,,,1679150752
cancel,20363,,,1679150752
cancel,24999,,,1679150752
newOrder,19916,0,16714,1679150768
newOrder,20363,1,16714,1679150768
newOrder,11950,0,87172,1679150768
newOrder,24999,1,87172,1679150768
cancel,11950,,,1679151352
cancel,19916,,,1679151352
cancel,20363,,,1679151352
cancel,24999,,,1679151352
newOrder,19916,0,16717,1679151369
newOrder,20363,1,16717,1679151369
newOrder,13516,0,20934,1679151369
newOrder,24999,1,20934,1679151369
cancel,13516,,,1679151952
cancel,19916,,,1679151952
cancel,20363,,,1679151952
cancel,24999,,,1679151952
newOrder,19916,0,16721,1679151967
newOrder,20363,1,16721,1679151967
newOrder,11950,0,81372,1679151967
newOrder,24999,1,81372,1679151967
cancel,11950,,,1679152552
cancel,19916,,,1679152552
cancel,20363,,,1679152552
cancel,24999,,,1679152552
newOrder,19916,0,16725,1679152566
newOrder,20363,1,16725,1679152566
newOrder,13515,0,37623,1679152566
newOrder,24999,1,37623,1679152566
cancel,13515,,,1679153151
cancel,19916,,,1679153151
cancel,20363,,,1679153151
cancel,24999,,,1679153151
newOrder,19916,0,16728,1679153167
newOrder,20363,1,16728,1679153167
newOrder,13515,0,34015,1679153167
newOrder,24999,1,34015,1679153167
cancel,13515,,,1679153752
cancel,19916,,,1679153752
cancel,20363,,,1679153752
cancel,24999,,,1679153752
newOrder,19916,0,16732,1679153768
newOrder,20363,1,16732,1679153768
newOrder,13516,0,12704,1679153768
newOrder,22584,1,12704,1679153768
cancel,13516,,,1679154352
cancel,19916,,,1679154352
cancel,20363,,,1679154352
cancel,22584,,,1679154352
newOrder,19916,0,16735,1679154369
newOrder,20363,1,16735,1679154369
newOrder,13515,0,34523,1679154369
newOrder,24999,1,34523,1679154369
cancel,13515,,,1679154953
cancel,19916,,,1679154953
cancel,20363,,,1679154953
cancel,24999,,,1679154953
newOrder,19916,0,16739,1679154970
newOrder,20363,1,16739,1679154970
newOrder,13515,0,31739,1679154970
newOrder,24999,1,31739,1679154970
cancel,13515,,,1679155552
cancel,19916,,,1679155552
cancel,20363,,,1679155552
cancel,24999,,,1679155552
newOrder,19916,0,16742,1679155569
newOrder,20363,1,16742,1679155569
newOrder,11950,0,78947,1679155569
newOrder,24999,1,78947,1679155569
cancel,11950,,,1679156152
cancel,19916,,,1679156152
cancel,20363,,,1679156152
cancel,24999,,,1679156152
newOrder,19916,0,16746,1679156169
newOrder,20363,1,16746,1679156169
newOrder,13516,0,17631,1679156169
newOrder,24999,1,17631,1679156169
cancel,13516,,,1679156752
cancel,19916,,,1679156752
cancel,20363,,,1679156752
cancel,24999,,,1679156752
newOrder,19916,0,16539,1679156769
newOrder,20538,1,16539,1679156769
newOrder,13516,0,15768,1679156769
newOrder,22584,1,15768,1679156769
cancel,13516,,,1679157352
cancel,19916,,,1679157352
cancel,20538,,,1679157352
cancel,22584,,,1679157352
newOrder,19916,0,16465,1679157369
newOrder,20596,1,16465,1679157369
newOrder,13516,0,13508,1679157369
newOrder,22584,1,13508,1679157369
cancel,13516,,,1679157952
cancel,19916,,,1679157952
cancel,20596,,,1679157952
cancel,22584,,,1679157952
newOrder,19916,0,16469,1679157970
newOrder,20596,1,16469,1679157970
newOrder,11950,0,76888,1679157970
newOrder,24999,1,76888,1679157970
cancel,11950,,,1679158552
cancel,19916,,,1679158552
cancel,20596,,,1679158552
cancel,24999,,,1679158552
newOrder,19916,0,16472,1679158569
newOrder,20596,1,16472,1679158569
newOrder,13516,0,25437,1679158569
newOrder,24999,1,25437,1679158569
cancel,13516,,,1679159152
cancel,19916,,,1679159152
cancel,20596,,,1679159152
cancel,24999,,,1679159152
newOrder,19916,0,16476,1679159168
newOrder,20596,1,16476,1679159168
newOrder,11962,0,46039,1679159168
newOrder,24999,1,46039,1679159168
cancel,11962,,,1679159752
cancel,19916,,,1679159752
cancel,20596,,,1679159752
cancel,24999,,,1679159752
newOrder,19916,0,16479,1679159769
newOrder,20596,1,16479,1679159769
newOrder,13516,0,27265,1679159769
newOrder,24999,1,27265,1679159769
cancel,13516,,,1679160352
cancel,19916,,,1679160352
cancel,20596,,,1679160352
cancel,24999,,,1679160352
newOrder,19916,0,16450,1679160369
newOrder,20619,1,16450,1679160369
newOrder,11962,0,48554,1679160369
newOrder,24999,1,48554,1679160369
cancel,11962,,,1679160952
cancel,19916,,,1679160952
cancel,20619,,,1679160952
cancel,24999,,,1679160952
newOrder,19916,0,16454,1679160967
newOrder,20619,1,16454,1679160967
newOrder,11962,0,53380,1679160967
newOrder,24999,1,53380,1679160967
cancel,11962,,,1679161553
cancel,19916,,,1679161553
cancel,20619,,,1679161553
cancel,24999,,,1679161553
newOrder,19916,0,16457,1679161568
newOrder,20619,1,16457,1679161568
newOrder,11950,0,65624,1679161568
newOrder,24999,1,65624,1679161568
cancel,11950,,,1679162152
cancel,19916,,,1679162152
cancel,20619,,,1679162152
cancel,24999,,,1679162152
newOrder,19916,0,16461,1679162167
newOrder,20619,1,16461,1679162167
newOrder,11950,0,77302,1679162167
newOrder,24999,1,77302,1679162167
cancel,11950,,,1679162752
cancel,19916,,,1679162752
cancel,20619,,,1679162752
cancel,24999,,,1679162752
newOrder,19916,0,16464,1679162767
newOrder,20619,1,16464,1679162767
newOrder,11962,0,58722,1679162767
newOrder,24999,1,58722,1679162767
cancel,11962,,,1679163352
cancel,19916,,,1679163352
cancel,20619,,,1679163352
cancel,24999,,,1679163352
newOrder,19916,0,16438,1679163367
newOrder,20639,1,16438,1679163367
newOrder,11950,0,63926,1679163367
newOrder,24999,1,63926,1679163367
cancel,11950,,,1679163952
cancel,19916,,,1679163952
cancel,20639,,,1679163952
cancel,24999,,,1679163952
newOrder,19916,0,16210,1679163967
newOrder,20791,1,16210,1679163967
newOrder,11950,0,84169,1679163967
newOrder,24999,1,84169,1679163967
cancel,11950,,,1679164552
cancel,19916,,,1679164552
cancel,20791,,,1679164552
cancel,24999,,,1679164552
newOrder,19916,0,16019,1679164568
newOrder,20908,1,16019,1679164568
newOrder,11950,0,82455,1679164568
newOrder,24999,1,82455,1679164568
cancel,11950,,,1679165153
cancel,19916,,,1679165153
cancel,20908,,,1679165153
cancel,24999,,,1679165153
newOrder,19916,0,15758,1679165170
newOrder,21053,1,15758,1679165170
newOrder,13516,0,28915,1679165170
newOrder,24999,1,28915,1679165170
cancel,13516,,,1679165752
cancel,19916,,,1679165752
cancel,21053,,,1679165752
cancel,24999,,,1679165752
newOrder,19916,0,16707,1679165766
newOrder,20446,1,16707,1679165766
newOrder,13516,0,13170,1679165766
newOrder,22584,1,13170,1679165766
cancel,13516,,,1679165959
cancel,19916,,,1679165959
cancel,20446,,,1679165959
cancel,22584,,,1679165959
newOrder,20084,0,16917,1679165975
newOrder,20253,1,16917,1679165975
newOrder,13516,0,15295,1679165975
newOrder,22584,1,15295,1679165975
cancel,13516,,,1679166588
cancel,20084,,,1679166588
cancel,20253,,,1679166588
cancel,22584,,,1679166588
newOrder,20178,0,16825,1679166607
newOrder,20347,1,16825,1679166607
newOrder,13515,0,32543,1679166607
newOrder,24999,1,32543,1679166607
cancel,13515,,,1679167190
cancel,20178,,,1679167190
cancel,20347,,,1679167190
cancel,24999,,,1679167190
newOrder,20178,0,16829,1679167206
newOrder,20347,1,16829,1679167206
newOrder,12107,0,61656,1679167206
newOrder,24999,1,61656,1679167206
cancel,12107,,,1679167789
cancel,20178,,,1679167789
cancel,20347,,,1679167789
cancel,24999,,,1679167789
newOrder,20201,0,16807,1679167806
newOrder,20371,1,16807,1679167806
newOrder,13516,0,10336,1679167806
newOrder,22584,1,10336,1679167806
cancel,13516,,,1679168390
cancel,20201,,,1679168390
cancel,20371,,,1679168390
cancel,22584,,,1679168390
newOrder,20240,0,16765,1679168407
newOrder,20411,1,16765,1679168407
newOrder,12144,0,76864,1679168407
newOrder,24999,1,76864,1679168407
cancel,12144,,,1679168990
cancel,20240,,,1679168990
cancel,20411,,,1679168990
cancel,24999,,,1679168990
newOrder,20240,0,16769,1679169004
newOrder,20411,1,16769,1679169004
newOrder,13516,0,12659,1679169004
newOrder,22584,1,12659,1679169004
cancel,13516,,,1679169590
cancel,20240,,,1679169590
cancel,20411,,,1679169590
cancel,22584,,,1679169590
newOrder,20240,0,16773,1679169605
newOrder,20411,1,16773,1679169605
newOrder,12144,0,85072,1679169605
newOrder,24999,1,85072,1679169605
cancel,12144,,,1679170190
cancel,20240,,,1679170190
cancel,20411,,,1679170190
cancel,24999,,,1679170190
newOrder,20240,0,16776,1679170206
newOrder,20411,1,16776,1679170206
newOrder,12144,0,77988,1679170206
newOrder,24999,1,77988,1679170206
cancel,12144,,,1679170789
cancel,20240,,,1679170789
cancel,20411,,,1679170789
cancel,24999,,,1679170789
newOrder,20240,0,16780,1679170805
newOrder,20411,1,16780,1679170805
newOrder,13515,0,18836,1679170805
newOrder,24999,1,18836,1679170805
cancel,13515,,,1679171390
cancel,20240,,,1679171390
cancel,20411,,,1679171390
cancel,24999,,,1679171390
newOrder,20188,0,16843,1679171406
newOrder,20357,1,16843,1679171406
newOrder,12113,0,57471,1679171406
newOrder,24999,1,57471,1679171406
cancel,12113,,,1679171989
cancel,20188,,,1679171989
cancel,20357,,,1679171989
cancel,24999,,,1679171989
newOrder,20180,0,16855,1679172006
newOrder,20350,1,16855,1679172006
newOrder,12108,0,47420,1679172006
newOrder,24999,1,47420,1679172006
cancel,12108,,,1679172589
cancel,20180,,,1679172589
cancel,20350,,,1679172589
cancel,24999,,,1679172589
newOrder,20188,0,16851,1679172606
newOrder,20357,1,16851,1679172606
newOrder,13515,0,12160,1679172606
newOrder,22584,1,12160,1679172606
cancel,13515,,,1679173189
cancel,20188,,,1679173189
cancel,20357,,,1679173189
cancel,22584,,,1679173189
newOrder,20188,0,16854,1679173206
newOrder,20357,1,16854,1679173206
newOrder,12113,0,73477,1679173206
newOrder,24999,1,73477,1679173206
cancel,12113,,,1679173790
cancel,20188,,,1679173790
cancel,20357,,,1679173790
cancel,24999,,,1679173790
newOrder,20085,0,16964,1679173805
newOrder,20254,1,16964,1679173805
newOrder,12051,0,57146,1679173805
newOrder,24999,1,57146,1679173805
cancel,12051,,,1679174390
cancel,20085,,,1679174390
cancel,20254,,,1679174390
cancel,24999,,,1679174390
newOrder,19970,0,17069,1679174405
newOrder,20138,1,17069,1679174405
newOrder,11982,0,69356,1679174405
newOrder,24999,1,69356,1679174405
cancel,11982,,,1679174990
cancel,19970,,,1679174990
cancel,20138,,,1679174990
cancel,24999,,,1679174990
newOrder,19951,0,17088,1679175006
newOrder,20118,1,17088,1679175006
newOrder,13515,0,27562,1679175006
newOrder,24999,1,27562,1679175006
cancel,13515,,,1679175590
cancel,19951,,,1679175590
cancel,20118,,,1679175590
cancel,24999,,,1679175590
newOrder,19951,0,17092,1679175605
newOrder,20118,1,17092,1679175605
newOrder,11970,0,36917,1679175605
newOrder,24999,1,36917,1679175605
cancel,11970,,,1679176189
cancel,19951,,,1679176189
cancel,20118,,,1679176189
cancel,24999,,,1679176189
newOrder,19927,0,17113,1679176204
newOrder,20095,1,17113,1679176204
newOrder,13515,0,26975,1679176204
newOrder,24999,1,26975,1679176204
cancel,13515,,,1679176791
cancel,19927,,,1679176791
cancel,20095,,,1679176791
cancel,24999,,,1679176791
newOrder,19917,0,17124,1679176810
newOrder,20085,1,17124,1679176810
newOrder,11950,0,45902,1679176810
newOrder,24999,1,45902,1679176810
cancel,11950,,,1679177390
cancel,19917,,,1679177390
cancel,20085,,,1679177390
cancel,24999,,,1679177390
newOrder,19927,0,17120,1679177405
newOrder,20095,1,17120,1679177405
newOrder,11956,0,58938,1679177405
newOrder,24999,1,58938,1679177405
cancel,11956,,,1679177990
cancel,19927,,,1679177990
cancel,20095,,,1679177990
cancel,24999,,,1679177990
newOrder,19930,0,17122,1679178005
newOrder,20097,1,17122,1679178005
newOrder,11958,0,37767,1679178005
newOrder,24999,1,37767,1679178005
cancel,11958,,,1679178589
cancel,19930,,,1679178589
cancel,20097,,,1679178589
cancel,24999,,,1679178589
newOrder,19929,0,17127,1679178604
newOrder,20096,1,17127,1679178604
newOrder,13515,0,13204,1679178604
newOrder,22584,1,13204,1679178604
cancel,13515,,,1679179190
cancel,19929,,,1679179190
cancel,20096,,,1679179190
cancel,22584,,,1679179190
newOrder,19928,0,17131,1679179204
newOrder,20096,1,17131,1679179204
newOrder,13515,0,10830,1679179204
newOrder,22584,1,10830,1679179204
cancel,13515,,,1679179789
cancel,19928,,,1679179789
cancel,20096,,,1679179789
cancel,22584,,,1679179789
newOrder,19929,0,17134,1679179804
newOrder,20096,1,17134,1679179804
newOrder,11957,0,69506,1679179804
newOrder,24999,1,69506,1679179804
cancel,11957,,,1679180390
cancel,19929,,,1679180390
cancel,20096,,,1679180390
cancel,24999,,,1679180390
newOrder,19931,0,17136,1679180404
newOrder,20098,1,17136,1679180404
newOrder,11958,0,67473,1679180404
newOrder,24999,1,67473,1679180404
cancel,11958,,,1679180990
cancel,19931,,,1679180990
cancel,20098,,,1679180990
cancel,24999,,,1679180990
newOrder,19930,0,17141,1679181004
newOrder,20097,1,17141,1679181004
newOrder,11958,0,56265,1679181004
newOrder,24999,1,56265,1679181004
cancel,11958,,,1679181590
cancel,19930,,,1679181590
cancel,20097,,,1679181590
cancel,24999,,,1679181590
newOrder,19928,0,17146,1679181604
newOrder,20095,1,17146,1679181604
newOrder,11957,0,79923,1679181604
newOrder,24999,1,79923,1679181604
cancel,11957,,,1679182190
cancel,19928,,,1679182190
cancel,20095,,,1679182190
cancel,24999,,,1679182190
newOrder,19928,0,17150,1679182205
newOrder,20095,1,17150,1679182205
newOrder,11957,0,43043,1679182205
newOrder,24999,1,43043,1679182205
cancel,11957,,,1679182790
cancel,19928,,,1679182790
cancel,20095,,,1679182790
cancel,24999,,,1679182790
newOrder,19923,0,17157,1679182804
newOrder,20091,1,17157,1679182804
newOrder,13515,0,19984,1679182804
newOrder,24999,1,19984,1679182804
cancel,13515,,,1679183389
cancel,19923,,,1679183389
cancel,20091,,,1679183389
cancel,24999,,,1679183389
newOrder,19925,0,17160,1679183404
newOrder,20092,1,17160,1679183404
newOrder,11955,0,46764,1679183404
newOrder,24999,1,46764,1679183404
cancel,11955,,,1679183989
cancel,19925,,,1679183989
cancel,20092,,,1679183989
cancel,24999,,,1679183989
newOrder,19925,0,17163,1679184004
newOrder,20092,1,17163,1679184004
newOrder,13515,0,16431,1679184004
newOrder,22584,1,16431,1679184004
cancel,13515,,,1679184589
cancel,19925,,,1679184589
cancel,20092,,,1679184589
cancel,22584,,,1679184589
newOrder,19926,0,17166,1679184605
newOrder,20094,1,17166,1679184605
newOrder,13515,0,25024,1679184605
newOrder,24999,1,25024,1679184605
cancel,13515,,,1679185189
cancel,19926,,,1679185189
cancel,20094,,,1679185189
cancel,24999,,,1679185189
newOrder,19902,0,17187,1679185204
newOrder,20070,1,17187,1679185204
newOrder,13515,0,16973,1679185204
newOrder,22584,1,16973,1679185204
cancel,13515,,,1679185789
cancel,19902,,,1679185789
cancel,20070,,,1679185789
cancel,22584,,,1679185789
newOrder,19905,0,17189,1679185803
newOrder,20072,1,17189,1679185803
newOrder,11943,0,79687,1679185803
newOrder,24999,1,79687,1679185803
cancel,11943,,,1679186390
cancel,19905,,,1679186390
cancel,20072,,,1679186390
cancel,24999,,,1679186390
newOrder,19907,0,17191,1679186404
newOrder,20074,1,17191,1679186404
newOrder,11944,0,42995,1679186404
newOrder,24999,1,42995,1679186404
cancel,11944,,,1679186990
cancel,19907,,,1679186990
cancel,20074,,,1679186990
cancel,24999,,,1679186990
newOrder,19829,0,17246,1679187006
newOrder,19996,1,17246,1679187006
newOrder,11898,0,35772,1679187006
newOrder,24999,1,35772,1679187006
cancel,11898,,,1679187589
cancel,19829,,,1679187589
cancel,19996,,,1679187589
cancel,24999,,,1679187589
newOrder,19829,0,17249,1679187603
newOrder,19996,1,17249,1679187603
newOrder,11898,0,40261,1679187603
newOrder,24999,1,40261,1679187603
cancel,11898,,,1679188189
cancel,19829,,,1679188189
cancel,19996,,,1679188189
cancel,24999,,,1679188189
newOrder,19832,0,17252,1679188204
newOrder,19999,1,17252,1679188204
newOrder,11899,0,51050,1679188204
newOrder,24999,1,51050,1679188204
cancel,11899,,,1679188789
cancel,19832,,,1679188789
cancel,19999,,,1679188789
cancel,24999,,,1679188789
newOrder,19832,0,17255,1679188803
newOrder,19999,1,17255,1679188803
newOrder,13515,0,13867,1679188803
newOrder,22584,1,13867,1679188803
cancel,13515,,,1679189390
cancel,19832,,,1679189390
cancel,19999,,,1679189390
cancel,22584,,,1679189390
newOrder,19833,0,17259,1679189404
newOrder,20000,1,17259,1679189404
newOrder,11900,0,58541,1679189404
newOrder,24999,1,58541,1679189404
cancel,11900,,,1679189990
cancel,19833,,,1679189990
cancel,20000,,,1679189990
cancel,24999,,,1679189990
newOrder,19833,0,17263,1679190004
newOrder,20000,1,17263,1679190004
newOrder,13515,0,27864,1679190004
newOrder,24999,1,27864,1679190004
cancel,13515,,,1679190589
cancel,19833,,,1679190589
cancel,20000,,,1679190589
cancel,24999,,,1679190589
newOrder,19829,0,17269,1679190603
newOrder,19996,1,17269,1679190603
newOrder,11897,0,64893,1679190603
newOrder,24999,1,64893,1679190603
cancel,11897,,,1679191190
cancel,19829,,,1679191190
cancel,19996,,,1679191190
cancel,24999,,,1679191190
newOrder,19831,0,17271,1679191204
newOrder,19998,1,17271,1679191204
newOrder,11899,0,47694,1679191204
newOrder,24999,1,47694,1679191204
cancel,11899,,,1679191789
cancel,19831,,,1679191789
cancel,19998,,,1679191789
cancel,24999,,,1679191789
newOrder,19830,0,17276,1679191804
newOrder,19997,1,17276,1679191804
newOrder,11898,0,70167,1679191804
newOrder,24999,1,70167,1679191804
cancel,11898,,,1679192390
cancel,19830,,,1679192390
cancel,19997,,,1679192390
cancel,24999,,,1679192390
newOrder,19829,0,17280,1679192403
newOrder,19996,1,17280,1679192403
newOrder,11897,0,38284,1679192403
newOrder,24999,1,38284,1679192403
cancel,11897,,,1679192990
cancel,19829,,,1679192990
cancel,19996,,,1679192990
cancel,24999,,,1679192990
newOrder,19703,0,17347,1679193004
newOrder,19868,1,17347,1679193004
newOrder,11822,0,41038,1679193004
newOrder,24999,1,41038,1679193004
cancel,11822,,,1679193590
cancel,19703,,,1679193590
cancel,19868,,,1679193590
cancel,24999,,,1679193590
newOrder,19704,0,17350,1679193604
newOrder,19869,1,17350,1679193604
newOrder,11822,0,56500,1679193604
newOrder,24999,1,56500,1679193604
cancel,11822,,,1679194189
cancel,19704,,,1679194189
cancel,19869,,,1679194189
cancel,24999,,,1679194189
newOrder,19706,0,17353,1679194205
newOrder,19872,1,17353,1679194205
newOrder,11824,0,50438,1679194205
newOrder,24999,1,50438,1679194205
cancel,11824,,,1679194789
cancel,19706,,,1679194789
cancel,19872,,,1679194789
cancel,24999,,,1679194789
newOrder,19706,0,17357,1679194803
newOrder,19871,1,17357,1679194803
newOrder,11823,0,43848,1679194803
newOrder,24999,1,43848,1679194803
cancel,11823,,,1679195389
cancel,19706,,,1679195389
cancel,19871,,,1679195389
cancel,24999,,,1679195389
newOrder,19704,0,17361,1679195404
newOrder,19870,1,17361,1679195404
newOrder,11823,0,54391,1679195404
newOrder,24999,1,54391,1679195404
cancel,11823,,,1679195989
cancel,19704,,,1679195989
cancel,19870,,,1679195989
cancel,24999,,,1679195989
newOrder,19704,0,17365,1679196003
newOrder,19870,1,17365,1679196003
newOrder,13515,0,17243,1679196003
newOrder,22584,1,17243,1679196003
cancel,13515,,,1679196589
cancel,19704,,,1679196589
cancel,19870,,,1679196589
cancel,22584,,,1679196589
newOrder,19704,0,17369,1679196604
newOrder,19870,1,17369,1679196604
newOrder,11823,0,80120,1679196604
newOrder,24999,1,80120,1679196604
cancel,11823,,,1679197192
cancel,19704,,,1679197192
cancel,19870,,,1679197192
cancel,24999,,,1679197192
newOrder,19704,0,17373,1679197206
newOrder,19869,1,17373,1679197206
newOrder,11822,0,88448,1679197206
newOrder,24999,1,88448,1679197206
cancel,11822,,,1679197790
cancel,19704,,,1679197790
cancel,19869,,,1679197790
cancel,24999,,,1679197790
newOrder,19702,0,17378,1679197804
newOrder,19868,1,17378,1679197804
newOrder,13515,0,25219,1679197804
newOrder,24999,1,25219,1679197804
cancel,13515,,,1679198390
cancel,19702,,,1679198390
cancel,19868,,,1679198390
cancel,24999,,,1679198390
newOrder,19594,0,17415,1679198405
newOrder,19759,1,17415,1679198405
newOrder,11756,0,59647,1679198405
newOrder,24999,1,59647,1679198405
cancel,11756,,,1679198990
cancel,19594,,,1679198990
cancel,19759,,,1679198990
cancel,24999,,,1679198990
newOrder,19593,0,17419,1679199004
newOrder,19758,1,17419,1679199004
newOrder,11756,0,79312,1679199004
newOrder,24999,1,79312,1679199004
cancel,11756,,,1679199590
cancel,19593,,,1679199590
cancel,19758,,,1679199590
cancel,24999,,,1679199590
newOrder,19593,0,17423,1679199604
newOrder,19758,1,17423,1679199604
newOrder,11756,0,54029,1679199604
newOrder,24999,1,54029,1679199604
cancel,11756,,,1679200189
cancel,19593,,,1679200189
cancel,19758,,,1679200189
cancel,24999,,,1679200189
newOrder,19592,0,17427,1679200204
newOrder,19756,1,17427,1679200204
newOrder,11755,0,78281,1679200204
newOrder,24999,1,78281,1679200204
cancel,11755,,,1679200790
cancel,19592,,,1679200790
cancel,19756,,,1679200790
cancel,24999,,,1679200790
newOrder,19593,0,17431,1679200804
newOrder,19757,1,17431,1679200804
newOrder,11756,0,70187,1679200804
newOrder,24999,1,70187,1679200804
cancel,11756,,,1679201389
cancel,19593,,,1679201389
cancel,19757,,,1679201389
cancel,24999,,,1679201389
newOrder,19593,0,17434,1679201404
newOrder,19758,1,17434,1679201404
newOrder,11756,0,74995,1679201404
newOrder,24999,1,74995,1679201404
cancel,11756,,,1679201989
cancel,19593,,,1679201989
cancel,19758,,,1679201989
cancel,24999,,,1679201989
newOrder,19488,0,17452,1679202004
newOrder,19652,1,17452,1679202004
newOrder,13515,0,25328,1679202004
newOrder,24999,1,25328,1679202004
cancel,13515,,,1679202589
cancel,19488,,,1679202589
cancel,19652,,,1679202589
cancel,24999,,,1679202589
newOrder,19489,0,17456,1679202604
newOrder,19652,1,17456,1679202604
newOrder,13515,0,12305,1679202604
newOrder,22584,1,12305,1679202604
cancel,13515,,,1679203189
cancel,19489,,,1679203189
cancel,19652,,,1679203189
cancel,22584,,,1679203189
newOrder,19489,0,17460,1679203203
newOrder,19652,1,17460,1679203203
newOrder,11693,0,85176,1679203203
newOrder,24999,1,85176,1679203203
cancel,11693,,,1679203790
cancel,19489,,,1679203790
cancel,19652,,,1679203790
cancel,24999,,,1679203790
newOrder,19489,0,17464,1679203806
newOrder,19653,1,17464,1679203806
newOrder,11694,0,62784,1679203806
newOrder,24999,1,62784,1679203806
cancel,11694,,,1679204389
cancel,19489,,,1679204389
cancel,19653,,,1679204389
cancel,24999,,,1679204389
newOrder,19489,0,17468,1679204404
newOrder,19653,1,17468,1679204404
newOrder,13515,0,29320,1679204404
newOrder,24999,1,29320,1679204404
cancel,13515,,,1679204989
cancel,19489,,,1679204989
cancel,19653,,,1679204989
cancel,24999,,,1679204989
newOrder,19452,0,17472,1679205004
newOrder,19615,1,17472,1679205004
newOrder,11671,0,82526,1679205004
newOrder,24999,1,82526,1679205004
cancel,11671,,,1679205590
cancel,19452,,,1679205590
cancel,19615,,,1679205590
cancel,24999,,,1679205590
newOrder,19379,0,17471,1679205604
newOrder,19542,1,17471,1679205604
newOrder,11627,0,34811,1679205604
newOrder,24999,1,34811,1679205604
cancel,11627,,,1679206189
cancel,19379,,,1679206189
cancel,19542,,,1679206189
cancel,24999,,,1679206189
newOrder,19380,0,17475,1679206203
newOrder,19543,1,17475,1679206203
newOrder,11628,0,85869,1679206203
newOrder,24999,1,85869,1679206203
cancel,11628,,,1679206790
cancel,19380,,,1679206790
cancel,19543,,,1679206790
cancel,24999,,,1679206790
newOrder,19311,0,17465,1679206804
newOrder,19473,1,17465,1679206804
newOrder,11586,0,65123,1679206804
newOrder,24999,1,65123,1679206804
cancel,11586,,,1679207390
cancel,19311,,,1679207390
cancel,19473,,,1679207390
cancel,24999,,,1679207390
newOrder,19279,0,17460,1679207404
newOrder,19441,1,17460,1679207404
newOrder,13515,0,14202,1679207404
newOrder,22584,1,14202,1679207404
cancel,13515,,,1679207989
cancel,19279,,,1679207989
cancel,19441,,,1679207989
cancel,22584,,,1679207989
newOrder,19281,0,17465,1679208004
newOrder,19443,1,17465,1679208004
newOrder,11569,0,77490,1679208004
newOrder,24999,1,77490,1679208004
cancel,11569,,,1679208589
cancel,19281,,,1679208589
cancel,19443,,,1679208589
cancel,24999,,,1679208589
newOrder,19281,0,17469,1679208604
newOrder,19443,1,17469,1679208604
newOrder,11569,0,86102,1679208604
newOrder,24999,1,86102,1679208604
cancel,11569,,,1679209189
cancel,19281,,,1679209189
cancel,19443,,,1679209189
cancel,24999,,,1679209189
newOrder,19280,0,17472,1679209204
newOrder,19442,1,17472,1679209204
newOrder,11568,0,50102,1679209204
newOrder,24999,1,50102,1679209204
cancel,11568,,,1679209791
cancel,19280,,,1679209791
cancel,19442,,,1679209791
cancel,24999,,,1679209791
newOrder,19281,0,17476,1679209805
newOrder,19444,1,17476,1679209805
newOrder,13515,0,15390,1679209805
newOrder,22584,1,15390,1679209805
cancel,13515,,,1679210390
cancel,19281,,,1679210390
cancel,19444,,,1679210390
cancel,22584,,,1679210390
newOrder,19281,0,17480,1679210406
newOrder,19443,1,17480,1679210406
newOrder,11569,0,90529,1679210406
newOrder,24999,1,90529,1679210406
cancel,11569,,,1679210990
cancel,19281,,,1679210990
cancel,19443,,,1679210990
cancel,24999,,,1679210990
newOrder,19282,0,17484,1679211005
newOrder,19444,1,17484,1679211005
newOrder,11569,0,63740,1679211005
newOrder,24999,1,63740,1679211005
cancel,11569,,,1679211590
cancel,19282,,,1679211590
cancel,19444,,,1679211590
cancel,24999,,,1679211590
newOrder,19280,0,17487,1679211605
newOrder,19442,1,17487,1679211605
newOrder,13515,0,16154,1679211605
newOrder,22584,1,16154,1679211605
cancel,13515,,,1679212190
cancel,19280,,,1679212190
cancel,19442,,,1679212190
cancel,22584,,,1679212190
newOrder,19280,0,17491,1679212205
newOrder,19442,1,17491,1679212205
newOrder,13515,0,11669,1679212205
newOrder,22584,1,11669,1679212205
cancel,13515,,,1679212790
cancel,19280,,,1679212790
cancel,19442,,,1679212790
cancel,22584,,,1679212790
newOrder,19282,0,17495,1679212803
newOrder,19445,1,17495,1679212803
newOrder,11569,0,88137,1679212803
newOrder,24999,1,88137,1679212803
cancel,11569,,,1679213390
cancel,19282,,,1679213390
cancel,19445,,,1679213390
cancel,24999,,,1679213390
newOrder,19288,0,17501,1679213404
newOrder,19450,1,17501,1679213404
newOrder,11573,0,67748,1679213404
newOrder,24999,1,67748,1679213404
cancel,11573,,,1679213990
cancel,19288,,,1679213990
cancel,19450,,,1679213990
cancel,24999,,,1679213990
newOrder,19288,0,17504,1679214004
newOrder,19450,1,17504,1679214004
newOrder,13515,0,12273,1679214004
newOrder,22584,1,12273,1679214004
cancel,13515,,,1679214590
cancel,19288,,,1679214590
cancel,19450,,,1679214590
cancel,22584,,,1679214590
newOrder,19289,0,17508,1679214605
newOrder,19451,1,17508,1679214605
newOrder,13515,0,27220,1679214605
newOrder,24999,1,27220,1679214605
cancel,13515,,,1679215190
cancel,19289,,,1679215190
cancel,19451,,,1679215190
cancel,24999,,,1679215190
newOrder,19288,0,17512,1679215204
newOrder,19450,1,17512,1679215204
newOrder,11573,0,52320,1679215204
newOrder,24999,1,52320,1679215204
cancel,11573,,,1679215789
cancel,19288,,,1679215789
cancel,19450,,,1679215789
cancel,24999,,,1679215789
newOrder,19288,0,17516,1679215805
newOrder,19450,1,17516,1679215805
newOrder,13515,0,12306,1679215805
newOrder,22584,1,12306,1679215805
cancel,13515,,,1679216389
cancel,19288,,,1679216389
cancel,19450,,,1679216389
cancel,22584,,,1679216389
newOrder,19287,0,17519,1679216404
newOrder,19449,1,17519,1679216404
newOrder,11572,0,72581,1679216404
newOrder,24999,1,72581,1679216404
cancel,11572,,,1679216989
cancel,19287,,,1679216989
cancel,19449,,,1679216989
cancel,24999,,,1679216989
newOrder,19285,0,17522,1679217003
newOrder,19447,1,17522,1679217003
newOrder,11571,0,52275,1679217003
newOrder,24999,1,52275,1679217003
cancel,11571,,,1679217589
cancel,19285,,,1679217589
cancel,19447,,,1679217589
cancel,24999,,,1679217589
newOrder,19286,0,17526,1679217604
newOrder,19448,1,17526,1679217604
newOrder,14001,0,13158,1679217604
newOrder,22584,1,13158,1679217604
cancel,14001,,,1679218190
cancel,19286,,,1679218190
cancel,19448,,,1679218190
cancel,22584,,,1679218190
newOrder,19193,0,17495,1679218203
newOrder,19354,1,17495,1679218203
newOrder,11516,0,59305,1679218203
newOrder,24999,1,59305,1679218203
cancel,11516,,,1679218789
cancel,19193,,,1679218789
cancel,19354,,,1679218789
cancel,24999,,,1679218789
newOrder,19091,0,17443,1679218804
newOrder,19252,1,17443,1679218804
newOrder,11455,0,54209,1679218804
newOrder,24999,1,54209,1679218804
cancel,11455,,,1679219390
cancel,19091,,,1679219390
cancel,19252,,,1679219390
cancel,24999,,,1679219390
newOrder,19091,0,17447,1679219405
newOrder,19252,1,17447,1679219405
newOrder,11455,0,72977,1679219405
newOrder,24999,1,72977,1679219405
cancel,11455,,,1679219989
cancel,19091,,,1679219989
cancel,19252,,,1679219989
cancel,24999,,,1679219989
newOrder,19091,0,17450,1679220003
newOrder,19252,1,17450,1679220003
newOrder,13515,0,19341,1679220003
newOrder,24999,1,19341,1679220003
cancel,13515,,,1679220590
cancel,19091,,,1679220590
cancel,19252,,,1679220590
cancel,24999,,,1679220590
newOrder,19091,0,17454,1679220603
newOrder,19251,1,17454,1679220603
newOrder,11455,0,93791,1679220603
newOrder,24999,1,93791,1679220603
cancel,11455,,,1679221190
cancel,19091,,,1679221190
cancel,19251,,,1679221190
cancel,24999,,,1679221190
newOrder,19089,0,17456,1679221204
newOrder,19249,1,17456,1679221204
newOrder,13515,0,27073,1679221204
newOrder,24999,1,27073,1679221204
cancel,13515,,,1679221789
cancel,19089,,,1679221789
cancel,19249,,,1679221789
cancel,24999,,,1679221789
newOrder,19088,0,17459,1679221803
newOrder,19249,1,17459,1679221803
newOrder,11453,0,81122,1679221803
newOrder,24999,1,81122,1679221803
cancel,11453,,,1679222390
cancel,19088,,,1679222390
cancel,19249,,,1679222390
cancel,24999,,,1679222390
newOrder,19089,0,17464,1679222404
newOrder,19250,1,17464,1679222404
newOrder,11453,0,89357,1679222404
newOrder,24999,1,89357,1679222404
cancel,11453,,,1679222990
cancel,19089,,,1679222990
cancel,19250,,,1679222990
cancel,24999,,,1679222990
newOrder,19089,0,17467,1679223004
newOrder,19250,1,17467,1679223004
newOrder,11454,0,71865,1679223004
newOrder,24999,1,71865,1679223004
cancel,11454,,,1679223590
cancel,19089,,,1679223590
cancel,19250,,,1679223590
cancel,24999,,,1679223590
newOrder,19089,0,17471,1679223604
newOrder,19250,1,17471,1679223604
newOrder,11453,0,56884,1679223604
newOrder,24999,1,56884,1679223604
cancel,11453,,,1679224191
cancel,19089,,,1679224191
cancel,19250,,,1679224191
cancel,24999,,,1679224191
newOrder,19097,0,17479,1679224205
newOrder,19257,1,17479,1679224205
newOrder,11458,0,48718,1679224205
newOrder,24999,1,48718,1679224205
cancel,11458,,,1679224789
cancel,19097,,,1679224789
cancel,19257,,,1679224789
cancel,24999,,,1679224789
newOrder,19230,0,17552,1679224803
newOrder,19391,1,17552,1679224803
newOrder,11538,0,85607,1679224803
newOrder,24999,1,85607,1679224803
cancel,11538,,,1679225389
cancel,19230,,,1679225389
cancel,19391,,,1679225389
cancel,24999,,,1679225389
newOrder,19278,0,17573,1679225404
newOrder,19440,1,17573,1679225404
newOrder,11567,0,85569,1679225404
newOrder,24999,1,85569,1679225404
cancel,11567,,,1679225990
cancel,19278,,,1679225990
cancel,19440,,,1679225990
cancel,24999,,,1679225990
newOrder,19411,0,17605,1679226005
newOrder,19574,1,17605,1679226005
newOrder,11647,0,32513,1679226005
newOrder,24999,1,32513,1679226005
cancel,11647,,,1679226590
cancel,19411,,,1679226590
cancel,19574,,,1679226590
cancel,24999,,,1679226590
newOrder,19541,0,17606,1679226604
newOrder,19706,1,17606,1679226604
newOrder,11725,0,48182,1679226604
newOrder,24999,1,48182,1679226604
cancel,11725,,,1679227190
cancel,19541,,,1679227190
cancel,19706,,,1679227190
cancel,24999,,,1679227190
newOrder,19656,0,17585,1679227204
newOrder,19821,1,17585,1679227204
newOrder,11793,0,78009,1679227204
newOrder,24999,1,78009,1679227204