instruction,price,side,qty,time
cancel,9839,,,1686226467
cancel,16399,,,1686226467
cancel,18075,,,1686226467
cancel,24999,,,1686226467
newOrder,16402,0,9525,1686226495
newOrder,18075,1,9525,1686226495
newOrder,9910,0,20387,1686226495
newOrder,24997,1,20387,1686226495
cancel,9910,,,1686227068
cancel,16402,,,1686227068
cancel,18075,,,1686227068
cancel,24997,,,1686227068
newOrder,16401,0,9526,1686227095
newOrder,18075,1,9526,1686227095
newOrder,12164,0,14372,1686227095
newOrder,24997,1,14372,1686227095
cancel,12164,,,1686227667
cancel,16401,,,1686227667
cancel,18075,,,1686227667
cancel,24997,,,1686227667
newOrder,16402,0,9527,1686227697
newOrder,18075,1,9527,1686227697
newOrder,9910,0,26728,1686227697
newOrder,24997,1,26728,1686227697
cancel,9910,,,1686228267
cancel,16402,,,1686228267
cancel,18075,,,1686228267
cancel,24997,,,1686228267
newOrder,16402,0,9528,1686228293
newOrder,18075,1,9528,1686228293
newOrder,9841,0,33646,1686228293
newOrder,24997,1,33646,1686228293
cancel,9841,,,1686228867
cancel,16402,,,1686228867
cancel,18075,,,1686228867
cancel,24997,,,1686228867
newOrder,16400,0,9528,1686228897
newOrder,18075,1,9528,1686228897
newOrder,9840,0,39803,1686228897
newOrder,24999,1,39803,1686228897
cancel,9840,,,1686229467
cancel,16400,,,1686229467
cancel,18075,,,1686229467
cancel,24999,,,1686229467
newOrder,16402,0,9530,1686229497
newOrder,18075,1,9530,1686229497
newOrder,9910,0,25665,1686229497
newOrder,24997,1,25665,1686229497
cancel,9910,,,1686230068
cancel,16402,,,1686230068
cancel,18075,,,1686230068
cancel,24997,,,1686230068
newOrder,16401,0,9530,1686230093
newOrder,18075,1,9530,1686230093
newOrder,9840,0,44655,1686230093
newOrder,24999,1,44655,1686230093
cancel,9840,,,1686230668
cancel,16401,,,1686230668
cancel,18075,,,1686230668
cancel,24999,,,1686230668
newOrder,16401,0,9531,1686230695
newOrder,18075,1,9531,1686230695
newOrder,9910,0,22668,1686230695
newOrder,24997,1,22668,1686230695
cancel,9910,,,1686231267
cancel,16401,,,1686231267
cancel,18075,,,1686231267
cancel,24997,,,1686231267
newOrder,16401,0,9531,1686231296
newOrder,18075,1,9531,1686231296
newOrder,12013,0,17542,1686231296
newOrder,24997,1,17542,1686231296
cancel,12013,,,1686231867
cancel,16401,,,1686231867
cancel,18075,,,1686231867
cancel,24997,,,1686231867
newOrder,16402,0,9533,1686231895
newOrder,18075,1,9533,1686231895
newOrder,12164,0,11995,1686231895
newOrder,24997,1,11995,1686231895
cancel,12164,,,1686232467
cancel,16402,,,1686232467
cancel,18075,,,1686232467
cancel,24997,,,1686232467
newOrder,16402,0,9533,1686232495
newOrder,18075,1,9533,1686232495
newOrder,12162,0,16123,1686232495
newOrder,24997,1,16123,1686232495
cancel,12162,,,1686233067
cancel,16402,,,1686233067
cancel,18075,,,1686233067
cancel,24997,,,1686233067
newOrder,16401,0,9534,1686233094
newOrder,18075,1,9534,1686233094
newOrder,9910,0,21522,1686233094
newOrder,24997,1,21522,1686233094
cancel,9910,,,1686233667
cancel,16401,,,1686233667
cancel,18075,,,1686233667
cancel,24997,,,1686233667
newOrder,16352,0,9518,1686233694
newOrder,18075,1,9518,1686233694
newOrder,15501,0,8140,1686233694
cancel,15501,,,1686234268
cancel,16352,,,1686234268
cancel,18075,,,1686234268
newOrder,16353,0,9519,1686234296
newOrder,18075,1,9519,1686234296
newOrder,9812,0,35199,1686234296
newOrder,24999,1,35199,1686234296
cancel,9812,,,1686234867
cancel,16353,,,1686234867
cancel,18075,,,1686234867
cancel,24999,,,1686234867
newOrder,16356,0,9521,1686234895
newOrder,18075,1,9521,1686234895
newOrder,9813,0,49826,1686234895
newOrder,24999,1,49826,1686234895
cancel,9813,,,1686235468
cancel,16356,,,1686235468
cancel,18075,,,1686235468
cancel,24999,,,1686235468
newOrder,16357,0,9522,1686235493
newOrder,18075,1,9522,1686235493
newOrder,9814,0,30073,1686235493
newOrder,24997,1,30073,1686235493
cancel,9814,,,1686236067
cancel,16357,,,1686236067
cancel,18075,,,1686236067
cancel,24997,,,1686236067
newOrder,16271,0,9490,1686236096
newOrder,18075,1,9490,1686236096
newOrder,9762,0,39590,1686236096
newOrder,24999,1,39590,1686236096
cancel,9762,,,1686236667
cancel,16271,,,1686236667
cancel,18075,,,1686236667
cancel,24999,,,1686236667
newOrder,16270,0,9491,1686236693
newOrder,18075,1,9491,1686236693
newOrder,15501,0,9182,1686236693
cancel,15501,,,1686237267
cancel,16270,,,1686237267
cancel,18075,,,1686237267
newOrder,16263,0,9488,1686237293
newOrder,18075,1,9488,1686237293
newOrder,15501,0,7319,1686237293
cancel,15501,,,1686237867
cancel,16263,,,1686237867
cancel,18075,,,1686237867
newOrder,16255,0,9486,1686237895
newOrder,18075,1,9486,1686237895
newOrder,12162,0,14815,1686237895
newOrder,24997,1,14815,1686237895
cancel,12162,,,1686238467
cancel,16255,,,1686238467
cancel,18075,,,1686238467
cancel,24997,,,1686238467
newOrder,16255,0,9487,1686238495
newOrder,18075,1,9487,1686238495
newOrder,9753,0,46182,1686238495
newOrder,24999,1,46182,1686238495
cancel,9753,,,1686239070
cancel,16255,,,1686239070
cancel,18075,,,1686239070
cancel,24999,,,1686239070
newOrder,16255,0,9488,1686239098
newOrder,18075,1,9488,1686239098
newOrder,12164,0,12244,1686239098
newOrder,24997,1,12244,1686239098
cancel,12164,,,1686239667
cancel,16255,,,1686239667
cancel,18075,,,1686239667
cancel,24997,,,1686239667
newOrder,16253,0,9487,1686239697
newOrder,18075,1,9487,1686239697
newOrder,9910,0,25460,1686239697
newOrder,24997,1,25460,1686239697
cancel,9910,,,1686240267
cancel,16253,,,1686240267
cancel,18075,,,1686240267
cancel,24997,,,1686240267
newOrder,16255,0,9489,1686240297
newOrder,18075,1,9489,1686240297
newOrder,9753,0,34481,1686240297
newOrder,24997,1,34481,1686240297
cancel,9753,,,1686240867
cancel,16255,,,1686240867
cancel,18075,,,1686240867
cancel,24997,,,1686240867
newOrder,16255,0,9490,1686240894
newOrder,18075,1,9490,1686240894
newOrder,9753,0,33735,1686240894
newOrder,24997,1,33735,1686240894
cancel,9753,,,1686241468
cancel,16255,,,1686241468
cancel,18075,,,1686241468
cancel,24997,,,1686241468
newOrder,16254,0,9490,1686241494
newOrder,18075,1,9490,1686241494
newOrder,9910,0,26011,1686241494
newOrder,24997,1,26011,1686241494
cancel,9910,,,1686242068
cancel,16254,,,1686242068
cancel,18075,,,1686242068
cancel,24997,,,1686242068
newOrder,16254,0,9491,1686242095
newOrder,18075,1,9491,1686242095
newOrder,9753,0,34719,1686242095
newOrder,24997,1,34719,1686242095
cancel,9753,,,1686242667
cancel,16254,,,1686242667
cancel,18075,,,1686242667
cancel,24997,,,1686242667
newOrder,16251,0,9490,1686242695
newOrder,18075,1,9490,1686242695
newOrder,9751,0,44923,1686242695
newOrder,24999,1,44923,1686242695
cancel,9751,,,1686243268
cancel,16251,,,1686243268
cancel,18075,,,1686243268
cancel,24999,,,1686243268
newOrder,16239,0,9486,1686243297
newOrder,18075,1,9486,1686243297
newOrder,9743,0,32844,1686243297
newOrder,24997,1,32844,1686243297
cancel,9743,,,1686243867
cancel,16239,,,1686243867
cancel,18075,,,1686243867
cancel,24997,,,1686243867
newOrder,16236,0,9486,1686243895
newOrder,18075,1,9486,1686243895
newOrder,9910,0,25829,1686243895
newOrder,24997,1,25829,1686243895
cancel,9910,,,1686244467
cancel,16236,,,1686244467
cancel,18075,,,1686244467
cancel,24997,,,1686244467
newOrder,16237,0,9487,1686244496
newOrder,18075,1,9487,1686244496
newOrder,12164,0,10796,1686244496
newOrder,24997,1,10796,1686244496
cancel,12164,,,1686245067
cancel,16237,,,1686245067
cancel,18075,,,1686245067
cancel,24997,,,1686245067
newOrder,16236,0,9487,1686245095
newOrder,18075,1,9487,1686245095
newOrder,9910,0,20189,1686245095
newOrder,24997,1,20189,1686245095
cancel,9910,,,1686245667
cancel,16236,,,1686245667
cancel,18075,,,1686245667
cancel,24997,,,1686245667
newOrder,16234,0,9487,1686245699
newOrder,18075,1,9487,1686245699
newOrder,9740,0,44503,1686245699
newOrder,24999,1,44503,1686245699
cancel,9740,,,1686246268
cancel,16234,,,1686246268
cancel,18075,,,1686246268
cancel,24999,,,1686246268
newOrder,16231,0,9487,1686246295
newOrder,18075,1,9487,1686246295
newOrder,9739,0,45746,1686246295
newOrder,24999,1,45746,1686246295
cancel,9739,,,1686246867
cancel,16231,,,1686246867
cancel,18075,,,1686246867
cancel,24999,,,1686246867
newOrder,16232,0,9488,1686246895
newOrder,18075,1,9488,1686246895
newOrder,9739,0,44530,1686246895
newOrder,24999,1,44530,1686246895
cancel,9739,,,1686247467
cancel,16232,,,1686247467
cancel,18075,,,1686247467
cancel,24999,,,1686247467
newOrder,16232,0,9488,1686247494
newOrder,18075,1,9488,1686247494
newOrder,9739,0,41932,1686247494
newOrder,24999,1,41932,1686247494
cancel,9739,,,1686248068
cancel,16232,,,1686248068
cancel,18075,,,1686248068
cancel,24999,,,1686248068
newOrder,16230,0,9488,1686248095
newOrder,18075,1,9488,1686248095
newOrder,9910,0,28393,1686248095
newOrder,24997,1,28393,1686248095
cancel,9910,,,1686248667
cancel,16230,,,1686248667
cancel,18075,,,1686248667
cancel,24997,,,1686248667
newOrder,16232,0,9490,1686248695
newOrder,18075,1,9490,1686248695
newOrder,12162,0,15176,1686248695
newOrder,24997,1,15176,1686248695
cancel,12162,,,1686249268
cancel,16232,,,1686249268
cancel,18075,,,1686249268
cancel,24997,,,1686249268
newOrder,16233,0,9491,1686249295
newOrder,18075,1,9491,1686249295
newOrder,9740,0,30688,1686249295
newOrder,24997,1,30688,1686249295
cancel,9740,,,1686249868
cancel,16233,,,1686249868
cancel,18075,,,1686249868
cancel,24997,,,1686249868
newOrder,16230,0,9491,1686249895
newOrder,18075,1,9491,1686249895
newOrder,9910,0,24294,1686249895
newOrder,24997,1,24294,1686249895
cancel,9910,,,1686250467
cancel,16230,,,1686250467
cancel,18075,,,1686250467
cancel,24997,,,1686250467
newOrder,16232,0,9492,1686250494
newOrder,18075,1,9492,1686250494
newOrder,9739,0,47852,1686250494
newOrder,24999,1,47852,1686250494
cancel,9739,,,1686251067
cancel,16232,,,1686251067
cancel,18075,,,1686251067
cancel,24999,,,1686251067
newOrder,16232,0,9493,1686251096
newOrder,18075,1,9493,1686251096
newOrder,12164,0,10289,1686251096
newOrder,21999,1,10289,1686251096
cancel,12164,,,1686251668
cancel,16232,,,1686251668
cancel,18075,,,1686251668
cancel,21999,,,1686251668
newOrder,16230,0,9493,1686251697
newOrder,18075,1,9493,1686251697
newOrder,9738,0,35601,1686251697
newOrder,24999,1,35601,1686251697
cancel,9738,,,1686252266
cancel,16230,,,1686252266
cancel,18075,,,1686252266
cancel,24999,,,1686252266
newOrder,16230,0,9494,1686252294
newOrder,18075,1,9494,1686252294
newOrder,9738,0,49231,1686252294
newOrder,24999,1,49231,1686252294
cancel,9738,,,1686252868
cancel,16230,,,1686252868
cancel,18075,,,1686252868
cancel,24999,,,1686252868
newOrder,16230,0,9495,1686252896
newOrder,18075,1,9495,1686252896
newOrder,12164,0,13331,1686252896
newOrder,24997,1,13331,1686252896
cancel,12164,,,1686253467
cancel,16230,,,1686253467
cancel,18075,,,1686253467
cancel,24997,,,1686253467
newOrder,16233,0,9497,1686253493
newOrder,18075,1,9497,1686253493
newOrder,9740,0,48858,1686253493
newOrder,24999,1,48858,1686253493
cancel,9740,,,1686254067
cancel,16233,,,1686254067
cancel,18075,,,1686254067
cancel,24999,,,1686254067
newOrder,16232,0,9497,1686254095
newOrder,18075,1,9497,1686254095
newOrder,12162,0,15836,1686254095
newOrder,24997,1,15836,1686254095
cancel,12162,,,1686254667
cancel,16232,,,1686254667
cancel,18075,,,1686254667
cancel,24997,,,1686254667
newOrder,16224,0,9494,1686254696
newOrder,18075,1,9494,1686254696
newOrder,9735,0,48039,1686254696
newOrder,24999,1,48039,1686254696
cancel,9735,,,1686255267
cancel,16224,,,1686255267
cancel,18075,,,1686255267
cancel,24999,,,1686255267
newOrder,16230,0,9498,1686255296
newOrder,18075,1,9498,1686255296
newOrder,9738,0,49430,1686255296
newOrder,24999,1,49430,1686255296
cancel,9738,,,1686255867
cancel,16230,,,1686255867
cancel,18075,,,1686255867
cancel,24999,,,1686255867
newOrder,16230,0,9498,1686255895
newOrder,18075,1,9498,1686255895
newOrder,9738,0,40809,1686255895
newOrder,24999,1,40809,1686255895
cancel,9738,,,1686256467
cancel,16230,,,1686256467
cancel,18075,,,1686256467
cancel,24999,,,1686256467
newOrder,16232,0,9500,1686256496
newOrder,18075,1,9500,1686256496
newOrder,9739,0,33728,1686256496
newOrder,24997,1,33728,1686256496
cancel,9739,,,1686257067
cancel,16232,,,1686257067
cancel,18075,,,1686257067
cancel,24997,,,1686257067
newOrder,16235,0,9502,1686257095
newOrder,18075,1,9502,1686257095
newOrder,9741,0,31792,1686257095
newOrder,24997,1,31792,1686257095
cancel,9741,,,1686257669
cancel,16235,,,1686257669
cancel,18075,,,1686257669
cancel,24997,,,1686257669
newOrder,16232,0,9502,1686257696
newOrder,18075,1,9502,1686257696
newOrder,9910,0,22128,1686257696
newOrder,24997,1,22128,1686257696
cancel,9910,,,1686258268
cancel,16232,,,1686258268
cancel,18075,,,1686258268
cancel,24997,,,1686258268
newOrder,16234,0,9503,1686258295
newOrder,18075,1,9503,1686258295
newOrder,9740,0,40573,1686258295
newOrder,24999,1,40573,1686258295
cancel,9740,,,1686258867
cancel,16234,,,1686258867
cancel,18075,,,1686258867
cancel,24999,,,1686258867
newOrder,16234,0,9504,1686258894
newOrder,18075,1,9504,1686258894
newOrder,9910,0,24514,1686258894
newOrder,24997,1,24514,1686258894
cancel,9910,,,1686259467
cancel,16234,,,1686259467
cancel,18075,,,1686259467
cancel,24997,,,1686259467
newOrder,16234,0,9505,1686259494
newOrder,18075,1,9505,1686259494
newOrder,12164,0,11454,1686259494
newOrder,24997,1,11454,1686259494
cancel,12164,,,1686260067
cancel,16234,,,1686260067
cancel,18075,,,1686260067
cancel,24997,,,1686260067
newOrder,16232,0,9505,1686260095
newOrder,18075,1,9505,1686260095
newOrder,9739,0,32768,1686260095
newOrder,24997,1,32768,1686260095
cancel,9739,,,1686260667
cancel,16232,,,1686260667
cancel,18075,,,1686260667
cancel,24997,,,1686260667
newOrder,16223,0,9502,1686260695
newOrder,18075,1,9502,1686260695
newOrder,9734,0,47481,1686260695
newOrder,24999,1,47481,1686260695
cancel,9734,,,1686261268
cancel,16223,,,1686261268
cancel,18075,,,1686261268
cancel,24999,,,1686261268
newOrder,16222,0,9502,1686261295
newOrder,18075,1,9502,1686261295
newOrder,9733,0,39255,1686261295
newOrder,24999,1,39255,1686261295
cancel,9733,,,1686261868
cancel,16222,,,1686261868
cancel,18075,,,1686261868
cancel,24999,,,1686261868
newOrder,16231,0,9507,1686261895
newOrder,18075,1,9507,1686261895
newOrder,9739,0,48829,1686261895
newOrder,24999,1,48829,1686261895
cancel,9739,,,1686262467
cancel,16231,,,1686262467
cancel,18075,,,1686262467
cancel,24999,,,1686262467
newOrder,16231,0,9507,1686262493
newOrder,18075,1,9507,1686262493
newOrder,9910,0,20517,1686262493
newOrder,24997,1,20517,1686262493
cancel,9910,,,1686263067
cancel,16231,,,1686263067
cancel,18075,,,1686263067
cancel,24997,,,1686263067
newOrder,16231,0,9508,1686263094
newOrder,18075,1,9508,1686263094
newOrder,9910,0,25610,1686263094
newOrder,24999,1,25610,1686263094
cancel,9910,,,1686263667
cancel,16231,,,1686263667
cancel,18075,,,1686263667
cancel,24999,,,1686263667
newOrder,16233,0,9510,1686263693
newOrder,18075,1,9510,1686263693
newOrder,15501,0,9206,1686263693
cancel,15501,,,1686264267
cancel,16233,,,1686264267
cancel,18075,,,1686264267
newOrder,16231,0,9510,1686264294
newOrder,18075,1,9510,1686264294
newOrder,9739,0,38924,1686264294
newOrder,24999,1,38924,1686264294
cancel,9739,,,1686264873
cancel,16231,,,1686264873
cancel,18075,,,1686264873
cancel,24999,,,1686264873
newOrder,16233,0,9511,1686264902
newOrder,18075,1,9511,1686264902
newOrder,9910,0,20439,1686264902
newOrder,24776,1,20439,1686264902
cancel,9910,,,1686265467
cancel,16233,,,1686265467
cancel,18075,,,1686265467
cancel,24776,,,1686265467
newOrder,16240,0,9515,1686265496
newOrder,18075,1,9515,1686265496
newOrder,9744,0,36706,1686265496
newOrder,24999,1,36706,1686265496
cancel,9744,,,1686266067
cancel,16240,,,1686266067
cancel,18075,,,1686266067
cancel,24999,,,1686266067
newOrder,16242,0,9517,1686266093
newOrder,18075,1,9517,1686266093
newOrder,15501,0,8694,1686266093
cancel,15501,,,1686266668
cancel,16242,,,1686266668
cancel,18075,,,1686266668
newOrder,16240,0,9517,1686266695
newOrder,18075,1,9517,1686266695
newOrder,9744,0,47341,1686266695
newOrder,24999,1,47341,1686266695
cancel,9744,,,1686267267
cancel,16240,,,1686267267
cancel,18075,,,1686267267
cancel,24999,,,1686267267
newOrder,16242,0,9518,1686267296
newOrder,18075,1,9518,1686267296
newOrder,9910,0,28379,1686267296
newOrder,24776,1,28379,1686267296
cancel,9910,,,1686267868
cancel,16242,,,1686267868
cancel,18075,,,1686267868
cancel,24776,,,1686267868
newOrder,16241,0,9519,1686267895
newOrder,18075,1,9519,1686267895
newOrder,15501,0,6350,1686267895
cancel,15501,,,1686268469
cancel,16241,,,1686268469
cancel,18075,,,1686268469
newOrder,16240,0,9519,1686268496
newOrder,18075,1,9519,1686268496
newOrder,9910,0,25720,1686268496
newOrder,24776,1,25720,1686268496
cancel,9910,,,1686269067
cancel,16240,,,1686269067
cancel,18075,,,1686269067
cancel,24776,,,1686269067
newOrder,16242,0,9520,1686269091
newOrder,18075,1,9520,1686269091
newOrder,15501,0,8020,1686269091
cancel,15501,,,1686269667
cancel,16242,,,1686269667
cancel,18075,,,1686269667
newOrder,16243,0,9522,1686269694
newOrder,18075,1,9522,1686269694
newOrder,9746,0,41222,1686269694
newOrder,24999,1,41222,1686269694
cancel,9746,,,1686270268
cancel,16243,,,1686270268
cancel,18075,,,1686270268
cancel,24999,,,1686270268
newOrder,16241,0,9522,1686270296
newOrder,18075,1,9522,1686270296
newOrder,9910,0,27859,1686270296
newOrder,24776,1,27859,1686270296
cancel,9910,,,1686270867
cancel,16241,,,1686270867
cancel,18075,,,1686270867
cancel,24776,,,1686270867
newOrder,16243,0,9523,1686270897
newOrder,18075,1,9523,1686270897
newOrder,9910,0,21976,1686270897
newOrder,24776,1,21976,1686270897
cancel,9910,,,1686271468
cancel,16243,,,1686271468
cancel,18075,,,1686271468
cancel,24776,,,1686271468
newOrder,16264,0,9533,1686271496
newOrder,18075,1,9533,1686271496
newOrder,9758,0,36564,1686271496
newOrder,24999,1,36564,1686271496
cancel,9758,,,1686272066
cancel,16264,,,1686272066
cancel,18075,,,1686272066
cancel,24999,,,1686272066
newOrder,16264,0,9533,1686272096
newOrder,18075,1,9533,1686272096
newOrder,12164,0,10326,1686272096
newOrder,21999,1,10326,1686272096
cancel,12164,,,1686272668
cancel,16264,,,1686272668
cancel,18075,,,1686272668
cancel,21999,,,1686272668
newOrder,16264,0,9534,1686272694
newOrder,18075,1,9534,1686272694
newOrder,12164,0,9826,1686272694
cancel,12164,,,1686273267
cancel,16264,,,1686273267
cancel,18075,,,1686273267
newOrder,16264,0,9535,1686273298
newOrder,18075,1,9535,1686273298
newOrder,9910,0,25859,1686273298
newOrder,24776,1,25859,1686273298
cancel,9910,,,1686273867
cancel,16264,,,1686273867
cancel,18075,,,1686273867
cancel,24776,,,1686273867
newOrder,16264,0,9536,1686273894
newOrder,18075,1,9536,1686273894
newOrder,9758,0,48390,1686273894
newOrder,24999,1,48390,1686273894
cancel,9758,,,1686274467
cancel,16264,,,1686274467
cancel,18075,,,1686274467
cancel,24999,,,1686274467
newOrder,16264,0,9537,1686274494
newOrder,18075,1,9537,1686274494
newOrder,9910,0,25218,1686274494
newOrder,24776,1,25218,1686274494
cancel,9910,,,1686275067
cancel,16264,,,1686275067
cancel,18075,,,1686275067
cancel,24776,,,1686275067
newOrder,16264,0,9537,1686275096
newOrder,18075,1,9537,1686275096
newOrder,9910,0,18885,1686275096
newOrder,24776,1,18885,1686275096
cancel,9910,,,1686275667
cancel,16264,,,1686275667
cancel,18075,,,1686275667
cancel,24776,,,1686275667
newOrder,16264,0,9538,1686275693
newOrder,18075,1,9538,1686275693
newOrder,15501,0,9204,1686275693
cancel,15501,,,1686276267
cancel,16264,,,1686276267
cancel,18075,,,1686276267
newOrder,16264,0,9539,1686276294
newOrder,18075,1,9539,1686276294
newOrder,9758,0,44736,1686276294
newOrder,24999,1,44736,1686276294
cancel,9758,,,1686276867
cancel,16264,,,1686276867
cancel,18075,,,1686276867
cancel,24999,,,1686276867
newOrder,16264,0,9540,1686276894
newOrder,18075,1,9540,1686276894
newOrder,9758,0,30315,1686276894
newOrder,24776,1,30315,1686276894
cancel,9758,,,1686277467
cancel,16264,,,1686277467
cancel,18075,,,1686277467
cancel,24776,,,1686277467
newOrder,16264,0,9540,1686277496
newOrder,18075,1,9540,1686277496
newOrder,12162,0,15579,1686277496
newOrder,24776,1,15579,1686277496
cancel,12162,,,1686278067
cancel,16264,,,1686278067
cancel,18075,,,1686278067
cancel,24776,,,1686278067
newOrder,16264,0,9541,1686278095
newOrder,18075,1,9541,1686278095
newOrder,9758,0,46636,1686278095
newOrder,24999,1,46636,1686278095
cancel,9758,,,1686278667
cancel,16264,,,1686278667
cancel,18075,,,1686278667
cancel,24999,,,1686278667
newOrder,16264,0,9542,1686278694
newOrder,18075,1,9542,1686278694
newOrder,9758,0,43083,1686278694
newOrder,24999,1,43083,1686278694
cancel,9758,,,1686279267
cancel,16264,,,1686279267
cancel,18075,,,1686279267
cancel,24999,,,1686279267
newOrder,16264,0,9543,1686279293
newOrder,18075,1,9543,1686279293
newOrder,15501,0,8716,1686279293
cancel,15501,,,1686279868
cancel,16264,,,1686279868
cancel,18075,,,1686279868
newOrder,16262,0,9543,1686279894
newOrder,18075,1,9543,1686279894
newOrder,9910,0,25687,1686279894
newOrder,24776,1,25687,1686279894
cancel,9910,,,1686280467
cancel,16262,,,1686280467
cancel,18075,,,1686280467
cancel,24776,,,1686280467
newOrder,16262,0,9544,1686280496
newOrder,18075,1,9544,1686280496
newOrder,12162,0,15492,1686280496
newOrder,24776,1,15492,1686280496
cancel,12162,,,1686281067
cancel,16262,,,1686281067
cancel,18075,,,1686281067
cancel,24776,,,1686281067
newOrder,16262,0,9544,1686281095
newOrder,18075,1,9544,1686281095
newOrder,9757,0,45002,1686281095
newOrder,24999,1,45002,1686281095
cancel,9757,,,1686281668
cancel,16262,,,1686281668
cancel,18075,,,1686281668
cancel,24999,,,1686281668
newOrder,16262,0,9545,1686281694
newOrder,18075,1,9545,1686281694
newOrder,9757,0,36276,1686281694
newOrder,24999,1,36276,1686281694
cancel,9757,,,1686282267
cancel,16262,,,1686282267
cancel,18075,,,1686282267
cancel,24999,,,1686282267
newOrder,16262,0,9546,1686282294
newOrder,18075,1,9546,1686282294
newOrder,15501,0,8324,1686282294
cancel,15501,,,1686282867
cancel,16262,,,1686282867
cancel,18075,,,1686282867
newOrder,16261,0,9546,1686282895
newOrder,18075,1,9546,1686282895
newOrder,9757,0,48993,1686282895
newOrder,24999,1,48993,1686282895
cancel,9757,,,1686283467
cancel,16261,,,1686283467
cancel,18075,,,1686283467
cancel,24999,,,1686283467
newOrder,16261,0,9547,1686283496
newOrder,18075,1,9547,1686283496
newOrder,9757,0,29140,1686283496
newOrder,24776,1,29140,1686283496
cancel,9757,,,1686284067
cancel,16261,,,1686284067
cancel,18075,,,1686284067
cancel,24776,,,1686284067
newOrder,16261,0,9548,1686284095
newOrder,18075,1,9548,1686284095
newOrder,9757,0,44995,1686284095
newOrder,24999,1,44995,1686284095
cancel,9757,,,1686284667
cancel,16261,,,1686284667
cancel,18075,,,1686284667
cancel,24999,,,1686284667
newOrder,16261,0,9549,1686284696
newOrder,18075,1,9549,1686284696
newOrder,9757,0,37412,1686284696
newOrder,24999,1,37412,1686284696
cancel,9757,,,1686285267
cancel,16261,,,1686285267
cancel,18075,,,1686285267
cancel,24999,,,1686285267
newOrder,16261,0,9549,1686285295
newOrder,18075,1,9549,1686285295
newOrder,9910,0,24422,1686285295
newOrder,24776,1,24422,1686285295
cancel,9910,,,1686285867
cancel,16261,,,1686285867
cancel,18075,,,1686285867
cancel,24776,,,1686285867
newOrder,16261,0,9550,1686285896
newOrder,18075,1,9550,1686285896
newOrder,12164,0,14243,1686285896
newOrder,24776,1,14243,1686285896
cancel,12164,,,1686286470
cancel,16261,,,1686286470
cancel,18075,,,1686286470
cancel,24776,,,1686286470
newOrder,16261,0,9551,1686286497
newOrder,18075,1,9551,1686286497
newOrder,9757,0,31112,1686286497
newOrder,24776,1,31112,1686286497
cancel,9757,,,1686287067
cancel,16261,,,1686287067
cancel,18075,,,1686287067
cancel,24776,,,1686287067
newOrder,16261,0,9552,1686287094
newOrder,18075,1,9552,1686287094
newOrder,9757,0,35120,1686287094
newOrder,24776,1,35120,1686287094
cancel,9757,,,1686287668
cancel,16261,,,1686287668
cancel,18075,,,1686287668
cancel,24776,,,1686287668
newOrder,16261,0,9553,1686287696
newOrder,18075,1,9553,1686287696
newOrder,9757,0,43325,1686287696
newOrder,24999,1,43325,1686287696
cancel,9757,,,1686288267
cancel,16261,,,1686288267
cancel,18075,,,1686288267
cancel,24999,,,1686288267
newOrder,16261,0,9553,1686288294
newOrder,18075,1,9553,1686288294
newOrder,9910,0,27864,1686288294
newOrder,24776,1,27864,1686288294
cancel,9910,,,1686288867
cancel,16261,,,1686288867
cancel,18075,,,1686288867
cancel,24776,,,1686288867
newOrder,16261,0,9554,1686288894
newOrder,18075,1,9554,1686288894
newOrder,9910,0,19424,1686288894
newOrder,24776,1,19424,1686288894
cancel,9910,,,1686289468
cancel,16261,,,1686289468
cancel,18075,,,1686289468
cancel,24776,,,1686289468
newOrder,16261,0,9555,1686289496
newOrder,18075,1,9555,1686289496
newOrder,9757,0,50202,1686289496
newOrder,24999,1,50202,1686289496
cancel,9757,,,1686290067
cancel,16261,,,1686290067
cancel,18075,,,1686290067
cancel,24999,,,1686290067
newOrder,16261,0,9556,1686290093
newOrder,18075,1,9556,1686290093
newOrder,9757,0,31708,1686290093
newOrder,24776,1,31708,1686290093
cancel,9757,,,1686290667
cancel,16261,,,1686290667
cancel,18075,,,1686290667
cancel,24776,,,1686290667
newOrder,16261,0,9557,1686290695
newOrder,18075,1,9557,1686290695
newOrder,12162,0,16364,1686290695
newOrder,24776,1,16364,1686290695
cancel,12162,,,1686291268
cancel,16261,,,1686291268
cancel,18075,,,1686291268
cancel,24776,,,1686291268
newOrder,16261,0,9557,1686291294
newOrder,18075,1,9557,1686291294
newOrder,9757,0,39884,1686291294
newOrder,24999,1,39884,1686291294
cancel,9757,,,1686291867
cancel,16261,,,1686291867
cancel,18075,,,1686291867
cancel,24999,,,1686291867
newOrder,16261,0,9558,1686291895
newOrder,18075,1,9558,1686291895
newOrder,9757,0,46185,1686291895
newOrder,24999,1,46185,1686291895
cancel,9757,,,1686292468
cancel,16261,,,1686292468
cancel,18075,,,1686292468
cancel,24999,,,1686292468
newOrder,16261,0,9559,1686292494
newOrder,18075,1,9559,1686292494
newOrder,9757,0,50547,1686292494
newOrder,24999,1,50547,1686292494
cancel,9757,,,1686293068
cancel,16261,,,1686293068
cancel,18075,,,1686293068
cancel,24999,,,1686293068
newOrder,16261,0,9560,1686293095
newOrder,18075,1,9560,1686293095
newOrder,9757,0,43096,1686293095
newOrder,24999,1,43096,1686293095
cancel,9757,,,1686293668
cancel,16261,,,1686293668
cancel,18075,,,1686293668
cancel,24999,,,1686293668
newOrder,16261,0,9560,1686293694
newOrder,18075,1,9560,1686293694
newOrder,9757,0,32153,1686293694
newOrder,24776,1,32153,1686293694
cancel,9757,,,1686294268
cancel,16261,,,1686294268
cancel,18075,,,1686294268
cancel,24776,,,1686294268
newOrder,16261,0,9561,1686294295
newOrder,18075,1,9561,1686294295
newOrder,9757,0,44968,1686294295
newOrder,24999,1,44968,1686294295
cancel,9757,,,1686294867
cancel,16261,,,1686294867
cancel,18075,,,1686294867
cancel,24999,,,1686294867
newOrder,16261,0,9562,1686294895
newOrder,18075,1,9562,1686294895
newOrder,9910,0,23431,1686294895
newOrder,24776,1,23431,1686294895
cancel,9910,,,1686295467
cancel,16261,,,1686295467
cancel,18075,,,1686295467
cancel,24776,,,1686295467
newOrder,16258,0,9561,1686295494
newOrder,18075,1,9561,1686295494
newOrder,12164,0,12526,1686295494
newOrder,24776,1,12526,1686295494
cancel,12164,,,1686296068
cancel,16258,,,1686296068
cancel,18075,,,1686296068
cancel,24776,,,1686296068
newOrder,16254,0,9561,1686296095
newOrder,18075,1,9561,1686296095
newOrder,9753,0,43360,1686296095
newOrder,24999,1,43360,1686296095
cancel,9753,,,1686296668
cancel,16254,,,1686296668
cancel,18075,,,1686296668
cancel,24999,,,1686296668
newOrder,16172,0,9524,1686296694
newOrder,18075,1,9524,1686296694
newOrder,9703,0,32100,1686296694
newOrder,24776,1,32100,1686296694
cancel,9703,,,1686297267
cancel,16172,,,1686297267
cancel,18075,,,1686297267
cancel,24776,,,1686297267
newOrder,16165,0,9521,1686297295
newOrder,18075,1,9521,1686297295
newOrder,9699,0,39879,1686297295
newOrder,24999,1,39879,1686297295
cancel,9699,,,1686297868
cancel,16165,,,1686297868
cancel,18075,,,1686297868
cancel,24999,,,1686297868
newOrder,16165,0,9522,1686297893
newOrder,18075,1,9522,1686297893
newOrder,12164,0,9772,1686297893
cancel,12164,,,1686298467
cancel,16165,,,1686298467
cancel,18075,,,1686298467
newOrder,16165,0,9523,1686298494
newOrder,18075,1,9523,1686298494
newOrder,9910,0,20014,1686298494
newOrder,24776,1,20014,1686298494
cancel,9910,,,1686299068
cancel,16165,,,1686299068
cancel,18075,,,1686299068
cancel,24776,,,1686299068
newOrder,16165,0,9523,1686299095
newOrder,18075,1,9523,1686299095
newOrder,15501,0,6987,1686299095
cancel,15501,,,1686299667
cancel,16165,,,1686299667
cancel,18075,,,1686299667
newOrder,16165,0,9524,1686299694
newOrder,18075,1,9524,1686299694
newOrder,12002,0,18421,1686299694
newOrder,24776,1,18421,1686299694
cancel,12002,,,1686300268
cancel,16165,,,1686300268
cancel,18075,,,1686300268
cancel,24776,,,1686300268
newOrder,16165,0,9525,1686300294
newOrder,18075,1,9525,1686300294
newOrder,9699,0,38320,1686300294
newOrder,24999,1,38320,1686300294
cancel,9699,,,1686300867
cancel,16165,,,1686300867
cancel,18075,,,1686300867
cancel,24999,,,1686300867
newOrder,16183,0,9534,1686300892
newOrder,18075,1,9534,1686300892
newOrder,15501,0,9099,1686300892
cancel,15501,,,1686301468
cancel,16183,,,1686301468
cancel,18075,,,1686301468
newOrder,16183,0,9535,1686301493
newOrder,18075,1,9535,1686301493
newOrder,9710,0,38771,1686301493
newOrder,24999,1,38771,1686301493
cancel,9710,,,1686302068
cancel,16183,,,1686302068
cancel,18075,,,1686302068
cancel,24999,,,1686302068
newOrder,16182,0,9536,1686302094
newOrder,18075,1,9536,1686302094
newOrder,12162,0,16262,1686302094
newOrder,24776,1,16262,1686302094
cancel,12162,,,1686302667
cancel,16182,,,1686302667
cancel,18075,,,1686302667
cancel,24776,,,1686302667
newOrder,16183,0,9537,1686302695
newOrder,18075,1,9537,1686302695
newOrder,12164,0,13955,1686302695
newOrder,24776,1,13955,1686302695
cancel,12164,,,1686303268
cancel,16183,,,1686303268
cancel,18075,,,1686303268
cancel,24776,,,1686303268
newOrder,16190,0,9541,1686303296
newOrder,18075,1,9541,1686303296
newOrder,9714,0,37021,1686303296
newOrder,24999,1,37021,1686303296
cancel,9714,,,1686303867
cancel,16190,,,1686303867
cancel,18075,,,1686303867
cancel,24999,,,1686303867
newOrder,16182,0,9538,1686303894
newOrder,18075,1,9538,1686303894
newOrder,9910,0,20693,1686303894
newOrder,24776,1,20693,1686303894
cancel,9910,,,1686304468
cancel,16182,,,1686304468
cancel,18075,,,1686304468
cancel,24776,,,1686304468
newOrder,16184,0,9540,1686304495
newOrder,18075,1,9540,1686304495
newOrder,9710,0,39863,1686304495
newOrder,24999,1,39863,1686304495
cancel,9710,,,1686305068
cancel,16184,,,1686305068
cancel,18075,,,1686305068
cancel,24999,,,1686305068
newOrder,16183,0,9540,1686305093
newOrder,18075,1,9540,1686305093
newOrder,9910,0,22816,1686305093
newOrder,24776,1,22816,1686305093
cancel,9910,,,1686305667
cancel,16183,,,1686305667
cancel,18075,,,1686305667
cancel,24776,,,1686305667
newOrder,16183,0,9541,1686305695
newOrder,18075,1,9541,1686305695
newOrder,9710,0,32633,1686305695
newOrder,24776,1,32633,1686305695
cancel,9710,,,1686306267
cancel,16183,,,1686306267
cancel,18075,,,1686306267
cancel,24776,,,1686306267
newOrder,16184,0,9542,1686306294
newOrder,18075,1,9542,1686306294
newOrder,12164,0,11274,1686306294
newOrder,24776,1,11274,1686306294
cancel,12164,,,1686306867
cancel,16184,,,1686306867
cancel,18075,,,1686306867
cancel,24776,,,1686306867
newOrder,16184,0,9543,1686306895
newOrder,18075,1,9543,1686306895
newOrder,9710,0,46253,1686306895
newOrder,24999,1,46253,1686306895
cancel,9710,,,1686307467
cancel,16184,,,1686307467
cancel,18075,,,1686307467
cancel,24999,,,1686307467
newOrder,16191,0,9547,1686307495
newOrder,18075,1,9547,1686307495
newOrder,9910,0,24681,1686307495
newOrder,24776,1,24681,1686307495
cancel,9910,,,1686308068
cancel,16191,,,1686308068
cancel,18075,,,1686308068
cancel,24776,,,1686308068
newOrder,16197,0,9551,1686308093
newOrder,18075,1,9551,1686308093
newOrder,9718,0,44280,1686308093
newOrder,24999,1,44280,1686308093
cancel,9718,,,1686308668
cancel,16197,,,1686308668
cancel,18075,,,1686308668
cancel,24999,,,1686308668
newOrder,16196,0,9551,1686308695
newOrder,18075,1,9551,1686308695
newOrder,9717,0,46948,1686308695
newOrder,24999,1,46948,1686308695
cancel,9717,,,1686309268
cancel,16196,,,1686309268
cancel,18075,,,1686309268
cancel,24999,,,1686309268
newOrder,16196,0,9551,1686309295
newOrder,18075,1,9551,1686309295
newOrder,12164,0,11721,1686309295
newOrder,24776,1,11721,1686309295
cancel,12164,,,1686309867
cancel,16196,,,1686309867
cancel,18075,,,1686309867
cancel,24776,,,1686309867
newOrder,16196,0,9552,1686309900
newOrder,18075,1,9552,1686309900
newOrder,9910,0,18808,1686309900
newOrder,24776,1,18808,1686309900
cancel,9910,,,1686310467
cancel,16196,,,1686310467
cancel,18075,,,1686310467
cancel,24776,,,1686310467
newOrder,16196,0,9553,1686310495
newOrder,18075,1,9553,1686310495
newOrder,12002,0,18434,1686310495
newOrder,24776,1,18434,1686310495
cancel,12002,,,1686311069
cancel,16196,,,1686311069
cancel,18075,,,1686311069
cancel,24776,,,1686311069
newOrder,16176,0,9544,1686311095
newOrder,18075,1,9544,1686311095
newOrder,9705,0,36479,1686311095
newOrder,24999,1,36479,1686311095
cancel,9705,,,1686311667
cancel,16176,,,1686311667
cancel,18075,,,1686311667
cancel,24999,,,1686311667
newOrder,16167,0,9541,1686311695
newOrder,18075,1,9541,1686311695
newOrder,12164,0,10638,1686311695
newOrder,24776,1,10638,1686311695
cancel,12164,,,1686312267
cancel,16167,,,1686312267
cancel,18075,,,1686312267
cancel,24776,,,1686312267
newOrder,16167,0,9542,1686312294
newOrder,18075,1,9542,1686312294
newOrder,9700,0,29570,1686312294
newOrder,24776,1,29570,1686312294