instruction,price,side,qty,time
cancel,1312,,,1673871093
cancel,1404,,,1673871093
newOrder,1322,0,172,1673871120
newOrder,1414,1,172,1673871120
cancel,1322,,,1673871651
cancel,1414,,,1673871651
newOrder,1321,0,172,1673871663
newOrder,1413,1,172,1673871663
cancel,1321,,,1673872206
cancel,1413,,,1673872206
newOrder,1308,0,172,1673872233
newOrder,1399,1,172,1673872233
cancel,1308,,,1673872762
cancel,1399,,,1673872762
newOrder,1288,0,173,1673872787
newOrder,1378,1,173,1673872787
newOrder,1151,0,532,1673872787
newOrder,1794,1,690,1673872787
cancel,1151,,,1673873318
cancel,1288,,,1673873318
cancel,1378,,,1673873318
cancel,1794,,,1673873318
newOrder,1286,0,173,1673873325
newOrder,1376,1,173,1673873325
cancel,1286,,,1673873874
cancel,1376,,,1673873874
newOrder,1277,0,173,1673873888
newOrder,1366,1,173,1673873888
cancel,1277,,,1673874431
cancel,1366,,,1673874431
newOrder,1271,0,173,1673874454
newOrder,1360,1,173,1673874454
cancel,1271,,,1673874984
cancel,1360,,,1673874984
newOrder,1279,0,173,1673875003
newOrder,1368,1,173,1673875003
cancel,1279,,,1673875541
cancel,1368,,,1673875541
newOrder,1292,0,172,1673875551
newOrder,1382,1,172,1673875551
cancel,1292,,,1673876096
cancel,1382,,,1673876096
newOrder,1293,0,172,1673876117
newOrder,1383,1,172,1673876117
cancel,1293,,,1673876653
cancel,1383,,,1673876653
newOrder,1288,0,173,1673876675
newOrder,1378,1,173,1673876675
cancel,1288,,,1673877208
cancel,1378,,,1673877208
newOrder,1272,0,173,1673877217
newOrder,1361,1,173,1673877217
cancel,1272,,,1673877762
cancel,1361,,,1673877762
newOrder,1273,0,173,1673878328
newOrder,1362,1,173,1673878328
cancel,1273,,,1673878879
cancel,1362,,,1673878879
newOrder,1254,0,173,1673878899
newOrder,1342,1,173,1673878899
newOrder,1151,0,414,1673878899
newOrder,1794,1,693,1673878899
cancel,1151,,,1673879434
cancel,1254,,,1673879434
cancel,1342,,,1673879434
cancel,1794,,,1673879434
newOrder,1254,0,173,1673879461
newOrder,1341,1,173,1673879461
cancel,1254,,,1673879990
cancel,1341,,,1673879990
newOrder,1267,0,173,1673880019
newOrder,1356,1,173,1673880019
newOrder,1151,0,459,1673880019
newOrder,1794,1,692,1673880019
cancel,1151,,,1673880542
cancel,1267,,,1673880542
cancel,1356,,,1673880542
cancel,1794,,,1673880542
newOrder,1268,0,173,1673880552
newOrder,1357,1,173,1673880552
cancel,1268,,,1673881099
cancel,1357,,,1673881099
newOrder,1254,0,173,1673881124
newOrder,1342,1,173,1673881124
cancel,1254,,,1673881655
cancel,1342,,,1673881655
newOrder,1249,0,173,1673881684
newOrder,1337,1,173,1673881684
cancel,1337,,,1673882126
newOrder,1202,0,175,1673882144
newOrder,1295,1,175,1673882144
newOrder,1101,0,442,1673882144
newOrder,1794,1,699,1673882144
cancel,1101,,,1673882212
cancel,1202,,,1673882212
cancel,1295,,,1673882212
cancel,1794,,,1673882212
newOrder,1204,0,175,1673882251
newOrder,1289,1,175,1673882251
newOrder,1101,0,435,1673882251
newOrder,1794,1,699,1673882251
cancel,1101,,,1673882768
cancel,1204,,,1673882768
cancel,1289,,,1673882768
cancel,1794,,,1673882768
newOrder,1225,0,174,1673882799
newOrder,1311,1,174,1673882799
cancel,1225,,,1673883325
cancel,1311,,,1673883325
newOrder,1259,0,173,1673883356
newOrder,1347,1,173,1673883356
cancel,1259,,,1673883881
cancel,1347,,,1673883881
newOrder,1264,0,173,1673883898
newOrder,1352,1,173,1673883898
cancel,1264,,,1673884434
cancel,1352,,,1673884434
newOrder,1270,0,173,1673884445
newOrder,1359,1,173,1673884445
cancel,1270,,,1673884851
cancel,1359,,,1673884851
newOrder,1275,0,173,1673884866
newOrder,1364,1,173,1673884866
newOrder,1101,0,680,1673884866
newOrder,1794,1,691,1673884866
newOrder,1257,0,173,1673885489
newOrder,1345,1,173,1673885489
cancel,1101,,,1673885906
cancel,1257,,,1673885906
cancel,1275,,,1673885906
cancel,1345,,,1673885906
cancel,1364,,,1673885906
cancel,1794,,,1673885906
newOrder,1270,0,173,1673885914
newOrder,1359,1,173,1673885914
cancel,1270,,,1673886418
cancel,1359,,,1673886418
newOrder,1260,0,173,1673886444
newOrder,1348,1,173,1673886444
cancel,1260,,,1673886932
cancel,1348,,,1673886932
newOrder,1264,0,173,1673886959
newOrder,1352,1,173,1673886959
cancel,1264,,,1673887442
cancel,1352,,,1673887442
newOrder,1258,0,173,1673887473
newOrder,1346,1,173,1673887473
cancel,1258,,,1673887961
cancel,1346,,,1673887961
newOrder,1251,0,173,1673887970
newOrder,1338,1,173,1673887970
cancel,1251,,,1673888471
cancel,1338,,,1673888471
newOrder,1257,0,173,1673888495
newOrder,1345,1,173,1673888495
cancel,1257,,,1673888991
cancel,1345,,,1673888991
newOrder,1282,0,173,1673889020
newOrder,1372,1,173,1673889020
newOrder,1101,0,690,1673889020
newOrder,1794,1,690,1673889020
cancel,1101,,,1673889495
cancel,1282,,,1673889495
cancel,1372,,,1673889495
cancel,1794,,,1673889495
newOrder,1290,0,172,1673889505
newOrder,1381,1,172,1673889505
cancel,1290,,,1673890013
cancel,1381,,,1673890013
newOrder,1303,0,172,1673890039
newOrder,1394,1,172,1673890039
cancel,1303,,,1673890396
newOrder,1342,0,171,1673890419
newOrder,1445,1,171,1673890419
newOrder,1332,0,58,1673890419
cancel,1332,,,1673890442
cancel,1445,,,1673890442
newOrder,1286,0,172,1673890458
newOrder,1395,1,172,1673890458
cancel,1286,,,1673890522
cancel,1395,,,1673890522
newOrder,1297,0,172,1673890531
newOrder,1387,1,172,1673890531
cancel,1387,,,1673890729
newOrder,1248,0,173,1673890736
newOrder,1345,1,173,1673890736
newOrder,1101,0,606,1673890736
newOrder,1794,1,693,1673890736
cancel,1101,,,1673890772
cancel,1248,,,1673890772
cancel,1794,,,1673890772
newOrder,1290,0,172,1673890791
newOrder,1399,1,172,1673890791
cancel,1290,,,1673891037
cancel,1399,,,1673891037
newOrder,1319,0,172,1673891056
newOrder,1411,1,172,1673891056
cancel,1319,,,1673891547
cancel,1411,,,1673891547
newOrder,1324,0,172,1673891578
newOrder,1417,1,172,1673891578
cancel,1324,,,1673892062
cancel,1417,,,1673892062
newOrder,1330,0,172,1673892075
newOrder,1423,1,172,1673892075
cancel,1330,,,1673892572
cancel,1423,,,1673892572
newOrder,1313,0,172,1673892605
newOrder,1405,1,172,1673892605
cancel,1313,,,1673893087
cancel,1405,,,1673893087
newOrder,1322,0,172,1673893110
newOrder,1415,1,172,1673893110
cancel,1322,,,1673893602
cancel,1415,,,1673893602
newOrder,1320,0,172,1673893622
newOrder,1413,1,172,1673893622
cancel,1320,,,1673894110
cancel,1413,,,1673894110
newOrder,1334,0,171,1673894122
newOrder,1428,1,171,1673894122
newOrder,1101,0,686,1673894122
newOrder,1794,1,686,1673894122
cancel,1101,,,1673894629
cancel,1334,,,1673894629
cancel,1428,,,1673894629
cancel,1794,,,1673894629
newOrder,1344,0,171,1673894650
newOrder,1438,1,171,1673894650
cancel,1344,,,1673895136
cancel,1438,,,1673895136
newOrder,1364,0,171,1673895146
newOrder,1460,1,171,1673895146
cancel,1364,,,1673895653
cancel,1460,,,1673895653
newOrder,1365,0,171,1673895676
newOrder,1461,1,171,1673895676
cancel,1365,,,1673896166
cancel,1461,,,1673896166
newOrder,1366,0,171,1673896191
newOrder,1462,1,171,1673896191
cancel,1366,,,1673896678
cancel,1462,,,1673896678
newOrder,1354,0,171,1673896709
newOrder,1449,1,171,1673896709
cancel,1354,,,1673897189
cancel,1449,,,1673897189
newOrder,1342,0,171,1673897224
newOrder,1435,1,171,1673897224
cancel,1342,,,1673897703
cancel,1435,,,1673897703
newOrder,1341,0,171,1673897712
newOrder,1435,1,171,1673897712
cancel,1341,,,1673898215
cancel,1435,,,1673898215
newOrder,1348,0,171,1673898252
newOrder,1442,1,171,1673898252
cancel,1348,,,1673898728
cancel,1442,,,1673898728
newOrder,1352,0,171,1673898752
newOrder,1446,1,171,1673898752
cancel,1352,,,1673899242
cancel,1446,,,1673899242
newOrder,1351,0,171,1673899278
newOrder,1445,1,171,1673899278
cancel,1351,,,1673899754
cancel,1445,,,1673899754
newOrder,1355,0,171,1673899780
newOrder,1450,1,171,1673899780
cancel,1355,,,1673900266
cancel,1450,,,1673900266
newOrder,1339,0,171,1673900291
newOrder,1433,1,171,1673900291
newOrder,1101,0,685,1673900291
newOrder,1794,1,685,1673900291
cancel,1101,,,1673900780
cancel,1339,,,1673900780
cancel,1433,,,1673900780
cancel,1794,,,1673900780
newOrder,1322,0,172,1673900806
newOrder,1415,1,172,1673900806
cancel,1322,,,1673901299
cancel,1415,,,1673901299
newOrder,1317,0,172,1673901325
newOrder,1410,1,172,1673901325
cancel,1317,,,1673901805
cancel,1410,,,1673901805
newOrder,1319,0,172,1673901817
newOrder,1411,1,172,1673901817
cancel,1319,,,1673902320
cancel,1411,,,1673902320
newOrder,1318,0,172,1673902340
newOrder,1410,1,172,1673902340
cancel,1318,,,1673902832
cancel,1410,,,1673902832
newOrder,1317,0,172,1673902840
newOrder,1409,1,172,1673902840
cancel,1317,,,1673903345
cancel,1409,,,1673903345
newOrder,1305,0,172,1673903363
newOrder,1397,1,172,1673903363
cancel,1305,,,1673903862
cancel,1397,,,1673903862
newOrder,1293,0,172,1673903869
newOrder,1383,1,172,1673903869
cancel,1293,,,1673903915
newOrder,1331,0,171,1673903934
newOrder,1434,1,171,1673903934
newOrder,1284,0,192,1673903934
newOrder,1794,1,685,1673903934
cancel,1284,,,1673904008
cancel,1434,,,1673904008
cancel,1794,,,1673904008
newOrder,1277,0,172,1673904033
newOrder,1384,1,172,1673904033
cancel,1277,,,1673904369
cancel,1384,,,1673904369
newOrder,1269,0,173,1673904404
newOrder,1358,1,173,1673904404
cancel,1269,,,1673904882
cancel,1358,,,1673904882
newOrder,1263,0,173,1673904903
newOrder,1351,1,173,1673904903
cancel,1263,,,1673905394
cancel,1351,,,1673905394
newOrder,1255,0,173,1673905430
newOrder,1343,1,173,1673905430
cancel,1255,,,1673905907
cancel,1343,,,1673905907
newOrder,1262,0,173,1673905934
newOrder,1350,1,173,1673905934
cancel,1262,,,1673906421
cancel,1350,,,1673906421
newOrder,1272,0,173,1673906439
newOrder,1361,1,173,1673906439
cancel,1272,,,1673906939
cancel,1361,,,1673906939
newOrder,1279,0,172,1673906966
newOrder,1368,1,172,1673906966
cancel,1279,,,1673907447
cancel,1368,,,1673907447
newOrder,1304,0,172,1673907472
newOrder,1395,1,172,1673907472
cancel,1304,,,1673907960
cancel,1395,,,1673907960
newOrder,1304,0,172,1673907992
newOrder,1395,1,172,1673907992
cancel,1304,,,1673908474
cancel,1395,,,1673908474
newOrder,1303,0,172,1673908485
newOrder,1394,1,172,1673908485
cancel,1303,,,1673908988
cancel,1394,,,1673908988
newOrder,1298,0,172,1673908997
newOrder,1389,1,172,1673908997
cancel,1298,,,1673909498
cancel,1389,,,1673909498
newOrder,1294,0,172,1673909508
newOrder,1385,1,172,1673909508
cancel,1294,,,1673910011
cancel,1385,,,1673910011
newOrder,1289,0,172,1673910040
newOrder,1379,1,172,1673910040
cancel,1289,,,1673910523
cancel,1379,,,1673910523
newOrder,1287,0,172,1673910535
newOrder,1377,1,172,1673910535
cancel,1287,,,1673911039
cancel,1377,,,1673911039
newOrder,1279,0,172,1673911064
newOrder,1369,1,172,1673911064
cancel,1279,,,1673911552
cancel,1369,,,1673911552
newOrder,1277,0,172,1673911575
newOrder,1367,1,172,1673911575
cancel,1277,,,1673912063
cancel,1367,,,1673912063
newOrder,1279,0,172,1673912097
newOrder,1368,1,172,1673912097
cancel,1279,,,1673912577
cancel,1368,,,1673912577
newOrder,1279,0,172,1673912603
newOrder,1368,1,172,1673912603
cancel,1279,,,1673913088
cancel,1368,,,1673913088
newOrder,1275,0,172,1673913115
newOrder,1364,1,172,1673913115
cancel,1275,,,1673913601
cancel,1364,,,1673913601
newOrder,1275,0,172,1673913629
newOrder,1364,1,172,1673913629
cancel,1275,,,1673914113
cancel,1364,,,1673914113
newOrder,1263,0,173,1673914122
newOrder,1352,1,173,1673914122
cancel,1263,,,1673914626
cancel,1352,,,1673914626
newOrder,1283,0,172,1673914634
newOrder,1373,1,172,1673914634
newOrder,1111,0,666,1673914634
cancel,1111,,,1673915141
cancel,1283,,,1673915141
cancel,1373,,,1673915141
newOrder,1280,0,172,1673915148
newOrder,1369,1,172,1673915148
cancel,1280,,,1673915654
cancel,1369,,,1673915654
newOrder,1269,0,172,1673915662
newOrder,1358,1,172,1673915662
cancel,1269,,,1673916166
cancel,1358,,,1673916166
newOrder,1266,0,172,1673916177
newOrder,1354,1,172,1673916177
cancel,1266,,,1673916680
cancel,1354,,,1673916680
newOrder,1239,0,173,1673916708
newOrder,1326,1,173,1673916708
cancel,1239,,,1673917196
cancel,1326,,,1673917196
newOrder,1239,0,173,1673917225
newOrder,1326,1,173,1673917225
cancel,1239,,,1673917705
cancel,1326,,,1673917705
newOrder,1244,0,173,1673917730
newOrder,1331,1,173,1673917730
cancel,1244,,,1673918218
cancel,1331,,,1673918218
newOrder,1228,0,173,1673918239
newOrder,1314,1,173,1673918239
cancel,1228,,,1673918739
cancel,1314,,,1673918739
newOrder,1235,0,173,1673918759
newOrder,1321,1,173,1673918759
cancel,1235,,,1673919251
cancel,1321,,,1673919251
newOrder,1231,0,173,1673919283
newOrder,1317,1,173,1673919283
cancel,1231,,,1673919765
cancel,1317,,,1673919765
newOrder,1223,0,174,1673919781
newOrder,1309,1,174,1673919781
newOrder,1111,0,461,1673919781
newOrder,1342,1,141,1673919781
cancel,1111,,,1673920276
cancel,1223,,,1673920276
cancel,1309,,,1673920276
cancel,1342,,,1673920276
newOrder,1222,0,174,1673920291
newOrder,1307,1,174,1673920291
cancel,1222,,,1673920793
cancel,1307,,,1673920793
newOrder,1215,0,174,1673920822
newOrder,1300,1,174,1673920822
newOrder,1111,0,431,1673920822
newOrder,1342,1,179,1673920822
cancel,1111,,,1673921308
cancel,1215,,,1673921308
cancel,1300,,,1673921308
cancel,1342,,,1673921308
newOrder,1212,0,174,1673921323
newOrder,1297,1,174,1673921323
cancel,1212,,,1673921823
cancel,1297,,,1673921823
newOrder,1213,0,174,1673921859
newOrder,1298,1,174,1673921859
cancel,1213,,,1673922321
cancel,1298,,,1673922321
newOrder,1215,0,174,1673922337
newOrder,1299,1,174,1673922337
cancel,1215,,,1673922840
cancel,1299,,,1673922840
newOrder,1211,0,174,1673922862
newOrder,1296,1,174,1673922862
cancel,1211,,,1673923354
cancel,1296,,,1673923354
newOrder,1215,0,174,1673923379
newOrder,1300,1,174,1673923379
cancel,1215,,,1673923868
cancel,1300,,,1673923868
newOrder,1259,0,173,1673923885
newOrder,1347,1,173,1673923885
newOrder,1111,0,586,1673923885
cancel,1111,,,1673924381
cancel,1259,,,1673924381
cancel,1347,,,1673924381
newOrder,1253,0,173,1673924396
newOrder,1341,1,173,1673924396
newOrder,1111,0,566,1673924396
newOrder,1794,1,691,1673924396
cancel,1111,,,1673924895
cancel,1253,,,1673924895
cancel,1341,,,1673924895
cancel,1794,,,1673924895
newOrder,1256,0,173,1673924923
newOrder,1344,1,173,1673924923
cancel,1256,,,1673925407
cancel,1344,,,1673925407
newOrder,1258,0,173,1673925439
newOrder,1346,1,173,1673925439
cancel,1258,,,1673925919
cancel,1346,,,1673925919
newOrder,1249,0,173,1673925950
newOrder,1337,1,173,1673925950
cancel,1249,,,1673926423
cancel,1337,,,1673926423
newOrder,1250,0,173,1673926432
newOrder,1337,1,173,1673926432
cancel,1250,,,1673926939
cancel,1337,,,1673926939
newOrder,1247,0,173,1673926964
newOrder,1334,1,173,1673926964
cancel,1334,,,1673927271
newOrder,1200,0,174,1673927277
newOrder,1293,1,174,1673927277
newOrder,1101,0,429,1673927277
newOrder,1794,1,696,1673927277
cancel,1101,,,1673927451
cancel,1200,,,1673927451
cancel,1293,,,1673927451
cancel,1794,,,1673927451
newOrder,1239,0,173,1673927462
newOrder,1326,1,173,1673927462
cancel,1239,,,1673927962
cancel,1326,,,1673927962
newOrder,1238,0,173,1673927991
newOrder,1325,1,173,1673927991
cancel,1238,,,1673928474
cancel,1325,,,1673928474
newOrder,1234,0,173,1673928481
newOrder,1320,1,173,1673928481
cancel,1234,,,1673928992
cancel,1320,,,1673928992
newOrder,1238,0,173,1673929006
newOrder,1324,1,173,1673929006
cancel,1238,,,1673929499
cancel,1324,,,1673929499
newOrder,1259,0,172,1673929508
newOrder,1347,1,172,1673929508
cancel,1259,,,1673930011
cancel,1347,,,1673930011
newOrder,1270,0,172,1673930041
newOrder,1359,1,172,1673930041
newOrder,1101,0,658,1673930041
newOrder,1793,1,689,1673930041
cancel,1101,,,1673930531
cancel,1270,,,1673930531
cancel,1359,,,1673930531
cancel,1793,,,1673930531
newOrder,1274,0,172,1673930556
newOrder,1363,1,172,1673930556
cancel,1274,,,1673931040
cancel,1363,,,1673931040
newOrder,1267,0,172,1673931047
newOrder,1356,1,172,1673931047
cancel,1267,,,1673931550
cancel,1356,,,1673931550
newOrder,1271,0,172,1673931579
newOrder,1360,1,172,1673931579
cancel,1271,,,1673932064
cancel,1360,,,1673932064
newOrder,1273,0,172,1673932092
newOrder,1361,1,172,1673932092
cancel,1273,,,1673932576
cancel,1361,,,1673932576
newOrder,1278,0,172,1673932590
newOrder,1367,1,172,1673932590
cancel,1278,,,1673933090
cancel,1367,,,1673933090
newOrder,1283,0,172,1673933109
newOrder,1372,1,172,1673933109
cancel,1283,,,1673933603
cancel,1372,,,1673933603
newOrder,1290,0,172,1673933628
newOrder,1380,1,172,1673933628
cancel,1290,,,1673934114
cancel,1380,,,1673934114
newOrder,1291,0,172,1673934140
newOrder,1381,1,172,1673934140
cancel,1291,,,1673934629
cancel,1381,,,1673934629
newOrder,1284,0,172,1673934649
newOrder,1374,1,172,1673934649
cancel,1284,,,1673935140
cancel,1374,,,1673935140
newOrder,1282,0,172,1673935167
newOrder,1372,1,172,1673935167
newOrder,1101,0,687,1673935167
newOrder,1793,1,687,1673935167
cancel,1101,,,1673935653
cancel,1282,,,1673935653
cancel,1372,,,1673935653
cancel,1793,,,1673935653
newOrder,1283,0,172,1673935664
newOrder,1373,1,172,1673935664
newOrder,1101,0,687,1673935664
newOrder,1793,1,687,1673935664
cancel,1101,,,1673936166
cancel,1283,,,1673936166
cancel,1373,,,1673936166
cancel,1793,,,1673936166
newOrder,1275,0,172,1673936189
newOrder,1365,1,172,1673936189
cancel,1275,,,1673936678
cancel,1365,,,1673936678
newOrder,1273,0,172,1673936710
newOrder,1362,1,172,1673936710
newOrder,1200,0,283,1673936710
newOrder,1792,1,688,1673936710
cancel,1200,,,1673937192
cancel,1273,,,1673937192
cancel,1362,,,1673937192
cancel,1792,,,1673937192
newOrder,1273,0,172,1673937200
newOrder,1362,1,172,1673937200
cancel,1273,,,1673937705
cancel,1362,,,1673937705
newOrder,1271,0,172,1673937728
newOrder,1359,1,172,1673937728
cancel,1271,,,1673938217
cancel,1359,,,1673938217
newOrder,1266,0,172,1673938245
newOrder,1355,1,172,1673938245
cancel,1266,,,1673938730
cancel,1355,,,1673938730
newOrder,1263,0,172,1673938742
newOrder,1351,1,172,1673938742
newOrder,1200,0,248,1673938742
newOrder,1792,1,689,1673938742
cancel,1200,,,1673939243
cancel,1263,,,1673939243
cancel,1351,,,1673939243
cancel,1792,,,1673939243
newOrder,1258,0,172,1673939252
newOrder,1346,1,172,1673939252
newOrder,1200,0,230,1673939252
newOrder,1792,1,689,1673939252
cancel,1200,,,1673939757
cancel,1258,,,1673939757
cancel,1346,,,1673939757
cancel,1792,,,1673939757
newOrder,1260,0,172,1673939765
newOrder,1348,1,172,1673939765
cancel,1260,,,1673940269
cancel,1348,,,1673940269
newOrder,1267,0,172,1673940295
newOrder,1356,1,172,1673940295
cancel,1267,,,1673940783
cancel,1356,,,1673940783
newOrder,1264,0,172,1673940806
newOrder,1352,1,172,1673940806
cancel,1264,,,1673941296
cancel,1352,,,1673941296
newOrder,1260,0,172,1673941322
newOrder,1348,1,172,1673941322
cancel,1260,,,1673941812
cancel,1348,,,1673941812
newOrder,1258,0,172,1673941822
newOrder,1345,1,172,1673941822
cancel,1258,,,1673942320
cancel,1345,,,1673942320
newOrder,1262,0,172,1673942342
newOrder,1350,1,172,1673942342
cancel,1262,,,1673942833
cancel,1350,,,1673942833
newOrder,1261,0,172,1673942857
newOrder,1349,1,172,1673942857
cancel,1261,,,1673943346
cancel,1349,,,1673943346
newOrder,1264,0,172,1673943372
newOrder,1352,1,172,1673943372
cancel,1264,,,1673943862
cancel,1352,,,1673943862
newOrder,1271,0,172,1673943893
newOrder,1360,1,172,1673943893
newOrder,1200,0,276,1673943893
newOrder,1792,1,688,1673943893
cancel,1200,,,1673944372
cancel,1271,,,1673944372
cancel,1360,,,1673944372
cancel,1792,,,1673944372
newOrder,1274,0,172,1673944394
newOrder,1363,1,172,1673944394
cancel,1274,,,1673944884
cancel,1363,,,1673944884
newOrder,1274,0,172,1673944896
newOrder,1363,1,172,1673944896
cancel,1274,,,1673945398
cancel,1363,,,1673945398
newOrder,1277,0,172,1673945413
newOrder,1366,1,172,1673945413
cancel,1277,,,1673945910
cancel,1366,,,1673945910
newOrder,1281,0,172,1673945920
newOrder,1370,1,172,1673945920
cancel,1281,,,1673946424
cancel,1370,,,1673946424
newOrder,1297,0,171,1673946454
newOrder,1388,1,171,1673946454
cancel,1297,,,1673946938
cancel,1388,,,1673946938
newOrder,1297,0,171,1673946948
newOrder,1388,1,171,1673946948
cancel,1297,,,1673947450
cancel,1388,,,1673947450
newOrder,1296,0,171,1673947479
newOrder,1386,1,171,1673947479
cancel,1296,,,1673947962
cancel,1386,,,1673947962
newOrder,1298,0,171,1673947991
newOrder,1389,1,171,1673947991
cancel,1298,,,1673948475
cancel,1389,,,1673948475
newOrder,1293,0,171,1673948499
newOrder,1383,1,171,1673948499
cancel,1293,,,1673948988
cancel,1383,,,1673948988
newOrder,1295,0,171,1673948995
newOrder,1385,1,171,1673948995
cancel,1295,,,1673949501
cancel,1385,,,1673949501
newOrder,1300,0,171,1673949509
newOrder,1391,1,171,1673949509
cancel,1300,,,1673950014
cancel,1391,,,1673950014
newOrder,1298,0,171,1673950022
newOrder,1389,1,171,1673950022
cancel,1298,,,1673950527
cancel,1389,,,1673950527
newOrder,1292,0,171,1673950540
newOrder,1382,1,171,1673950540
cancel,1292,,,1673951040
cancel,1382,,,1673951040
newOrder,1288,0,172,1673951052
newOrder,1378,1,172,1673951052
cancel,1288,,,1673951553
cancel,1378,,,1673951553
newOrder,1267,0,172,1673951583
newOrder,1356,1,172,1673951583
newOrder,1791,1,688,1673951583
cancel,1267,,,1673952065
cancel,1356,,,1673952065
cancel,1791,,,1673952065
newOrder,1271,0,172,1673952074
newOrder,1360,1,172,1673952074
newOrder,1101,0,659,1673952074
newOrder,1791,1,687,1673952074
cancel,1101,,,1673952577
cancel,1271,,,1673952577
cancel,1360,,,1673952577
cancel,1791,,,1673952577
newOrder,1276,0,172,1673952603
newOrder,1365,1,172,1673952603
cancel,1276,,,1673953090
cancel,1365,,,1673953090
newOrder,1276,0,172,1673953098
newOrder,1366,1,172,1673953098
cancel,1276,,,1673953607
cancel,1366,,,1673953607
newOrder,1272,0,172,1673953627
newOrder,1361,1,172,1673953627
cancel,1272,,,1673954117
cancel,1361,,,1673954117
newOrder,1276,0,172,1673954146
newOrder,1365,1,172,1673954146
cancel,1276,,,1673954629
cancel,1365,,,1673954629
newOrder,1281,0,172,1673954645
newOrder,1371,1,172,1673954645
cancel,1281,,,1673955144
cancel,1371,,,1673955144
newOrder,1284,0,172,1673955166
newOrder,1374,1,172,1673955166
cancel,1284,,,1673955656
cancel,1374,,,1673955656
newOrder,1283,0,172,1673955663
newOrder,1372,1,172,1673955663
cancel,1283,,,1673956170
cancel,1372,,,1673956170
newOrder,1280,0,172,1673956177
newOrder,1370,1,172,1673956177
cancel,1280,,,1673956681
cancel,1370,,,1673956681
newOrder,1282,0,172,1673956704
newOrder,1371,1,172,1673956704
cancel,1282,,,1673957195
cancel,1371,,,1673957195
newOrder,1278,0,172,1673957212
newOrder,1367,1,172,1673957212