instruction,price,side,qty,time
newOrder,67583,0,24,1702405925
newOrder,67962,1,24,1702405925
cancel,67962,,,1702405989
newOrder,67375,0,25,1702406003
newOrder,67791,1,25,1702406003
cancel,67375,,,1702406038
cancel,67791,,,1702406038
newOrder,67624,0,24,1702406062
newOrder,68003,1,24,1702406062
cancel,68003,,,1702406243
newOrder,67416,0,24,1702406261
newOrder,67832,1,24,1702406261
cancel,67416,,,1702406320
newOrder,67604,0,24,1702406338
newOrder,68060,1,24,1702406338
cancel,67604,,,1702406467
newOrder,67813,0,24,1702406477
newOrder,68307,1,24,1702406477
cancel,67813,,,1702406640
cancel,68307,,,1702406640
newOrder,67798,0,24,1702406654
newOrder,68178,1,24,1702406654
cancel,67798,,,1702406928
newOrder,67968,0,23,1702406939
newOrder,68388,1,23,1702406939
cancel,67968,,,1702407242
cancel,68388,,,1702407242
newOrder,67973,0,23,1702407254
newOrder,68354,1,23,1702407254
cancel,68354,,,1702407582
newOrder,67764,0,24,1702407592
newOrder,68182,1,24,1702407592
cancel,67764,,,1702407839
cancel,68182,,,1702407839
newOrder,67887,0,24,1702407850
newOrder,68268,1,24,1702407850
cancel,68268,,,1702407877
newOrder,67678,0,24,1702407885
newOrder,68096,1,24,1702407885
cancel,67678,,,1702408440
cancel,68096,,,1702408440
newOrder,67744,0,24,1702408453
newOrder,68124,1,24,1702408453
cancel,68124,,,1702408536
newOrder,67536,0,24,1702408543
newOrder,67952,1,24,1702408543
cancel,67952,,,1702408769
newOrder,67309,0,25,1702408784
newOrder,67763,1,25,1702408784
cancel,67763,,,1702408933
newOrder,67064,0,25,1702408950
newOrder,67554,1,25,1702408950
cancel,67064,,,1702409039
cancel,67554,,,1702409039
newOrder,67194,0,25,1702409054
newOrder,67571,1,25,1702409054
cancel,67571,,,1702409284
newOrder,66987,0,25,1702409300
newOrder,67401,1,25,1702409300
cancel,67401,,,1702409343
newOrder,66762,0,26,1702409358
newOrder,67212,1,26,1702409358
cancel,66762,,,1702409491
newOrder,66968,0,25,1702409520
newOrder,67456,1,25,1702409520
cancel,66968,,,1702409647
cancel,66968,,,1702409648
newOrder,67192,0,25,1702409665
newOrder,67720,1,25,1702409665
newOrder,67417,0,25,1702409675
newOrder,67795,1,25,1702409675
cancel,67192,,,1702410239
cancel,67417,,,1702410239
cancel,67720,,,1702410239
cancel,67795,,,1702410239
newOrder,67401,0,25,1702410257
newOrder,67779,1,25,1702410257
cancel,67779,,,1702410340
newOrder,67194,0,25,1702410360
newOrder,67608,1,25,1702410360
cancel,67608,,,1702410455
newOrder,66969,0,25,1702410464
newOrder,67419,1,25,1702410464
cancel,66969,,,1702410717
newOrder,67174,0,25,1702410733
newOrder,67664,1,25,1702410733
cancel,67174,,,1702410801
newOrder,67399,0,24,1702410821
newOrder,67929,1,24,1702410821
cancel,67399,,,1702410839
cancel,67929,,,1702410839
newOrder,67586,0,24,1702410851
newOrder,67965,1,24,1702410851
cancel,67965,,,1702411012
newOrder,67378,0,25,1702411027
newOrder,67794,1,25,1702411027
cancel,67794,,,1702411142
newOrder,67152,0,25,1702411150
newOrder,67604,1,25,1702411150
cancel,67152,,,1702411274
newOrder,67358,0,25,1702411283
newOrder,67850,1,25,1702411283
cancel,67358,,,1702411439
cancel,67850,,,1702411439
newOrder,67644,0,24,1702411454
newOrder,68023,1,24,1702411454
cancel,68023,,,1702411608
newOrder,67436,0,24,1702411621
newOrder,67852,1,24,1702411621
cancel,67436,,,1702412039
cancel,67852,,,1702412039
newOrder,67380,0,25,1702412052
newOrder,67758,1,25,1702412052
cancel,67758,,,1702412166
newOrder,67173,0,25,1702412188
newOrder,67587,1,25,1702412188
cancel,67587,,,1702412385
newOrder,66948,0,25,1702412401
newOrder,67398,1,25,1702412401
cancel,66948,,,1702412507
cancel,67398,,,1702412507
newOrder,67106,0,25,1702412527
newOrder,67483,1,25,1702412527
cancel,67106,,,1702412639
cancel,67483,,,1702412639
newOrder,67028,0,25,1702412651
newOrder,67403,1,25,1702412651
cancel,67403,,,1702412695
newOrder,66822,0,26,1702412706
newOrder,67234,1,26,1702412706
cancel,66822,,,1702412969
newOrder,67008,0,25,1702412987
newOrder,67460,1,25,1702412987
cancel,67460,,,1702413190
newOrder,66764,0,26,1702413198
newOrder,67252,1,26,1702413198
cancel,66764,,,1702413239
cancel,67252,,,1702413239
newOrder,66812,0,26,1702413256
newOrder,67187,1,26,1702413256
cancel,66812,,,1702413320
newOrder,66980,0,25,1702413329
newOrder,67394,1,25,1702413329
cancel,66980,,,1702413430
newOrder,67168,0,25,1702413451
newOrder,67620,1,25,1702413451
newOrder,67291,0,46,1702413455
newOrder,67669,1,46,1702413455
cancel,67168,,,1702413752
cancel,67669,,,1702413752
newOrder,67084,0,46,1702413762
newOrder,67498,1,46,1702413762
cancel,67084,,,1702413846
cancel,67498,,,1702413846
newOrder,67057,0,46,1702413864
newOrder,67433,1,46,1702413864
cancel,67057,,,1702414068
newOrder,67226,0,46,1702414077
newOrder,67640,1,46,1702414077
cancel,67226,,,1702414428
newOrder,67413,0,45,1702414437
newOrder,67867,1,45,1702414437
newOrder,67539,0,45,1702414453
newOrder,67917,1,45,1702414453
cancel,67413,,,1702415040
cancel,67539,,,1702415040
cancel,67917,,,1702415040
newOrder,67864,0,43,1702415061
newOrder,68244,1,43,1702415061
cancel,67413,,,1702415316
cancel,67539,,,1702415316
cancel,68244,,,1702415316
newOrder,67655,0,44,1702415329
newOrder,68073,1,44,1702415329
cancel,67655,,,1702415598
newOrder,67845,0,43,1702415609
newOrder,68301,1,43,1702415609
cancel,67845,,,1702415641
cancel,68301,,,1702415641
newOrder,67979,0,43,1702415655
newOrder,68360,1,43,1702415655
cancel,68360,,,1702416063
newOrder,67770,0,44,1702416071
newOrder,68188,1,44,1702416071
cancel,67770,,,1702416241
cancel,68188,,,1702416241
newOrder,67759,0,44,1702416256
newOrder,68139,1,44,1702416256
cancel,68139,,,1702416742
newOrder,67551,0,45,1702416754
newOrder,67967,1,45,1702416754
cancel,67551,,,1702416845
cancel,67967,,,1702416845
newOrder,67643,0,44,1702416861
newOrder,68023,1,44,1702416861
cancel,67643,,,1702417442
cancel,68023,,,1702417442
newOrder,67605,0,44,1702417452
newOrder,67984,1,44,1702417452
cancel,67984,,,1702417486
newOrder,67397,0,45,1702417506
newOrder,67813,1,45,1702417506
cancel,67813,,,1702417547
newOrder,67171,0,46,1702417556
newOrder,67623,1,46,1702417556
cancel,67623,,,1702417726
newOrder,66927,0,47,1702417736
newOrder,67415,1,47,1702417736
cancel,66927,,,1702418045
cancel,67415,,,1702418045
newOrder,66978,0,47,1702418063
newOrder,67354,1,47,1702418063
cancel,67354,,,1702418085
newOrder,66772,0,47,1702418108
newOrder,67184,1,47,1702418108
cancel,66772,,,1702418187
newOrder,66959,0,47,1702418197
newOrder,67409,1,47,1702418197
cancel,67409,,,1702418245
newOrder,66716,0,47,1702418253
newOrder,67202,1,47,1702418253
cancel,66716,,,1702418641
cancel,67202,,,1702418641
newOrder,66972,0,47,1702418654
newOrder,67348,1,47,1702418654
cancel,66972,,,1702419244
cancel,67348,,,1702419244
newOrder,67184,0,46,1702419253
newOrder,67561,1,46,1702419253
cancel,67184,,,1702419841
cancel,67561,,,1702419841
newOrder,67253,0,46,1702419850
newOrder,67630,1,46,1702419850
cancel,67253,,,1702420317
newOrder,67422,0,45,1702420328
newOrder,67838,1,45,1702420328
cancel,67422,,,1702420441
cancel,67838,,,1702420441
newOrder,67731,0,44,1702420458
newOrder,68111,1,44,1702420458
cancel,67731,,,1702421040
cancel,68111,,,1702421040
newOrder,67671,0,44,1702421052
newOrder,68050,1,44,1702421052
cancel,68050,,,1702421388
newOrder,67463,0,45,1702421401
newOrder,67879,1,45,1702421401
cancel,67463,,,1702421639
cancel,67879,,,1702421639
newOrder,67701,0,44,1702421650
newOrder,68081,1,44,1702421650
cancel,68081,,,1702421836
newOrder,67493,0,45,1702421847
newOrder,67909,1,45,1702421847
cancel,67493,,,1702422240
cancel,67909,,,1702422240
newOrder,67641,0,44,1702422254
newOrder,68020,1,44,1702422254
cancel,67641,,,1702422524
newOrder,67811,0,44,1702422537
newOrder,68229,1,44,1702422537
cancel,67811,,,1702422842
cancel,68229,,,1702422842
newOrder,68004,0,43,1702422853
newOrder,68386,1,43,1702422853
cancel,68004,,,1702423148
newOrder,68176,0,42,1702423195
newOrder,68596,1,42,1702423195
newOrder,68640,1,14,1702423195
cancel,68176,,,1702423256
cancel,68640,,,1702423256
newOrder,68366,0,41,1702423275
newOrder,68826,1,41,1702423275
cancel,68366,,,1702423441
cancel,68826,,,1702423441
newOrder,68528,0,41,1702423467
newOrder,68912,1,41,1702423467
cancel,68528,,,1702423973
newOrder,68700,0,40,1702423988
newOrder,69124,1,40,1702423988
cancel,68700,,,1702424043
cancel,69124,,,1702424043
newOrder,68703,0,40,1702424059
newOrder,69089,1,40,1702424059
cancel,69089,,,1702424637
cancel,69089,,,1702424640
newOrder,68492,0,41,1702424665
newOrder,68914,1,41,1702424665
newOrder,68585,0,41,1702424671
newOrder,68970,1,41,1702424671
cancel,68492,,,1702424929
cancel,68914,,,1702424929
cancel,68970,,,1702424929
newOrder,68374,0,41,1702424941
newOrder,68796,1,41,1702424941
cancel,68374,,,1702425243
cancel,68796,,,1702425243
newOrder,68298,0,42,1702425254
newOrder,68681,1,42,1702425254
cancel,68681,,,1702425696
newOrder,68088,0,43,1702425704
newOrder,68508,1,43,1702425704
cancel,68088,,,1702425733
newOrder,68278,0,42,1702425744
newOrder,68738,1,42,1702425744
cancel,68738,,,1702425769
newOrder,68030,0,43,1702425781
newOrder,68526,1,43,1702425781
newOrder,68573,1,23,1702425781
cancel,68030,,,1702425788
newOrder,68258,0,42,1702425798
newOrder,68794,1,42,1702425798
cancel,68794,,,1702425824
newOrder,67972,0,43,1702425833
newOrder,68544,1,43,1702425833
newOrder,68547,1,22,1702425833
cancel,67972,,,1702425838
newOrder,68104,0,43,1702425855
newOrder,68485,1,43,1702425855
newOrder,68613,1,29,1702425855
cancel,68104,,,1702425863
cancel,68613,,,1702425863
newOrder,68274,0,42,1702425872
newOrder,68696,1,42,1702425872
cancel,68696,,,1702426369
newOrder,68045,0,43,1702426377
newOrder,68503,1,43,1702426377
cancel,68045,,,1702426440
cancel,68503,,,1702426440
newOrder,68215,0,42,1702426450
newOrder,68598,1,42,1702426450
cancel,68215,,,1702426701
newOrder,68387,0,41,1702426710
newOrder,68809,1,41,1702426710
cancel,68809,,,1702426926
newOrder,68158,0,42,1702426935
newOrder,68616,1,42,1702426935
cancel,68158,,,1702427040
cancel,68616,,,1702427040
newOrder,68079,0,43,1702427050
newOrder,68461,1,43,1702427050
cancel,68079,,,1702427267
newOrder,68250,0,42,1702427278
newOrder,68672,1,42,1702427278
cancel,68250,,,1702427637
cancel,68672,,,1702427637
newOrder,68436,0,41,1702427654
newOrder,68820,1,41,1702427654
cancel,68820,,,1702427721
newOrder,68226,0,42,1702427740
newOrder,68646,1,42,1702427740
cancel,68226,,,1702428243
cancel,68646,,,1702428243
newOrder,68244,0,42,1702428252
newOrder,68627,1,42,1702428252
cancel,68627,,,1702428571
newOrder,68034,0,43,1702428582
newOrder,68454,1,43,1702428582
cancel,68034,,,1702428839
cancel,68454,,,1702428839
newOrder,67928,0,43,1702428853
newOrder,68309,1,43,1702428853
cancel,67928,,,1702429068
newOrder,68099,0,43,1702429079
newOrder,68519,1,43,1702429079
cancel,68099,,,1702429296
newOrder,68289,0,42,1702429317
newOrder,68749,1,42,1702429317
newOrder,68132,0,43,1702429317
cancel,68132,,,1702429341
cancel,68289,,,1702429341
cancel,68749,,,1702429341
newOrder,68041,0,43,1702429359
newOrder,68537,1,43,1702429359
cancel,68041,,,1702429452
cancel,68537,,,1702429452
newOrder,67986,0,43,1702429474
newOrder,68367,1,43,1702429474
cancel,67986,,,1702429512
newOrder,68157,0,42,1702429540
newOrder,68577,1,42,1702429540
cancel,68577,,,1702429594
newOrder,67928,0,43,1702429606
newOrder,68386,1,43,1702429606
cancel,67928,,,1702429733
newOrder,68137,0,42,1702429751
newOrder,68635,1,42,1702429751
cancel,68635,,,1702429851
newOrder,67870,0,43,1702429870
newOrder,68404,1,43,1702429870
cancel,67870,,,1702430041
cancel,68404,,,1702430041
newOrder,67848,0,44,1702430056
newOrder,68228,1,44,1702430056
cancel,68228,,,1702430144
newOrder,67639,0,44,1702430160
newOrder,68057,1,44,1702430160
cancel,68057,,,1702430173
newOrder,67412,0,45,1702430197
newOrder,67866,1,45,1702430197
cancel,67866,,,1702430244
newOrder,67167,0,46,1702430267
newOrder,67657,1,46,1702430267
cancel,67657,,,1702430510
newOrder,66904,0,47,1702430523
newOrder,67430,1,47,1702430523
cancel,66904,,,1702430639
cancel,67430,,,1702430639
newOrder,66997,0,47,1702430652
newOrder,67373,1,47,1702430652
cancel,67373,,,1702430809
newOrder,66791,0,48,1702430869
newOrder,67203,1,48,1702430869
cancel,67203,,,1702430944
newOrder,66567,0,48,1702430965
newOrder,67015,1,48,1702430965
cancel,66567,,,1702431071
newOrder,66771,0,47,1702431082
newOrder,67259,1,47,1702431082
cancel,66771,,,1702431210
newOrder,66996,0,47,1702431224
newOrder,67522,1,47,1702431224
cancel,66996,,,1702431239
cancel,67522,,,1702431239
newOrder,67241,0,46,1702431257
newOrder,67618,1,46,1702431257
cancel,67618,,,1702431351
newOrder,67034,0,47,1702431380
newOrder,67448,1,47,1702431380
cancel,67034,,,1702431841
cancel,67448,,,1702431841
newOrder,67036,0,47,1702431865
newOrder,67412,1,47,1702431865
cancel,67412,,,1702431948
newOrder,66830,0,47,1702431971
newOrder,67242,1,47,1702431971
cancel,67242,,,1702432108
newOrder,66606,0,48,1702432127
newOrder,67054,1,48,1702432127
cancel,66606,,,1702432440
cancel,67054,,,1702432440
newOrder,66821,0,47,1702432453
newOrder,67196,1,47,1702432453
cancel,66821,,,1702432574
newOrder,66989,0,47,1702432586
newOrder,67403,1,47,1702432586
newOrder,66901,0,27,1702432586
cancel,66901,,,1702432615
cancel,67403,,,1702432615
newOrder,66764,0,48,1702432627
newOrder,67214,1,48,1702432627
cancel,67214,,,1702432747
newOrder,66521,0,48,1702432756
newOrder,67007,1,48,1702432756
cancel,67007,,,1702432795
newOrder,66261,0,49,1702432836
newOrder,66781,1,49,1702432836
cancel,66261,,,1702432980
newOrder,66501,0,48,1702432988
newOrder,67061,1,48,1702432988
cancel,66501,,,1702433042
cancel,67061,,,1702433042
newOrder,66588,0,48,1702433056
newOrder,66962,1,48,1702433056
cancel,66962,,,1702433185
newOrder,66383,0,49,1702433194
newOrder,66793,1,49,1702433194
newOrder,66864,1,24,1702433194
cancel,66793,,,1702433476
cancel,66864,,,1702433476
newOrder,66160,0,49,1702433494
newOrder,66606,1,49,1702433494
cancel,66160,,,1702433519
newOrder,66364,0,49,1702433558
newOrder,66848,1,49,1702433558
newOrder,65932,0,80,1702433558
cancel,65932,,,1702433645
cancel,66848,,,1702433645
newOrder,66142,0,50,1702433661
newOrder,66513,1,50,1702433661
cancel,66513,,,1702433677
newOrder,65841,0,50,1702433688
newOrder,66359,1,50,1702433688
newOrder,65939,0,50,1702433698
newOrder,66345,1,50,1702433698
cancel,65841,,,1702433724
cancel,65939,,,1702433724
cancel,66345,,,1702433724
cancel,66359,,,1702433724
newOrder,66122,0,50,1702433735
newOrder,66568,1,50,1702433735
newOrder,66765,1,63,1702433735
cancel,66568,,,1702433773
cancel,66765,,,1702433773
newOrder,65882,0,50,1702433787
newOrder,66362,1,50,1702433787
newOrder,66765,1,125,1702433787
cancel,65882,,,1702433791
cancel,66765,,,1702433791
newOrder,66240,0,49,1702433801
newOrder,66760,1,49,1702433801
cancel,66760,,,1702433896
newOrder,65962,0,50,1702433910
newOrder,66518,1,50,1702433910
newOrder,66599,1,38,1702433910
cancel,65962,,,1702433947
cancel,66599,,,1702433947
newOrder,66220,0,49,1702433960
newOrder,66816,1,49,1702433960
cancel,66816,,,1702434052
newOrder,65905,0,50,1702434068
newOrder,66535,1,50,1702434068
cancel,65905,,,1702434107
newOrder,66200,0,49,1702434132
newOrder,66870,1,49,1702434132
cancel,66870,,,1702434214
newOrder,65848,0,50,1702434225
newOrder,66552,1,50,1702434225
newOrder,66594,1,44,1702434225
cancel,65848,,,1702434242
cancel,66552,,,1702434242
cancel,66594,,,1702434242
newOrder,66429,0,49,1702434261
newOrder,66802,1,49,1702434261
newOrder,66031,0,105,1702434261
cancel,66031,,,1702434265
cancel,66802,,,1702434265
newOrder,65989,0,50,1702434281
newOrder,66397,1,50,1702434281
newOrder,66476,1,27,1702434281
cancel,65989,,,1702434299
cancel,66476,,,1702434299
newOrder,66174,0,49,1702434313
newOrder,66620,1,49,1702434313
cancel,66620,,,1702434321
newOrder,65933,0,50,1702434334
newOrder,66415,1,50,1702434334
cancel,66415,,,1702434442
newOrder,65675,0,51,1702434458
newOrder,66191,1,51,1702434458
cancel,66191,,,1702434518
newOrder,65400,0,51,1702434551
newOrder,65950,1,51,1702434551
newOrder,66049,1,54,1702434551
cancel,65400,,,1702434560
cancel,66049,,,1702434560
newOrder,65705,0,51,1702434576
newOrder,66295,1,51,1702434576
cancel,65705,,,1702434683
newOrder,65980,0,50,1702434697
newOrder,66610,1,50,1702434697
newOrder,65901,0,56,1702434697
newOrder,65648,0,51,1702434715
newOrder,66312,1,51,1702434715
cancel,65648,,,1702434726
cancel,66610,,,1702434726
newOrder,65960,0,50,1702434734
newOrder,66664,1,50,1702434734
cancel,65960,,,1702434839
cancel,66664,,,1702434839
newOrder,66285,0,49,1702434856
newOrder,66657,1,49,1702434856
newOrder,66158,0,34,1702434856
cancel,66158,,,1702434865
cancel,66657,,,1702434865
newOrder,66081,0,50,1702434874
newOrder,66489,1,50,1702434874
newOrder,66499,1,8,1702434874
cancel,66489,,,1702434985
cancel,66499,,,1702434985
newOrder,65859,0,50,1702434998
newOrder,66303,1,50,1702434998
cancel,65859,,,1702435070
newOrder,66062,0,50,1702435082
newOrder,66544,1,50,1702435082
cancel,66544,,,1702435095
newOrder,65803,0,50,1702435109
newOrder,66321,1,50,1702435109
newOrder,66400,1,42,1702435109
cancel,65803,,,1702435121
cancel,66400,,,1702435121
newOrder,66043,0,50,1702435135
newOrder,66599,1,50,1702435135
newOrder,65986,0,40,1702435135
cancel,65986,,,1702435335
cancel,66599,,,1702435335
newOrder,65748,0,50,1702435348
newOrder,66338,1,50,1702435348
newOrder,66499,1,57,1702435348
cancel,65748,,,1702435370
cancel,66499,,,1702435370
newOrder,66023,0,50,1702435385
newOrder,66653,1,50,1702435385
cancel,66023,,,1702435439
cancel,66653,,,1702435439
newOrder,66466,0,49,1702435460
newOrder,66839,1,49,1702435460
cancel,66839,,,1702435592
newOrder,66262,0,49,1702435605
newOrder,66670,1,49,1702435605
cancel,66262,,,1702436039
cancel,66670,,,1702436039
newOrder,66417,0,49,1702436051
newOrder,66789,1,49,1702436051
newOrder,66410,0,2,1702436051
cancel,66410,,,1702436335
cancel,66417,,,1702436335
newOrder,66584,0,48,1702436344
newOrder,66994,1,48,1702436344
cancel,66994,,,1702436531
newOrder,66361,0,49,1702436544
newOrder,66807,1,49,1702436544
cancel,66361,,,1702436639
cancel,66807,,,1702436639
newOrder,66616,0,48,1702436652
newOrder,66989,1,48,1702436652
cancel,66616,,,1702436920
newOrder,66783,0,48,1702436933
newOrder,67195,1,48,1702436933
cancel,67195,,,1702436996
newOrder,66559,0,48,1702437007
newOrder,67007,1,48,1702437007
cancel,67007,,,1702437140
newOrder,66317,0,49,1702437155
newOrder,66801,1,49,1702437155
cancel,66317,,,1702437240
cancel,66801,,,1702437240
newOrder,66159,0,50,1702437253
newOrder,66530,1,50,1702437253
cancel,66159,,,1702437362
newOrder,66325,0,49,1702437380
newOrder,66735,1,49,1702437380
newOrder,66301,0,12,1702437380
newOrder,66102,0,50,1702437461
newOrder,66548,1,50,1702437461
cancel,66548,,,1702437722
cancel,66735,,,1702437722
newOrder,65862,0,50,1702437740
newOrder,66342,1,50,1702437740
newOrder,66004,0,50,1702437744
newOrder,66375,1,50,1702437744
cancel,65862,,,1702437839
cancel,66004,,,1702437839
cancel,66342,,,1702437839
cancel,66375,,,1702437839
newOrder,65882,0,50,1702437856
newOrder,66251,1,50,1702437856
cancel,66251,,,1702437947
newOrder,65679,0,51,1702437963
newOrder,66085,1,51,1702437963
cancel,65679,,,1702438348
newOrder,65863,0,50,1702438357
newOrder,66307,1,50,1702438357
cancel,65863,,,1702438438
cancel,66307,,,1702438438
newOrder,66072,0,50,1702438461
newOrder,66443,1,50,1702438461
cancel,66443,,,1702438524
newOrder,65869,0,50,1702438534
newOrder,66275,1,50,1702438534
cancel,65869,,,1702438932
newOrder,66053,0,50,1702438940
newOrder,66497,1,50,1702438940
cancel,66053,,,1702439039
cancel,66497,,,1702439039
newOrder,66033,0,50,1702439049
newOrder,66403,1,50,1702439049
cancel,66403,,,1702439098
newOrder,65830,0,51,1702439106
newOrder,66236,1,51,1702439106
cancel,66236,,,1702439257
newOrder,65609,0,51,1702439270
newOrder,66051,1,51,1702439270
cancel,66051,,,1702439329
newOrder,65371,0,52,1702439343
newOrder,65847,1,52,1702439343
cancel,65847,,,1702439378
newOrder,65115,0,52,1702439395
newOrder,65627,1,52,1702439395
cancel,65115,,,1702439650
cancel,65627,,,1702439650
newOrder,65247,0,52,1702439688
newOrder,65613,1,52,1702439688
cancel,65613,,,1702439712
newOrder,65046,0,52,1702439726
newOrder,65448,1,52,1702439726
newOrder,65499,1,20,1702439726
cancel,65046,,,1702439772
cancel,65499,,,1702439772
newOrder,65228,0,52,1702439784
newOrder,65668,1,52,1702439784
cancel,65046,,,1702439865
cancel,65668,,,1702439865
newOrder,64991,0,52,1702439887
newOrder,65465,1,52,1702439887
newOrder,65501,1,26,1702439887
cancel,64991,,,1702440072
cancel,65501,,,1702440072
newOrder,65209,0,52,1702440083
newOrder,65721,1,52,1702440083
cancel,65209,,,1702440239
cancel,65721,,,1702440239
newOrder,65325,0,52,1702440249
newOrder,65691,1,52,1702440249
cancel,65691,,,1702440325
newOrder,65124,0,52,1702440337
newOrder,65526,1,52,1702440337
cancel,65526,,,1702440554
newOrder,64905,0,53,1702440569
newOrder,65343,1,53,1702440569
cancel,64905,,,1702440606
newOrder,65105,0,52,1702440620
newOrder,65581,1,52,1702440620
newOrder,65101,0,17,1702440620
cancel,65581,,,1702440642
newOrder,64850,0,53,1702440656
newOrder,65360,1,53,1702440656
newOrder,65424,1,40,1702440656
cancel,65360,,,1702440811
cancel,65424,,,1702440811
newOrder,64578,0,53,1702440837
newOrder,65122,1,53,1702440837
newOrder,64885,0,53,1702440860
newOrder,65249,1,53,1702440860
newOrder,64707,0,52,1702440860
cancel,64578,,,1702440874
cancel,64707,,,1702440874
cancel,65122,,,1702440874
cancel,65249,,,1702440874
newOrder,64685,0,53,1702440911
newOrder,65085,1,53,1702440911
cancel,65085,,,1702441045
newOrder,64468,0,53,1702441062
newOrder,64902,1,53,1702441062
newOrder,64401,0,31,1702441062
newOrder,65038,1,51,1702441062
cancel,64401,,,1702441084
cancel,64468,,,1702441084
cancel,65038,,,1702441084
newOrder,64666,0,53,1702441108
newOrder,65138,1,53,1702441108
newOrder,64534,0,55,1702441108
cancel,64534,,,1702441126
cancel,65138,,,1702441126
newOrder,64413,0,53,1702441141
newOrder,64919,1,53,1702441141
newOrder,65072,1,67,1702441141
cancel,64413,,,1702441166
cancel,65072,,,1702441166
newOrder,64647,0,53,1702441186
newOrder,65191,1,53,1702441186
newOrder,64401,0,99,1702441186
cancel,64401,,,1702441390
cancel,65191,,,1702441390
newOrder,64358,0,53,1702441407
newOrder,64936,1,53,1702441407
newOrder,65079,1,75,1702441407
cancel,64358,,,1702441423
newOrder,64627,0,53,1702441444
newOrder,65245,1,53,1702441444
newOrder,65146,0,52,1702441450
newOrder,65512,1,52,1702441450
newOrder,64901,0,61,1702441450
cancel,64627,,,1702441454
cancel,64901,,,1702441454
cancel,65245,,,1702441454
cancel,65512,,,1702441454
newOrder,64868,0,53,1702441471
newOrder,65268,1,53,1702441471
newOrder,65307,1,17,1702441471
cancel,64868,,,1702441660
cancel,65307,,,1702441660
newOrder,65049,0,52,1702441684
newOrder,65487,1,52,1702441684
cancel,65049,,,1702441808
newOrder,65249,0,52,1702441818
newOrder,65725,1,52,1702441818
cancel,65725,,,1702441838
newOrder,64994,0,52,1702441858
newOrder,65504,1,52,1702441858
cancel,64994,,,1702441916
newOrder,65229,0,52,1702441927
newOrder,65779,1,52,1702441927
cancel,65779,,,1702441969
newOrder,64937,0,52,1702441979
newOrder,65521,1,52,1702441979
newOrder,65543,1,38,1702441979
cancel,64937,,,1702441983
newOrder,65231,0,52,1702441994
newOrder,65855,1,52,1702441994
cancel,65231,,,1702442040
cancel,65855,,,1702442040
newOrder,65476,0,52,1702442052
newOrder,65844,1,52,1702442052
cancel,65844,,,1702442145
newOrder,65275,0,52,1702442154
newOrder,65677,1,52,1702442154
cancel,65275,,,1702442497
newOrder,65457,0,52,1702442506
newOrder,65897,1,52,1702442506
cancel,65457,,,1702442609
newOrder,65657,0,51,1702442622
newOrder,66137,1,51,1702442622
newOrder,65642,0,20,1702442622
cancel,65642,,,1702442639
cancel,65657,,,1702442639
cancel,66137,,,1702442639
newOrder,65715,0,51,1702442655
newOrder,66083,1,51,1702442655
cancel,65715,,,1702443043
newOrder,65880,0,51,1702443050
newOrder,66286,1,51,1702443050
cancel,65880,,,1702443241
cancel,66286,,,1702443241
newOrder,65880,0,51,1702443252
newOrder,66249,1,51,1702443252
cancel,66249,,,1702443490
newOrder,65677,0,51,1702443508
newOrder,66083,1,51,1702443508
newOrder,66132,1,19,1702443508
cancel,65677,,,1702443513
cancel,66132,,,1702443513
newOrder,65877,0,50,1702443534
newOrder,66321,1,50,1702443534
cancel,66321,,,1702443548
newOrder,65638,0,51,1702443563
newOrder,66116,1,51,1702443563
cancel,65638,,,1702443839
cancel,66116,,,1702443839
newOrder,65871,0,51,1702443850
newOrder,66240,1,51,1702443850
cancel,66240,,,1702443935
newOrder,65668,0,51,1702443945
newOrder,66074,1,51,1702443945
cancel,66074,,,1702444217
newOrder,65448,0,52,1702444227
newOrder,65888,1,52,1702444227
cancel,65888,,,1702444387
newOrder,65210,0,52,1702444405
newOrder,65686,1,52,1702444405
cancel,65210,,,1702444439
cancel,65686,,,1702444439
newOrder,65272,0,52,1702444454
newOrder,65638,1,52,1702444454
cancel,65272,,,1702444850
newOrder,65436,0,52,1702444869
newOrder,65840,1,52,1702444869
cancel,65436,,,1702444955
newOrder,65619,0,51,1702444964
newOrder,66061,1,51,1702444964
cancel,65619,,,1702445039
cancel,66061,,,1702445039
newOrder,65540,0,51,1702445052
newOrder,65908,1,51,1702445052
cancel,65540,,,1702445471
newOrder,65705,0,51,1702445481
newOrder,66111,1,51,1702445481
cancel,66111,,,1702445511
newOrder,65485,0,52,1702445518
newOrder,65925,1,52,1702445518
cancel,65485,,,1702445645
cancel,65925,,,1702445645
newOrder,65477,0,52,1702445658
newOrder,65844,1,52,1702445658
cancel,65477,,,1702446239
cancel,65844,,,1702446239
newOrder,65524,0,52,1702446250
newOrder,65891,1,52,1702446250
cancel,65524,,,1702446485
newOrder,65688,0,51,1702446494
newOrder,66094,1,51,1702446494
newOrder,65601,0,30,1702446494
cancel,65601,,,1702446665
cancel,66094,,,1702446665
newOrder,65468,0,52,1702446679
newOrder,65908,1,52,1702446679
cancel,65468,,,1702446839
cancel,65908,,,1702446839
newOrder,65588,0,51,1702446848
newOrder,65956,1,51,1702446848
cancel,65588,,,1702447015
newOrder,65753,0,51,1702447025
newOrder,66159,1,51,1702447025
cancel,66159,,,1702447137
newOrder,65532,0,51,1702447147
newOrder,65974,1,51,1702447147
newOrder,65977,1,12,1702447147
cancel,65532,,,1702447339
newOrder,65734,0,51,1702447346
newOrder,66214,1,51,1702447346
cancel,65734,,,1702447439
cancel,66214,,,1702447439
newOrder,65702,0,51,1702447449
newOrder,66071,1,51,1702447449
cancel,66071,,,1702447693
newOrder,65500,0,52,1702447703
newOrder,65904,1,52,1702447703
cancel,65500,,,1702447857
newOrder,65683,0,51,1702447871
newOrder,66125,1,51,1702447871
cancel,65683,,,1702448040
cancel,66125,,,1702448040
newOrder,65613,0,51,1702448050
newOrder,65981,1,51,1702448050
cancel,65613,,,1702448187
newOrder,65778,0,51,1702448195
newOrder,66184,1,51,1702448195
cancel,66184,,,1702448236
newOrder,65557,0,51,1702448243
newOrder,65999,1,51,1702448243
cancel,65557,,,1702448263
newOrder,65759,0,51,1702448274
newOrder,66239,1,51,1702448274
cancel,65759,,,1702448297
cancel,66239,,,1702448297
newOrder,65859,0,74,1702448308
newOrder,66228,1,74,1702448308
cancel,65859,,,1702448637
cancel,66228,,,1702448637
newOrder,65929,0,74,1702448648
newOrder,66299,1,74,1702448648
cancel,66299,,,1702448738
newOrder,65726,0,74,1702448749
newOrder,66132,1,74,1702448749
cancel,65726,,,1702449239
cancel,66132,,,1702449239
newOrder,65907,0,74,1702449248
newOrder,66276,1,74,1702449248
cancel,66276,,,1702449287
newOrder,65704,0,74,1702449295
newOrder,66110,1,74,1702449295
cancel,66110,,,1702449545
newOrder,65484,0,75,1702449552
newOrder,65924,1,75,1702449552
cancel,65484,,,1702449840
cancel,65924,,,1702449840
newOrder,65321,0,76,1702449852
newOrder,65688,1,76,1702449852
cancel,65688,,,1702449930
newOrder,65120,0,76,1702449940
newOrder,65522,1,76,1702449940
cancel,65522,,,1702450054
newOrder,64902,0,77,1702450067
newOrder,65338,1,77,1702450067
cancel,65338,,,1702450077
newOrder,64666,0,78,1702450099
newOrder,65138,1,78,1702450099
cancel,65138,,,1702450243
newOrder,64413,0,78,1702450260
newOrder,64919,1,78,1702450260
cancel,64413,,,1702450435
newOrder,64647,0,77,1702450443
newOrder,65191,1,77,1702450443
newOrder,64720,0,78,1702450447
newOrder,65083,1,78,1702450447
cancel,64647,,,1702450502
cancel,65083,,,1702450502
cancel,65191,,,1702450502
newOrder,64521,0,78,1702450523
newOrder,64919,1,78,1702450523
newOrder,64501,0,17,1702450523
cancel,64501,,,1702450559
cancel,64919,,,1702450559
cancel,65083,,,1702450559
cancel,65191,,,1702450559
newOrder,64305,0,78,1702450578
newOrder,64737,1,78,1702450578
cancel,64737,,,1702450597
cancel,64919,,,1702450597
cancel,65083,,,1702450597
cancel,65191,,,1702450597
newOrder,64071,0,79,1702450624
newOrder,64539,1,79,1702450624
cancel,64071,,,1702450731
newOrder,64286,0,78,1702450742
newOrder,64792,1,78,1702450742
newOrder,64165,0,84,1702450742
cancel,64165,,,1702450755
cancel,64792,,,1702450755
newOrder,64016,0,79,1702450767
newOrder,64556,1,79,1702450767
cancel,64556,,,1702450845
newOrder,63730,0,79,1702450879
newOrder,64302,1,79,1702450879
cancel,63730,,,1702450913
newOrder,63996,0,79,1702450928
newOrder,64608,1,79,1702450928
cancel,64608,,,1702451000
newOrder,63674,0,79,1702451021
newOrder,64318,1,79,1702451021
newOrder,64499,1,79,1702451021
cancel,63674,,,1702451026
cancel,64499,,,1702451026
newOrder,64058,0,79,1702451042
newOrder,64742,1,79,1702451042
newOrder,64449,0,78,1702451047
newOrder,64810,1,78,1702451047
cancel,64058,,,1702451087
cancel,64449,,,1702451087
cancel,64810,,,1702451087
newOrder,64494,0,78,1702451105
newOrder,64856,1,78,1702451105
cancel,64856,,,1702451130
newOrder,64296,0,78,1702451147
newOrder,64692,1,78,1702451147
cancel,64296,,,1702451213
newOrder,64475,0,78,1702451241
newOrder,64909,1,78,1702451241
cancel,64475,,,1702451275
newOrder,64673,0,78,1702451291
newOrder,65145,1,78,1702451291
cancel,64673,,,1702451350
newOrder,64890,0,77,1702451360
newOrder,65400,1,77,1702451360
cancel,65400,,,1702451549
newOrder,64618,0,78,1702451562
newOrder,65162,1,78,1702451562
cancel,64618,,,1702451642
cancel,65162,,,1702451642
newOrder,64779,0,77,1702451659
newOrder,65143,1,77,1702451659
cancel,64779,,,1702451800
newOrder,64943,0,77,1702451809
newOrder,65343,1,77,1702451809
cancel,65343,,,1702452049
newOrder,64725,0,77,1702452061
newOrder,65161,1,77,1702452061
newOrder,64701,0,26,1702452061
cancel,64701,,,1702452239
cancel,64725,,,1702452239
cancel,65161,,,1702452239
newOrder,64981,0,77,1702452252
newOrder,65345,1,77,1702452252
cancel,65345,,,1702452842
cancel,65345,,,1702452842
newOrder,64839,0,77,1702452853
newOrder,65203,1,77,1702452853
newOrder,64701,0,59,1702452853
newOrder,64781,0,77,1702452855
newOrder,65181,1,77,1702452855
cancel,64701,,,1702453440
cancel,64781,,,1702453440
cancel,64839,,,1702453440
cancel,65181,,,1702453440
cancel,65203,,,1702453440
newOrder,64782,0,77,1702453456
newOrder,65145,1,77,1702453456
cancel,65145,,,1702453724
newOrder,64583,0,78,1702453737
newOrder,64981,1,78,1702453737
cancel,64583,,,1702453938
newOrder,64763,0,77,1702453950
newOrder,65199,1,77,1702453950
cancel,64763,,,1702454037
cancel,65199,,,1702454037
newOrder,64890,0,77,1702454056
newOrder,65254,1,77,1702454056
cancel,65254,,,1702454241
newOrder,64690,0,78,1702454249
newOrder,65090,1,78,1702454249
cancel,64690,,,1702454640
cancel,65090,,,1702454640
newOrder,64822,0,77,1702454653
newOrder,65185,1,77,1702454653
cancel,64822,,,1702454895
newOrder,64985,0,77,1702454917
newOrder,65385,1,77,1702454917
cancel,64985,,,1702454984
newOrder,65166,0,76,1702455012
newOrder,65604,1,76,1702455012
newOrder,65642,1,31,1702455012
cancel,65166,,,1702455129
cancel,65642,,,1702455129
newOrder,65366,0,76,1702455144
newOrder,65842,1,76,1702455144
cancel,65366,,,1702455239
cancel,65842,,,1702455239
newOrder,65454,0,75,1702455252
newOrder,65821,1,75,1702455252
cancel,65454,,,1702455840
cancel,65821,,,1702455840
newOrder,65561,0,75,1702455851
newOrder,65929,1,75,1702455851
cancel,65561,,,1702456439
cancel,65929,,,1702456439
newOrder,65742,0,74,1702456456
newOrder,66111,1,74,1702456456
cancel,65742,,,1702456551
newOrder,65908,0,74,1702456559
newOrder,66314,1,74,1702456559
cancel,65908,,,1702457041
cancel,66314,,,1702457041
newOrder,65949,0,74,1702457052
newOrder,66319,1,74,1702457052
cancel,65949,,,1702457129
newOrder,66115,0,73,1702457154
newOrder,66523,1,73,1702457154
cancel,66523,,,1702457247
newOrder,65893,0,74,1702457259
newOrder,66337,1,74,1702457259
cancel,65893,,,1702457544
cancel,66337,,,1702457544
newOrder,66063,0,88,1702457555
newOrder,66433,1,88,1702457555
cancel,66063,,,1702457640
cancel,66433,,,1702457640
newOrder,65996,0,89,1702457652
newOrder,66366,1,89,1702457652
cancel,65996,,,1702458242
cancel,66366,,,1702458242
newOrder,65864,0,89,1702458255
newOrder,66234,1,89,1702458255
cancel,65864,,,1702458839
cancel,66234,,,1702458839
newOrder,65817,0,90,1702458856
newOrder,66186,1,90,1702458856
cancel,65817,,,1702459437
cancel,66186,,,1702459437
newOrder,65878,0,89,1702459451
newOrder,66248,1,89,1702459451
cancel,65878,,,1702460040
cancel,66248,,,1702460040
newOrder,66025,0,89,1702460051
newOrder,66395,1,89,1702460051
cancel,66395,,,1702460145
newOrder,65822,0,90,1702460155
newOrder,66228,1,90,1702460155
cancel,66228,,,1702460347
newOrder,65601,0,91,1702460362
newOrder,66043,1,91,1702460362
cancel,65601,,,1702460639
cancel,66043,,,1702460639
newOrder,65878,0,89,1702460652
newOrder,66248,1,89,1702460652
cancel,65878,,,1702461189
newOrder,66044,0,89,1702461202
newOrder,66452,1,89,1702461202
cancel,66044,,,1702461239
cancel,66452,,,1702461239
newOrder,66133,0,88,1702461254
newOrder,66504,1,88,1702461254
cancel,66504,,,1702461344
newOrder,65930,0,89,1702461360
newOrder,66336,1,89,1702461360
cancel,66336,,,1702461816
newOrder,65709,0,90,1702461826
newOrder,66151,1,90,1702461826
cancel,65709,,,1702461841
cancel,66151,,,1702461841
newOrder,65848,0,90,1702461857
newOrder,66217,1,90,1702461857
cancel,65848,,,1702462440
cancel,66217,,,1702462440
newOrder,65890,0,89,1702462450
newOrder,66260,1,89,1702462450
cancel,66260,,,1702462685
newOrder,65687,0,90,1702462699
newOrder,66093,1,90,1702462699
cancel,65687,,,1702463039
cancel,66093,,,1702463039
newOrder,65620,0,91,1702463053
newOrder,65988,1,91,1702463053
cancel,65988,,,1702463195
newOrder,65418,0,92,1702463203
newOrder,65822,1,92,1702463203
cancel,65418,,,1702463640
cancel,65822,,,1702463640
newOrder,65551,0,91,1702463653
newOrder,65919,1,91,1702463653
cancel,65551,,,1702464239
cancel,65919,,,1702464239
newOrder,65464,0,91,1702464248
newOrder,65831,1,91,1702464248
cancel,65831,,,1702464659
newOrder,65263,0,92,1702464672
newOrder,65665,1,92,1702464672
cancel,65263,,,1702464840
cancel,65665,,,1702464840
newOrder,65432,0,92,1702464850
newOrder,65799,1,92,1702464850
cancel,65432,,,1702464987
newOrder,65597,0,91,1702464999
newOrder,66001,1,91,1702464999
cancel,65597,,,1702465416
newOrder,65780,0,90,1702465430
newOrder,66222,1,90,1702465430
cancel,65780,,,1702465440
cancel,66222,,,1702465440
newOrder,66140,0,88,1702465488
newOrder,66511,1,88,1702465488
cancel,65780,,,1702465977
cancel,66511,,,1702465977
newOrder,65937,0,89,1702465988
newOrder,66343,1,89,1702465988
cancel,65937,,,1702466040
cancel,66343,,,1702466040
newOrder,65951,0,89,1702466052
newOrder,66321,1,89,1702466052
cancel,65951,,,1702466188
newOrder,66117,0,88,1702466195
newOrder,66525,1,88,1702466195
cancel,66525,,,1702466487
newOrder,65895,0,89,1702466497
newOrder,66339,1,89,1702466497
cancel,65895,,,1702466639
cancel,66339,,,1702466639
newOrder,66008,0,89,1702466650
newOrder,66378,1,89,1702466650
cancel,66378,,,1702467017
newOrder,65805,0,90,1702467027
newOrder,66211,1,90,1702467027
cancel,66211,,,1702467227
newOrder,65584,0,91,1702467234
newOrder,66026,1,91,1702467234
cancel,65584,,,1702467239
cancel,66026,,,1702467239
newOrder,65740,0,90,1702467252
newOrder,66109,1,90,1702467252
cancel,66109,,,1702467432
newOrder,65538,0,91,1702467441
newOrder,65942,1,91,1702467441
cancel,65538,,,1702467839
cancel,65942,,,1702467839
newOrder,65546,0,91,1702467848
newOrder,65914,1,91,1702467848
cancel,65914,,,1702468168
newOrder,65344,0,92,1702468177
newOrder,65748,1,92,1702468177
cancel,65344,,,1702468438
cancel,65748,,,1702468438
newOrder,65382,0,92,1702468451
newOrder,65749,1,92,1702468451
cancel,65749,,,1702468546
newOrder,65181,0,93,1702468564
newOrder,65583,1,93,1702468564
cancel,65181,,,1702469039
cancel,65583,,,1702469039
newOrder,65286,0,92,1702469050
newOrder,65652,1,92,1702469050
cancel,65652,,,1702469102
newOrder,65085,0,93,1702469111
newOrder,65487,1,93,1702469111