instruction,price,side,qty,time
cancel,20073,,,1693311233
cancel,20207,,,1693311233
newOrder,20074,0,288,1693311341
newOrder,20209,1,288,1693311341
cancel,20074,,,1693311833
cancel,20209,,,1693311833
newOrder,20085,0,288,1693311944
newOrder,20220,1,288,1693311944
cancel,20085,,,1693312432
cancel,20220,,,1693312432
newOrder,20118,0,288,1693312461
newOrder,20253,1,288,1693312461
cancel,20118,,,1693313033
cancel,20253,,,1693313033
newOrder,20162,0,288,1693313057
newOrder,20298,1,288,1693313057
cancel,20162,,,1693313633
cancel,20298,,,1693313633
newOrder,20156,0,288,1693313649
newOrder,20292,1,288,1693313649
cancel,20156,,,1693314233
cancel,20292,,,1693314233
newOrder,20189,0,288,1693314262
newOrder,20325,1,288,1693314262
cancel,20189,,,1693314833
cancel,20325,,,1693314833
newOrder,20165,0,288,1693314896
newOrder,20301,1,288,1693314896
cancel,20165,,,1693315433
cancel,20301,,,1693315433
newOrder,20152,0,288,1693315522
newOrder,20288,1,288,1693315522
cancel,20152,,,1693316033
cancel,20288,,,1693316033
newOrder,20158,0,288,1693316048
newOrder,20293,1,288,1693316048
cancel,20158,,,1693316634
newOrder,20249,0,288,1693316660
newOrder,20385,1,288,1693316660
cancel,20249,,,1693317232
cancel,20385,,,1693317232
newOrder,20247,0,288,1693317274
newOrder,20383,1,288,1693317274
cancel,20247,,,1693317833
newOrder,20328,0,288,1693317846
newOrder,20465,1,288,1693317846
cancel,20328,,,1693318433
newOrder,20353,0,288,1693318529
newOrder,20490,1,288,1693318529
cancel,20353,,,1693318853
newOrder,21627,0,276,1693319992
newOrder,21773,1,276,1693319992
cancel,21627,,,1693320150
newOrder,21693,0,275,1693320168
newOrder,21853,1,275,1693320168
cancel,21693,,,1693320175
newOrder,21765,0,274,1693320189
newOrder,21941,1,274,1693320189
newOrder,21721,0,224,1693320189
newOrder,22365,1,837,1693320189
cancel,21721,,,1693320269
cancel,21765,,,1693320269
cancel,22365,,,1693320269
newOrder,21845,0,272,1693320277
newOrder,22037,1,272,1693320277
cancel,22037,,,1693320440
newOrder,21743,0,274,1693320451
newOrder,21947,1,274,1693320451
cancel,21947,,,1693320513
newOrder,21634,0,275,1693320524
newOrder,21852,1,275,1693320524
cancel,21634,,,1693320533
cancel,21852,,,1693320533
cancel,21690,,,1693320635
newOrder,21591,0,277,1693320648
newOrder,21736,1,277,1693320648
cancel,21591,,,1693320735
newOrder,21656,0,276,1693320743
newOrder,21816,1,276,1693320743
cancel,21816,,,1693320755
newOrder,21569,0,277,1693320765
newOrder,21743,1,277,1693320765
cancel,21743,,,1693320869
newOrder,21475,0,278,1693320878
newOrder,21663,1,278,1693320878
cancel,21475,,,1693321029
newOrder,21561,0,277,1693321035
newOrder,21765,1,277,1693321035
cancel,21561,,,1693321133
cancel,21765,,,1693321133
newOrder,21637,0,276,1693321150
newOrder,21782,1,276,1693321150
cancel,21637,,,1693321429
newOrder,21595,0,277,1693321522
newOrder,21740,1,277,1693321522
cancel,21740,,,1693321653
newOrder,21515,0,278,1693321664
newOrder,21675,1,278,1693321664
cancel,21515,,,1693321732
cancel,21675,,,1693321732
newOrder,21580,0,277,1693321755
newOrder,21725,1,277,1693321755
cancel,21725,,,1693322334
newOrder,21308,0,281,1693322398
newOrder,21452,1,281,1693322398
cancel,21308,,,1693322934
cancel,21452,,,1693322934
newOrder,21355,0,280,1693322958
newOrder,21499,1,280,1693322958
cancel,21355,,,1693323535
newOrder,21418,0,279,1693323631
newOrder,21562,1,279,1693323631
cancel,21562,,,1693323663
newOrder,21339,0,280,1693323671
newOrder,21497,1,280,1693323671
cancel,21339,,,1693323714
newOrder,21411,0,279,1693323723
newOrder,21583,1,279,1693323723
cancel,21411,,,1693324134
cancel,21583,,,1693324134
newOrder,21330,0,280,1693324206
newOrder,21473,1,280,1693324206
cancel,21473,,,1693324733
newOrder,21218,0,282,1693324774
newOrder,21361,1,282,1693324774
newOrder,21200,0,282,1693325359
newOrder,21342,1,282,1693325359
cancel,21200,,,1693325934
newOrder,21367,0,280,1693325967
newOrder,21510,1,280,1693325967
cancel,21367,,,1693326533
cancel,21758,,,1693326562
cancel,21688,,,1693326591
newOrder,21616,0,276,1693326600
newOrder,21761,1,276,1693326600
cancel,21761,,,1693326934
newOrder,21536,0,278,1693326941
newOrder,21696,1,278,1693326941
cancel,21536,,,1693327134
cancel,21696,,,1693327134
newOrder,21521,0,278,1693327158
newOrder,21666,1,278,1693327158
cancel,21521,,,1693327735
cancel,21633,,,1693327764
newOrder,21539,0,278,1693327774
newOrder,21684,1,278,1693327774
cancel,21539,,,1693328333
newOrder,21621,0,276,1693328404
newOrder,21767,1,276,1693328404
cancel,21767,,,1693328652
newOrder,21541,0,278,1693328658
newOrder,21701,1,278,1693328658
cancel,21541,,,1693328934
cancel,21701,,,1693328934
newOrder,21570,0,277,1693328948
newOrder,21715,1,277,1693328948
cancel,21570,,,1693329533
cancel,21715,,,1693329533
newOrder,21623,0,276,1693329585
newOrder,21769,1,276,1693329585
cancel,21623,,,1693329721
newOrder,21689,0,275,1693329728
newOrder,21849,1,275,1693329728
cancel,21689,,,1693330134
cancel,21849,,,1693330134
newOrder,21707,0,275,1693330158
newOrder,21853,1,275,1693330158
cancel,21707,,,1693330734
cancel,21873,,,1693330758
newOrder,21770,0,274,1693330833
newOrder,21916,1,274,1693330833
cancel,21916,,,1693331171
newOrder,21690,0,275,1693331177
newOrder,21850,1,275,1693331177
cancel,21690,,,1693331334
cancel,21850,,,1693331334
newOrder,21627,0,276,1693331383
newOrder,21773,1,276,1693331383
cancel,21627,,,1693331934
cancel,21773,,,1693331934
newOrder,21598,0,277,1693331960
newOrder,21743,1,277,1693331960
cancel,21598,,,1693332534
newOrder,21695,0,275,1693332574
newOrder,21841,1,275,1693332574
cancel,21695,,,1693332993
cancel,21841,,,1693332993
newOrder,21676,0,276,1693333061
newOrder,21822,1,276,1693333061
cancel,21676,,,1693333134
cancel,21822,,,1693333134
newOrder,21629,0,277,1693333161
newOrder,21775,1,277,1693333161
cancel,21629,,,1693333734
cancel,21775,,,1693333734
newOrder,21601,0,277,1693333836
newOrder,21746,1,277,1693333836
cancel,21746,,,1693334307
newOrder,21521,0,279,1693334313
newOrder,21681,1,279,1693334313
cancel,21521,,,1693334335
cancel,21681,,,1693334335
newOrder,21547,0,278,1693334349
newOrder,21692,1,278,1693334349
cancel,21547,,,1693334613
newOrder,21605,0,278,1693334628
newOrder,21750,1,278,1693334628
cancel,21605,,,1693334933
cancel,21750,,,1693334933
newOrder,21580,0,278,1693335021
newOrder,21725,1,278,1693335021
cancel,21580,,,1693335522
cancel,21725,,,1693335522
newOrder,21528,0,279,1693335545
newOrder,21672,1,279,1693335545
cancel,21528,,,1693335549
cancel,21672,,,1693335549
newOrder,21528,0,279,1693335567
newOrder,21673,1,279,1693335567
cancel,21673,,,1693336132
newOrder,21568,0,278,1693336157
newOrder,21712,1,278,1693336157
cancel,21568,,,1693336734
cancel,21712,,,1693336734
newOrder,21578,0,278,1693336764
newOrder,21723,1,278,1693336764
cancel,21723,,,1693337348
cancel,21723,,,1693337348