side,price,qty,time
sell,22.706,0.014,2023-02-26T13:35:38.000Z
sell,22.705,0.004,2023-02-26T13:35:56.000Z
sell,22.688,0.012,2023-02-26T13:41:05.000Z
sell,22.738,0.01,2023-02-26T13:45:37.000Z
sell,22.745,0.006,2023-02-26T13:45:56.000Z
sell,22.745,0.004,2023-02-26T13:46:15.000Z
sell,22.812,0.048,2023-02-26T14:05:38.000Z
sell,22.919,0.078,2023-02-26T14:49:03.000Z
sell,22.878,0.007,2023-02-26T15:15:37.000Z
sell,22.884,0.005,2023-02-26T15:15:54.000Z
sell,22.906,0.018,2023-02-26T15:45:39.000Z
sell,22.9,0.011,2023-02-26T16:05:36.000Z
sell,22.768,0.024,2023-02-26T17:45:39.000Z
sell,22.866,0.076,2023-02-26T17:55:35.000Z
sell,22.87,0.006,2023-02-26T18:05:37.000Z
sell,22.906,0.026,2023-02-26T18:15:39.000Z
sell,23.009,0.08,2023-02-26T18:41:47.000Z
sell,23.214,0.159,2023-02-26T18:45:42.000Z
sell,23.223,0.009,2023-02-26T18:46:16.000Z
sell,23.292,0.045,2023-02-26T18:55:38.000Z
sell,23.357,0.066,2023-02-26T19:55:39.000Z
sell,23.397,0.005,2023-02-26T20:05:39.000Z
sell,23.413,0.027,2023-02-26T20:06:01.000Z
sell,23.371,0.006,2023-02-26T20:25:37.000Z
sell,23.463,0.055,2023-02-26T20:35:35.000Z
sell,23.468,0.012,2023-02-26T20:35:51.000Z
sell,23.485,0.007,2023-02-26T20:36:17.000Z
sell,23.49,0.004,2023-02-26T20:36:47.000Z
sell,23.085,0.081,2023-02-26T22:44:21.000Z
sell,23.007,0.012,2023-02-26T22:55:36.000Z
sell,23.138,0.082,2023-02-26T23:04:42.000Z
sell,23.153,0.018,2023-02-26T23:05:43.000Z
sell,23.186,0.036,2023-02-26T23:06:11.000Z
sell,23.263,0.031,2023-02-26T23:35:46.000Z
sell,23.268,0.004,2023-02-26T23:36:13.000Z
sell,23.258,0.008,2023-02-26T23:56:08.000Z
sell,23.115,0.009,2023-02-27T00:35:37.000Z
sell,23.115,0.017,2023-02-27T00:35:51.000Z
sell,23.118,10.003,2023-02-27T02:30:39.000Z
buy,22.849,0.005,2023-02-26T14:25:37.000Z
buy,22.852,0.007,2023-02-26T14:26:06.000Z
buy,22.799,0.032,2023-02-26T14:35:36.000Z
buy,22.863,0.015,2023-02-26T14:55:39.000Z
buy,22.873,0.015,2023-02-26T14:56:17.000Z
buy,22.873,0.004,2023-02-26T14:56:39.000Z
buy,22.855,0.006,2023-02-26T15:05:40.000Z
buy,22.855,0.005,2023-02-26T15:06:13.000Z
buy,22.847,0.006,2023-02-26T15:35:36.000Z
buy,22.854,0.08,2023-02-26T16:30:48.000Z
buy,22.802,0.025,2023-02-26T17:05:39.000Z
buy,22.794,0.005,2023-02-26T17:05:53.000Z
buy,22.774,0.015,2023-02-26T17:15:40.000Z
buy,22.713,0.046,2023-02-26T17:25:41.000Z
buy,22.704,0.005,2023-02-26T17:25:56.000Z
buy,22.714,0.004,2023-02-26T17:35:39.000Z
buy,22.717,0.007,2023-02-26T17:36:08.000Z
buy,22.899,0.01,2023-02-26T18:25:37.000Z
buy,23.172,0.061,2023-02-26T19:05:34.000Z
buy,23.178,0.009,2023-02-26T19:06:01.000Z
buy,23.163,0.006,2023-02-26T19:06:18.000Z
buy,23.071,0.083,2023-02-26T19:09:48.000Z
buy,23.361,0.018,2023-02-26T20:15:35.000Z
buy,23.357,0.026,2023-02-26T20:16:03.000Z
buy,23.437,0.008,2023-02-26T20:55:37.000Z
buy,23.362,0.064,2023-02-26T21:05:38.000Z
buy,23.348,0.012,2023-02-26T21:25:36.000Z
buy,23.339,0.006,2023-02-26T21:25:52.000Z
buy,23.348,0.009,2023-02-26T21:26:21.000Z
buy,23.302,0.02,2023-02-26T21:35:36.000Z
buy,23.292,0.006,2023-02-26T21:45:37.000Z
buy,23.276,0.011,2023-02-26T21:55:48.000Z
buy,23.252,0.024,2023-02-26T22:05:38.000Z
buy,23.215,0.024,2023-02-26T22:15:41.000Z
buy,23.102,0.083,2023-02-26T22:20:45.000Z
buy,23.039,0.048,2023-02-26T22:25:35.000Z
buy,22.971,0.058,2023-02-26T22:35:36.000Z
buy,22.971,0.005,2023-02-26T22:35:51.000Z
buy,22.991,0.082,2023-02-26T22:51:27.000Z
buy,23.186,0.006,2023-02-26T23:15:35.000Z
buy,23.247,0.008,2023-02-26T23:55:38.000Z
buy,23.169,0.026,2023-02-27T00:05:37.000Z
buy,23.166,0.012,2023-02-27T00:05:52.000Z
buy,23.118,0.029,2023-02-27T00:15:40.000Z
buy,23.128,0.01,2023-02-27T00:15:57.000Z
buy,23.14,0.005,2023-02-27T00:16:12.000Z
buy,23.068,0.039,2023-02-27T00:25:37.000Z
buy,23.059,0.009,2023-02-27T00:25:53.000Z
buy,23.053,0.024,2023-02-27T01:05:38.000Z
buy,23.053,0.007,2023-02-27T01:05:54.000Z
buy,23.051,0.012,2023-02-27T01:25:35.000Z
buy,23.046,0.01,2023-02-27T01:55:39.000Z
buy,23.123,0.006,2023-02-27T02:15:36.000Z
buy,23.11,0.147,2023-02-27T02:30:20.000Z
buy,23.115,2.3529999999999998,2023-02-27T02:30:20.000Z
buy,23.115,0.969,2023-02-27T02:30:20.000Z
buy,23.121,1.532,2023-02-27T02:30:20.000Z
buy,23.121,2.501,2023-02-27T02:30:20.000Z
buy,23.121,2.501,2023-02-27T02:30:21.000Z
buy,23.121,2.501,2023-02-27T02:30:21.000Z
buy,23.019,0.001,2023-02-27T02:54:13.000Z
buy,23.032,0.001,2023-02-27T03:39:32.000Z
buy,22.996,0.001,2023-02-27T04:09:36.000Z
buy,22.976,0.001,2023-02-27T04:56:09.000Z
buy,23.001,0.001,2023-02-27T05:36:10.000Z
buy,22.85,0.001,2023-02-27T05:56:08.000Z
buy,22.865,0.001,2023-02-27T06:26:08.000Z
buy,22.882,0.001,2023-02-27T07:06:09.000Z
buy,22.989,0.001,2023-02-27T07:36:10.000Z
buy,22.919,0.001,2023-02-27T08:06:09.000Z
buy,22.789,0.001,2023-02-27T08:36:38.000Z
buy,22.731,0.001,2023-02-27T09:06:06.000Z
buy,22.757,0.001,2023-02-27T09:26:07.000Z
buy,22.781,0.001,2023-02-27T09:56:08.000Z
buy,22.753,0.001,2023-02-27T10:26:07.000Z
buy,22.738,0.001,2023-02-27T10:56:08.000Z
buy,22.797,0.001,2023-02-27T11:26:10.000Z
buy,22.77,0.001,2023-02-27T11:56:09.000Z
buy,22.729,0.001,2023-02-27T12:16:06.000Z
buy,22.75,0.001,2023-02-27T12:46:09.000Z
buy,22.799,0.001,2023-02-27T13:06:38.000Z
sell,23.1840487433007,0.077951225000000000,2023-02-27T02:05:40.000Z
sell,23.047887412469805,0.012855278000000000,2023-02-27T01:56:12.000Z
sell,23.426800376464477,0.012941460000000000,2023-02-26T20:06:20.000Z
sell,23.290331647594737,0.021474662000000000,2023-02-26T19:35:56.000Z
sell,23.249294770886237,0.052071730000000000,2023-02-26T19:25:39.000Z
sell,23.18213412497571,0.065539695000000000,2023-02-26T19:15:37.000Z
sell,23.28908515274484,0.005179422000000000,2023-02-26T18:55:57.000Z
sell,22.88441276353929,0.004643947000000000,2023-02-26T18:35:38.000Z
sell,23.001234411542864,0.008164214000000000,2023-02-26T16:25:39.000Z
sell,22.955053799715945,0.021508292000000000,2023-02-26T16:15:45.000Z
sell,22.877380795343498,0.052277488000000000,2023-02-26T14:15:44.000Z